<!DOCTYPE html>
<meta charset="utf-8" />
<meta name="viewport" content="width=device-width" />

<title>[Gen 3] OU: Fakes vs. Amir - Replays - Pok&eacute;mon Showdown!</title>

<meta name="description" content="Watch a replay of a Pok&eacute;mon battle between Fakes and Amir! Format: [Gen 3] OU; Date: Nov 7, 2024" />
<!--

Hey, you! Looking in the source for the replay log?

You can find them in JSON format, just add `.json` at the end of a replay URL.

https://replay.pokemonshowdown.com/gen7randomdoublesbattle-865046831.json

Or, if you only need the log itself, add `.log` instead:

https://replay.pokemonshowdown.com/gen7randomdoublesbattle-865046831.log

-->

<link rel="stylesheet" href="//pokemonshowdown.com/style/global.css?0.023195364461161105" />
<link rel="stylesheet" href="//play.pokemonshowdown.com/style/font-awesome.css?0.13261647063804238" />
<link rel="stylesheet" href="//play.pokemonshowdown.com/style/battle.css?0.8753245789963631" />
<link rel="stylesheet" href="//play.pokemonshowdown.com/style/utilichart.css?0.8627959624976733" />

<!-- Global site tag (gtag.js) - Google Analytics -->
<script async src="https://www.googletagmanager.com/gtag/js?id=UA-26211653-1"></script>
<script>
  window.dataLayer = window.dataLayer || [];
  function gtag(){dataLayer.push(arguments);}
  gtag('js', new Date());

  gtag('config', 'UA-26211653-1');
</script>
<!-- End Google Analytics -->
<!-- Venatus Ad Manager - Install in <HEAD> of page -->
	<script src="https://hb.vntsm.com/v3/live/ad-manager.min.js" type="text/javascript" data-site-id="642aba63ec9a7b11c3c9c1be" data-mode="scan" async></script>
<!-- / Venatus Ad Manager -->

<style>
	@media (max-width:820px) {
		.battle {
			margin: 0 auto;
		}
		.battle-log {
			margin: 7px auto 0;
			max-width: 640px;
			height: 300px;
			position: static;
		}
	}
	.optgroup {
		display: inline-block;
		line-height: 22px;
		font-size: 10pt;
	}
	.optgroup .button {
		height: 25px;
		padding-top: 0;
		padding-bottom: 0;
	}
	.optgroup button.button {
		padding-left: 12px;
		padding-right: 12px;
	}
	.linklist {
		list-style: none;
		margin: 0.5em 0;
		padding: 0;
	}
	.linklist li {
		padding: 2px 0;
	}
	.sidebar {
		float: left;
		width: 320px;
	}
	.bar-wrapper {
		max-width: 1100px;
		margin: 0 auto;
	}
	.bar-wrapper.has-sidebar {
		max-width: 1430px;
	}
	.mainbar {
		margin: 0;
		padding-right: 1px;
	}
	.mainbar.has-sidebar {
		margin-left: 330px;
	}
	@media (min-width: 1511px) {
		.sidebar {
			width: 400px;
		}
		.bar-wrapper.has-sidebar {
			max-width: 1510px;
		}
		.mainbar.has-sidebar {
			margin-left: 410px;
		}
	}
	.section.first-section {
		margin-top: 9px;
	}
	.blocklink small {
		white-space: normal;
	}
	.button {
		vertical-align: middle;
	}
	.replay-controls {
		padding-top: 10px;
	}
	.replay-controls h1 {
		font-size: 16pt;
		font-weight: normal;
		color: #CCC;
	}
	.pagelink {
		text-align: center;
	}
	.pagelink a {
		width: 150px;
	}
	.textbox, .button {
		font-size: 11pt;
		vertical-align: middle;
	}
	@media (max-width: 450px) {
		.button {
			font-size: 9pt;
		}
	}
</style>

<div>

	<header>
		<div class="nav-wrapper"><ul class="nav">
			<li><a class="button nav-first" href="//pokemonshowdown.com/"><img src="//pokemonshowdown.com/images/pokemonshowdownbeta.png" srcset="//pokemonshowdown.com/images/pokemonshowdownbeta.png 1x, //pokemonshowdown.com/images/pokemonshowdownbeta@2x.png 2x" alt="Pok&eacute;mon Showdown" width="146" height="44" /> Home</a></li>
			<li><a class="button" href="//pokemonshowdown.com/dex/">Pok&eacute;dex</a></li>
			<li><a class="button cur" href="/">Replays</a></li>
			<li><a class="button" href="//pokemonshowdown.com/ladder/">Ladder</a></li>
			<li><a class="button nav-last" href="//pokemonshowdown.com/forums/">Forum</a></li>
			<li><a class="button greenbutton nav-first nav-last" href="//play.pokemonshowdown.com/">Play</a></li>
		</ul></div>
	</header>

	<div class="main" id="main">

		<noscript><section class="section">You need to enable JavaScript to use this page; sorry!</section></noscript>

	</div>

</div>

<script defer nomodule src="//play.pokemonshowdown.com/js/lib/ps-polyfill.js"></script>
<script defer src="//play.pokemonshowdown.com/js/lib/preact.min.js"></script>

<script defer src="//play.pokemonshowdown.com/config/config.js?2bddbc15"></script>
<script defer src="//play.pokemonshowdown.com/js/lib/jquery-1.11.0.min.js"></script>
<script defer src="//play.pokemonshowdown.com/js/lib/html-sanitizer-minified.js"></script>
<script defer src="//play.pokemonshowdown.com/js/battle-sound.js"></script>
<script defer src="//play.pokemonshowdown.com/js/battledata.js?0.7209276989879541"></script>
<script defer src="//play.pokemonshowdown.com/data/pokedex-mini.js?0.6111056340867951"></script>
<script defer src="//play.pokemonshowdown.com/data/pokedex-mini-bw.js?0.3532142036491459"></script>
<script defer src="//play.pokemonshowdown.com/data/graphics.js?0.24223875632456182"></script>
<script defer src="//play.pokemonshowdown.com/data/pokedex.js?0.38839984266356864"></script>
<script defer src="//play.pokemonshowdown.com/data/moves.js?0.21866028504024015"></script>
<script defer src="//play.pokemonshowdown.com/data/abilities.js?0.2005157953846628"></script>
<script defer src="//play.pokemonshowdown.com/data/items.js?0.9894211263848525"></script>
<script defer src="//play.pokemonshowdown.com/data/teambuilder-tables.js?0.6008791140282215"></script>
<script defer src="//play.pokemonshowdown.com/js/battle-tooltips.js?0.7580118955022959"></script>
<script defer src="//play.pokemonshowdown.com/js/battle.js?0.6057722274234274"></script>

<script defer src="js/utils.js?e31f9a17"></script>
<script defer src="js/replays-battle.js?7008c182"></script>

<!-- don't scrape this data! just add .json or .log after the URL!
Full API docs: https://github.com/smogon/pokemon-showdown-client/blob/master/WEB-API.md -->
<script type="text/plain" class="log" id="replaylog-smogtours-gen3ou-805120">
|inactive|Battle timer is ON: inactive players will automatically lose when time's up.
|t:|1731006776
|gametype|singles
|player|p1|Fakes|lucas|
|player|p2|Amir|acetrainerf-gen4dp|
|teamsize|p1|6
|teamsize|p2|6
|gen|3
|tier|[Gen 3] OU
|rule|Sleep Clause Mod: Limit one foe put to sleep
|rule|Switch Priority Clause Mod: Faster Pokémon switch first
|rule|Species Clause: Limit one of each Pokémon
|rule|OHKO Clause: OHKO moves are banned
|rule|Evasion Items Clause: Evasion items are banned
|rule|Evasion Moves Clause: Evasion moves are banned
|rule|Endless Battle Clause: Forcing endless battles is banned
|rule|HP Percentage Mod: HP is shown in percentages
|rule|One Boost Passer Clause: Limit one Baton Passer that has a way to boost its stats
|rule|Freeze Clause Mod: Limit one foe frozen
|
|t:|1731006776
|start
|switch|p1a: Suicune|Suicune|100/100
|switch|p2a: Zapdos|Zapdos|100/100
|turn|1
|
|t:|1731006802
|switch|p1a: Celebi|Celebi|100/100
|move|p2a: Zapdos|Thunderbolt|p1a: Celebi
|-resisted|p1a: Celebi
|-damage|p1a: Celebi|80/100
|
|-heal|p1a: Celebi|86/100|[from] item: Leftovers
|upkeep
|turn|2
|
|t:|1731006825
|move|p2a: Zapdos|Baton Pass|p2a: Zapdos
|
|t:|1731006827
|switch|p2a: Skarmory|Skarmory, F|100/100|[from] Baton Pass
|move|p1a: Celebi|Leech Seed|p2a: Skarmory
|-start|p2a: Skarmory|move: Leech Seed
|
|-heal|p1a: Celebi|92/100|[from] item: Leftovers
|-damage|p2a: Skarmory|88/100|[from] Leech Seed|[of] p1a: Celebi
|-heal|p1a: Celebi|100/100|[silent]
|upkeep
|turn|3
|
|t:|1731006833
|move|p1a: Celebi|Psychic|p2a: Skarmory
|-resisted|p2a: Skarmory
|-damage|p2a: Skarmory|72/100
|move|p2a: Skarmory|Spikes|p1a: Celebi
|-sidestart|p1: Fakes|Spikes
|
|-heal|p2a: Skarmory|78/100|[from] item: Leftovers
|-damage|p2a: Skarmory|66/100|[from] Leech Seed|[of] p1a: Celebi
|upkeep
|turn|4
|
|t:|1731006846
|switch|p2a: Tyranitar|Tyranitar, F|100/100
|-weather|Sandstorm|[from] ability: Sand Stream|[of] p2a: Tyranitar
|move|p1a: Celebi|Psychic|p2a: Tyranitar
|-immune|p2a: Tyranitar
|
|-weather|Sandstorm|[upkeep]
|-damage|p1a: Celebi|94/100|[from] Sandstorm
|-heal|p1a: Celebi|100/100|[from] item: Leftovers
|upkeep
|turn|5
|
|t:|1731006859
|switch|p1a: Suicune|Suicune|100/100
|-damage|p1a: Suicune|88/100|[from] Spikes
|switch|p2a: Skarmory|Skarmory, F|66/100
|
|-weather|Sandstorm|[upkeep]
|-damage|p1a: Suicune|82/100|[from] Sandstorm
|-heal|p1a: Suicune|88/100|[from] item: Leftovers
|-heal|p2a: Skarmory|72/100|[from] item: Leftovers
|upkeep
|turn|6
|
|t:|1731006871
|move|p1a: Suicune|Surf|p2a: Skarmory
|-damage|p2a: Skarmory|40/100
|move|p2a: Skarmory|Spikes|p1a: Suicune
|-sidestart|p1: Fakes|Spikes
|
|-weather|Sandstorm|[upkeep]
|-damage|p1a: Suicune|82/100|[from] Sandstorm
|-heal|p1a: Suicune|88/100|[from] item: Leftovers
|-heal|p2a: Skarmory|46/100|[from] item: Leftovers
|upkeep
|turn|7
|
|t:|1731006875
|move|p1a: Suicune|Surf|p2a: Skarmory
|-damage|p2a: Skarmory|13/100
|move|p2a: Skarmory|Roar|p1a: Suicune
|drag|p1a: Celebi|Celebi|100/100
|-damage|p1a: Celebi|84/100|[from] Spikes
|
|-weather|Sandstorm|[upkeep]
|-damage|p1a: Celebi|78/100|[from] Sandstorm
|-heal|p1a: Celebi|84/100|[from] item: Leftovers
|-heal|p2a: Skarmory|19/100|[from] item: Leftovers
|upkeep
|turn|8
|
|t:|1731006885
|switch|p2a: Tyranitar|Tyranitar, F|100/100
|move|p1a: Celebi|Leech Seed|p2a: Tyranitar
|-start|p2a: Tyranitar|move: Leech Seed
|
|-weather|Sandstorm|[upkeep]
|-damage|p1a: Celebi|78/100|[from] Sandstorm
|-heal|p1a: Celebi|84/100|[from] item: Leftovers
|-damage|p2a: Tyranitar|88/100|[from] Leech Seed|[of] p1a: Celebi
|-heal|p1a: Celebi|96/100|[silent]
|upkeep
|turn|9
|
|t:|1731006895
|-singleturn|p2a: Tyranitar|move: Focus Punch
|switch|p1a: Suicune|Suicune|88/100
|-damage|p1a: Suicune|72/100|[from] Spikes
|move|p2a: Tyranitar|Focus Punch|p1a: Suicune
|-damage|p1a: Suicune|39/100
|
|-weather|Sandstorm|[upkeep]
|-damage|p1a: Suicune|33/100|[from] Sandstorm
|-heal|p1a: Suicune|39/100|[from] item: Leftovers
|-heal|p2a: Tyranitar|94/100|[from] item: Leftovers
|-damage|p2a: Tyranitar|82/100|[from] Leech Seed|[of] p1a: Suicune
|-heal|p1a: Suicune|51/100|[silent]
|upkeep
|turn|10
|
|t:|1731006919
|switch|p2a: Zapdos|Zapdos|100/100
|move|p1a: Suicune|Surf|p2a: Zapdos
|-damage|p2a: Zapdos|71/100
|
|-weather|Sandstorm|[upkeep]
|-damage|p2a: Zapdos|65/100|[from] Sandstorm
|-damage|p1a: Suicune|45/100|[from] Sandstorm
|-heal|p2a: Zapdos|71/100|[from] item: Leftovers
|-heal|p1a: Suicune|51/100|[from] item: Leftovers
|upkeep
|turn|11
|
|t:|1731006924
|switch|p1a: Claydol|Claydol|100/100
|move|p2a: Zapdos|Thunderbolt|p1a: Claydol
|-immune|p1a: Claydol
|
|-weather|Sandstorm|[upkeep]
|-damage|p2a: Zapdos|65/100|[from] Sandstorm
|-heal|p2a: Zapdos|71/100|[from] item: Leftovers
|upkeep
|turn|12
|
|t:|1731006927
|move|p2a: Zapdos|Hidden Power|p1a: Claydol
|-supereffective|p1a: Claydol
|-damage|p1a: Claydol|52/100
|move|p1a: Claydol|Psychic|p2a: Zapdos
|-damage|p2a: Zapdos|49/100
|
|-weather|Sandstorm|[upkeep]
|-damage|p2a: Zapdos|43/100|[from] Sandstorm
|-heal|p2a: Zapdos|49/100|[from] item: Leftovers
|-heal|p1a: Claydol|58/100|[from] item: Leftovers
|upkeep
|turn|13
|
|t:|1731006934
|move|p2a: Zapdos|Hidden Power|p1a: Claydol
|-supereffective|p1a: Claydol
|-damage|p1a: Claydol|15/100
|move|p1a: Claydol|Rapid Spin|p2a: Zapdos
|-damage|p2a: Zapdos|45/100
|-sideend|p1: Fakes|Spikes|[from] move: Rapid Spin|[of] p1a: Claydol
|
|-weather|Sandstorm|[upkeep]
|-damage|p2a: Zapdos|39/100|[from] Sandstorm
|-heal|p2a: Zapdos|45/100|[from] item: Leftovers
|-heal|p1a: Claydol|21/100|[from] item: Leftovers
|upkeep
|turn|14
|
|t:|1731006942
|switch|p1a: Celebi|Celebi|96/100
|move|p2a: Zapdos|Baton Pass|p2a: Zapdos
|
|t:|1731006944
|switch|p2a: Skarmory|Skarmory, F|19/100|[from] Baton Pass
|
|-weather|Sandstorm|[upkeep]
|-damage|p1a: Celebi|90/100|[from] Sandstorm
|-heal|p1a: Celebi|96/100|[from] item: Leftovers
|-heal|p2a: Skarmory|25/100|[from] item: Leftovers
|upkeep
|turn|15
|
|t:|1731006947
|move|p1a: Celebi|Psychic|p2a: Skarmory
|-resisted|p2a: Skarmory
|-damage|p2a: Skarmory|9/100
|move|p2a: Skarmory|Toxic|p1a: Celebi
|-status|p1a: Celebi|tox
|
|-weather|Sandstorm|[upkeep]
|-damage|p1a: Celebi|90/100 tox|[from] Sandstorm
|-heal|p1a: Celebi|96/100 tox|[from] item: Leftovers
|-damage|p1a: Celebi|90/100 tox|[from] psn
|-heal|p2a: Skarmory|15/100|[from] item: Leftovers
|upkeep
|turn|16
|
|t:|1731006954
|-curestatus|p1a: Celebi|tox|[from] ability: Natural Cure
|switch|p1a: Suicune|Suicune|51/100
|move|p2a: Skarmory|Spikes|p1a: Suicune
|-sidestart|p1: Fakes|Spikes
|
|-weather|Sandstorm|[upkeep]
|-damage|p1a: Suicune|45/100|[from] Sandstorm
|-heal|p1a: Suicune|51/100|[from] item: Leftovers
|-heal|p2a: Skarmory|21/100|[from] item: Leftovers
|upkeep
|turn|17
|
|t:|1731006966
|move|p1a: Suicune|Surf|p2a: Skarmory
|-damage|p2a: Skarmory|0 fnt
|faint|p2a: Skarmory
|
|t:|1731006969
|switch|p2a: Zapdos|Zapdos|45/100
|
|-weather|Sandstorm|[upkeep]
|-damage|p2a: Zapdos|39/100|[from] Sandstorm
|-damage|p1a: Suicune|45/100|[from] Sandstorm
|-heal|p2a: Zapdos|45/100|[from] item: Leftovers
|-heal|p1a: Suicune|51/100|[from] item: Leftovers
|upkeep
|turn|18
|c|☆Fakes|interesting spike to say the least
|
|t:|1731006973
|switch|p1a: Celebi|Celebi|90/100
|-damage|p1a: Celebi|78/100|[from] Spikes
|move|p2a: Zapdos|Thunderbolt|p1a: Celebi
|-resisted|p1a: Celebi
|-damage|p1a: Celebi|59/100
|
|-weather|Sandstorm|[upkeep]
|-damage|p2a: Zapdos|39/100|[from] Sandstorm
|-damage|p1a: Celebi|53/100|[from] Sandstorm
|-heal|p2a: Zapdos|45/100|[from] item: Leftovers
|-heal|p1a: Celebi|59/100|[from] item: Leftovers
|upkeep
|turn|19
|
|t:|1731006987
|move|p2a: Zapdos|Thunderbolt|p1a: Celebi
|-resisted|p1a: Celebi
|-damage|p1a: Celebi|38/100
|move|p1a: Celebi|Recover|p1a: Celebi
|-heal|p1a: Celebi|88/100
|
|-weather|Sandstorm|[upkeep]
|-damage|p2a: Zapdos|39/100|[from] Sandstorm
|-damage|p1a: Celebi|82/100|[from] Sandstorm
|-heal|p2a: Zapdos|45/100|[from] item: Leftovers
|-heal|p1a: Celebi|88/100|[from] item: Leftovers
|upkeep
|turn|20
|
|t:|1731006992
|move|p2a: Zapdos|Baton Pass|p2a: Zapdos
|
|t:|1731006994
|switch|p2a: Tyranitar|Tyranitar, F|82/100|[from] Baton Pass
|move|p1a: Celebi|Leech Seed|p2a: Tyranitar
|-start|p2a: Tyranitar|move: Leech Seed
|
|-weather|Sandstorm|[upkeep]
|-damage|p1a: Celebi|82/100|[from] Sandstorm
|-heal|p1a: Celebi|88/100|[from] item: Leftovers
|-heal|p2a: Tyranitar|88/100|[from] item: Leftovers
|-damage|p2a: Tyranitar|76/100|[from] Leech Seed|[of] p1a: Celebi
|-heal|p1a: Celebi|100/100|[silent]
|upkeep
|turn|21
|
|t:|1731006997
|switch|p1a: Porygon2|Porygon2|100/100
|-damage|p1a: Porygon2|88/100|[from] Spikes
|-ability|p1a: Porygon2|Sand Stream|[from] ability: Trace|[of] p2a: Tyranitar
|switch|p2a: Zapdos|Zapdos|45/100
|
|-weather|Sandstorm|[upkeep]
|-damage|p2a: Zapdos|39/100|[from] Sandstorm
|-damage|p1a: Porygon2|82/100|[from] Sandstorm
|-heal|p2a: Zapdos|45/100|[from] item: Leftovers
|-heal|p1a: Porygon2|88/100|[from] item: Leftovers
|upkeep
|turn|22
|
|t:|1731007003
|move|p2a: Zapdos|Thunderbolt|p1a: Porygon2
|-damage|p1a: Porygon2|42/100
|move|p1a: Porygon2|Ice Beam|p2a: Zapdos
|-supereffective|p2a: Zapdos
|-damage|p2a: Zapdos|0 fnt
|faint|p2a: Zapdos
|inactive|Amir has 270 seconds left.
|
|t:|1731007061
|switch|p2a: Tyranitar|Tyranitar, F|76/100
|
|-weather|Sandstorm|[upkeep]
|-damage|p1a: Porygon2|36/100|[from] Sandstorm
|-heal|p2a: Tyranitar|82/100|[from] item: Leftovers
|-heal|p1a: Porygon2|42/100|[from] item: Leftovers
|upkeep
|turn|23
|
|t:|1731007065
|move|p2a: Tyranitar|Substitute|p2a: Tyranitar
|-start|p2a: Tyranitar|Substitute
|-damage|p2a: Tyranitar|57/100
|move|p1a: Porygon2|Ice Beam|p2a: Tyranitar
|-activate|p2a: Tyranitar|Substitute|[damage]
|
|-weather|Sandstorm|[upkeep]
|-damage|p1a: Porygon2|36/100|[from] Sandstorm
|-heal|p2a: Tyranitar|63/100|[from] item: Leftovers
|-heal|p1a: Porygon2|42/100|[from] item: Leftovers
|upkeep
|turn|24
|
|t:|1731007075
|move|p2a: Tyranitar|Rock Slide|p1a: Porygon2
|-damage|p1a: Porygon2|10/100
|move|p1a: Porygon2|Ice Beam|p2a: Tyranitar
|-end|p2a: Tyranitar|Substitute
|
|-weather|Sandstorm|[upkeep]
|-damage|p1a: Porygon2|4/100|[from] Sandstorm
|-heal|p2a: Tyranitar|69/100|[from] item: Leftovers
|-heal|p1a: Porygon2|10/100|[from] item: Leftovers
|upkeep
|turn|25
|
|t:|1731007084
|switch|p1a: Suicune|Suicune|51/100
|-damage|p1a: Suicune|39/100|[from] Spikes
|move|p2a: Tyranitar|Substitute|p2a: Tyranitar
|-start|p2a: Tyranitar|Substitute
|-damage|p2a: Tyranitar|44/100
|
|-weather|Sandstorm|[upkeep]
|-damage|p1a: Suicune|33/100|[from] Sandstorm
|-heal|p1a: Suicune|39/100|[from] item: Leftovers
|-heal|p2a: Tyranitar|50/100|[from] item: Leftovers
|upkeep
|turn|26
|
|t:|1731007089
|-singleturn|p2a: Tyranitar|move: Focus Punch
|move|p1a: Suicune|Surf|p2a: Tyranitar
|-supereffective|p2a: Tyranitar
|-end|p2a: Tyranitar|Substitute
|move|p2a: Tyranitar|Focus Punch|p1a: Suicune
|-damage|p1a: Suicune|7/100
|
|-weather|Sandstorm|[upkeep]
|-damage|p1a: Suicune|1/100|[from] Sandstorm
|-heal|p1a: Suicune|7/100|[from] item: Leftovers
|-heal|p2a: Tyranitar|57/100|[from] item: Leftovers
|upkeep
|turn|27
|inactive|Amir has 270 seconds left.
|
|t:|1731007104
|switch|p2a: Snorlax|Snorlax, F|100/100
|move|p1a: Suicune|Rest|p1a: Suicune
|-status|p1a: Suicune|slp|[from] move: Rest
|-heal|p1a: Suicune|100/100 slp|[silent]
|
|-weather|Sandstorm|[upkeep]
|-damage|p1a: Suicune|94/100 slp|[from] Sandstorm
|-damage|p2a: Snorlax|94/100|[from] Sandstorm
|-heal|p1a: Suicune|100/100 slp|[from] item: Leftovers
|-heal|p2a: Snorlax|100/100|[from] item: Leftovers
|upkeep
|turn|28
|inactive|Amir has 270 seconds left.
|
|t:|1731007130
|switch|p1a: Celebi|Celebi|100/100
|-damage|p1a: Celebi|88/100|[from] Spikes
|move|p2a: Snorlax|Curse|p2a: Snorlax
|-unboost|p2a: Snorlax|spe|1
|-boost|p2a: Snorlax|atk|1
|-boost|p2a: Snorlax|def|1
|
|-weather|Sandstorm|[upkeep]
|-damage|p1a: Celebi|82/100|[from] Sandstorm
|-damage|p2a: Snorlax|94/100|[from] Sandstorm
|-heal|p1a: Celebi|88/100|[from] item: Leftovers
|-heal|p2a: Snorlax|100/100|[from] item: Leftovers
|upkeep
|turn|29
|
|t:|1731007138
|move|p1a: Celebi|Leech Seed|p2a: Snorlax
|-start|p2a: Snorlax|move: Leech Seed
|move|p2a: Snorlax|Shadow Ball|p1a: Celebi
|-supereffective|p1a: Celebi
|-damage|p1a: Celebi|40/100
|
|-weather|Sandstorm|[upkeep]
|-damage|p1a: Celebi|34/100|[from] Sandstorm
|-damage|p2a: Snorlax|94/100|[from] Sandstorm
|-heal|p1a: Celebi|40/100|[from] item: Leftovers
|-heal|p2a: Snorlax|100/100|[from] item: Leftovers
|-damage|p2a: Snorlax|88/100|[from] Leech Seed|[of] p1a: Celebi
|-heal|p1a: Celebi|54/100|[silent]
|upkeep
|turn|30
|
|t:|1731007149
|switch|p2a: Tyranitar|Tyranitar, F|57/100
|move|p1a: Celebi|Recover|p1a: Celebi
|-heal|p1a: Celebi|100/100
|
|-weather|Sandstorm|[upkeep]
|-damage|p1a: Celebi|94/100|[from] Sandstorm
|-heal|p1a: Celebi|100/100|[from] item: Leftovers
|-heal|p2a: Tyranitar|63/100|[from] item: Leftovers
|upkeep
|turn|31
|
|t:|1731007155
|switch|p1a: Porygon2|Porygon2|10/100
|-damage|p1a: Porygon2|0 fnt|[from] Spikes
|faint|p1a: Porygon2
|
|t:|1731007157
|switch|p1a: Dugtrio|Dugtrio, F|100/100
|-damage|p1a: Dugtrio|88/100|[from] Spikes
|
|-weather|Sandstorm|[upkeep]
|-heal|p2a: Tyranitar|69/100|[from] item: Leftovers
|upkeep
|turn|32
|
|t:|1731007162
|move|p1a: Dugtrio|Earthquake|p2a: Tyranitar
|-supereffective|p2a: Tyranitar
|-damage|p2a: Tyranitar|0 fnt
|faint|p2a: Tyranitar
|
|t:|1731007165
|switch|p2a: Aerodactyl|Aerodactyl, F|100/100
|
|-weather|Sandstorm|[upkeep]
|upkeep
|turn|33
|
|t:|1731007186
|switch|p1a: Raikou|Raikou|100/100
|-damage|p1a: Raikou|88/100|[from] Spikes
|move|p2a: Aerodactyl|Substitute|p2a: Aerodactyl
|-start|p2a: Aerodactyl|Substitute
|-damage|p2a: Aerodactyl|76/100
|
|-weather|Sandstorm|[upkeep]
|-damage|p1a: Raikou|82/100|[from] Sandstorm
|-heal|p1a: Raikou|88/100|[from] item: Leftovers
|upkeep
|turn|34
|
|t:|1731007196
|move|p2a: Aerodactyl|Earthquake|p1a: Raikou
|-supereffective|p1a: Raikou
|-damage|p1a: Raikou|23/100
|move|p1a: Raikou|Thunderbolt|p2a: Aerodactyl
|-supereffective|p2a: Aerodactyl
|-end|p2a: Aerodactyl|Substitute
|
|-weather|Sandstorm|[upkeep]
|-damage|p1a: Raikou|17/100|[from] Sandstorm
|-heal|p1a: Raikou|23/100|[from] item: Leftovers
|upkeep
|turn|35
|
|t:|1731007217
|switch|p1a: Celebi|Celebi|100/100
|-damage|p1a: Celebi|88/100|[from] Spikes
|move|p2a: Aerodactyl|Earthquake|p1a: Celebi
|-resisted|p1a: Celebi
|-damage|p1a: Celebi|78/100
|
|-weather|Sandstorm|[upkeep]
|-damage|p1a: Celebi|72/100|[from] Sandstorm
|-heal|p1a: Celebi|78/100|[from] item: Leftovers
|upkeep
|turn|36
|
|t:|1731007230
|move|p2a: Aerodactyl|Hidden Power|p1a: Celebi
|-supereffective|p1a: Celebi
|-damage|p1a: Celebi|36/100
|move|p1a: Celebi|Recover|p1a: Celebi
|-heal|p1a: Celebi|86/100
|
|-weather|Sandstorm|[upkeep]
|-damage|p1a: Celebi|80/100|[from] Sandstorm
|-heal|p1a: Celebi|86/100|[from] item: Leftovers
|upkeep
|turn|37
|
|t:|1731007249
|move|p2a: Aerodactyl|Hidden Power|p1a: Celebi
|-supereffective|p1a: Celebi
|-damage|p1a: Celebi|43/100
|move|p1a: Celebi|Recover|p1a: Celebi
|-heal|p1a: Celebi|93/100
|
|-weather|Sandstorm|[upkeep]
|-damage|p1a: Celebi|87/100|[from] Sandstorm
|-heal|p1a: Celebi|93/100|[from] item: Leftovers
|upkeep
|turn|38
|
|t:|1731007255
|switch|p2a: Metagross|Metagross|100/100
|move|p1a: Celebi|Recover|p1a: Celebi
|-heal|p1a: Celebi|100/100
|
|-weather|Sandstorm|[upkeep]
|-damage|p1a: Celebi|94/100|[from] Sandstorm
|-heal|p1a: Celebi|100/100|[from] item: Leftovers
|upkeep
|turn|39
|
|t:|1731007267
|switch|p1a: Claydol|Claydol|21/100
|switch|p2a: Aerodactyl|Aerodactyl, F|76/100
|
|-weather|Sandstorm|[upkeep]
|-heal|p1a: Claydol|28/100|[from] item: Leftovers
|upkeep
|turn|40
|inactive|Fakes has 270 seconds left.
|
|t:|1731007299
|move|p2a: Aerodactyl|Hidden Power|p1a: Claydol
|-damage|p1a: Claydol|4/100
|move|p1a: Claydol|Rapid Spin|p2a: Aerodactyl
|-resisted|p2a: Aerodactyl
|-damage|p2a: Aerodactyl|73/100
|-sideend|p1: Fakes|Spikes|[from] move: Rapid Spin|[of] p1a: Claydol
|
|-weather|Sandstorm|[upkeep]
|-heal|p1a: Claydol|10/100|[from] item: Leftovers
|upkeep
|turn|41
|
|t:|1731007311
|switch|p1a: Suicune|Suicune|100/100 slp
|move|p2a: Aerodactyl|Hidden Power|p1a: Suicune
|-damage|p1a: Suicune|84/100 slp
|
|-weather|Sandstorm|[upkeep]
|-damage|p1a: Suicune|78/100 slp|[from] Sandstorm
|-heal|p1a: Suicune|84/100 slp|[from] item: Leftovers
|upkeep
|turn|42
|
|t:|1731007324
|switch|p2a: Snorlax|Snorlax, F|88/100
|cant|p1a: Suicune|slp
|
|-weather|Sandstorm|[upkeep]
|-damage|p1a: Suicune|78/100 slp|[from] Sandstorm
|-damage|p2a: Snorlax|82/100|[from] Sandstorm
|-heal|p1a: Suicune|84/100 slp|[from] item: Leftovers
|-heal|p2a: Snorlax|88/100|[from] item: Leftovers
|upkeep
|turn|43
|
|t:|1731007328
|switch|p1a: Celebi|Celebi|100/100
|move|p2a: Snorlax|Return|p1a: Celebi
|-damage|p1a: Celebi|71/100
|
|-weather|Sandstorm|[upkeep]
|-damage|p1a: Celebi|65/100|[from] Sandstorm
|-damage|p2a: Snorlax|82/100|[from] Sandstorm
|-heal|p1a: Celebi|71/100|[from] item: Leftovers
|-heal|p2a: Snorlax|88/100|[from] item: Leftovers
|upkeep
|turn|44
|
|t:|1731007339
|move|p1a: Celebi|Leech Seed|p2a: Snorlax
|-start|p2a: Snorlax|move: Leech Seed
|move|p2a: Snorlax|Curse|p2a: Snorlax
|-unboost|p2a: Snorlax|spe|1
|-boost|p2a: Snorlax|atk|1
|-boost|p2a: Snorlax|def|1
|
|-weather|Sandstorm|[upkeep]
|-damage|p1a: Celebi|65/100|[from] Sandstorm
|-damage|p2a: Snorlax|82/100|[from] Sandstorm
|-heal|p1a: Celebi|71/100|[from] item: Leftovers
|-heal|p2a: Snorlax|88/100|[from] item: Leftovers
|-damage|p2a: Snorlax|76/100|[from] Leech Seed|[of] p1a: Celebi
|-heal|p1a: Celebi|85/100|[silent]
|upkeep
|turn|45
|c|☆Fakes|https://www.youtube.com/watch?v=3rzgrP7VA_Q
|
|t:|1731007350
|move|p1a: Celebi|Psychic|p2a: Snorlax
|-damage|p2a: Snorlax|57/100
|move|p2a: Snorlax|Curse|p2a: Snorlax
|-unboost|p2a: Snorlax|spe|1
|-boost|p2a: Snorlax|atk|1
|-boost|p2a: Snorlax|def|1
|
|-weather|Sandstorm|[upkeep]
|-damage|p1a: Celebi|79/100|[from] Sandstorm
|-damage|p2a: Snorlax|51/100|[from] Sandstorm
|-heal|p1a: Celebi|85/100|[from] item: Leftovers
|-heal|p2a: Snorlax|57/100|[from] item: Leftovers
|-damage|p2a: Snorlax|45/100|[from] Leech Seed|[of] p1a: Celebi
|-heal|p1a: Celebi|99/100|[silent]
|upkeep
|turn|46
|
|t:|1731007378
|move|p1a: Celebi|Psychic|p2a: Snorlax
|-damage|p2a: Snorlax|27/100
|move|p2a: Snorlax|Shadow Ball|p1a: Celebi
|-supereffective|p1a: Celebi
|-damage|p1a: Celebi|37/100
|
|-weather|Sandstorm|[upkeep]
|-damage|p1a: Celebi|31/100|[from] Sandstorm
|-damage|p2a: Snorlax|21/100|[from] Sandstorm
|-heal|p1a: Celebi|37/100|[from] item: Leftovers
|-heal|p2a: Snorlax|27/100|[from] item: Leftovers
|-damage|p2a: Snorlax|14/100|[from] Leech Seed|[of] p1a: Celebi
|-heal|p1a: Celebi|51/100|[silent]
|upkeep
|turn|47
|
|t:|1731007387
|move|p1a: Celebi|Psychic|p2a: Snorlax
|-damage|p2a: Snorlax|0 fnt
|faint|p2a: Snorlax
|
|t:|1731007390
|switch|p2a: Aerodactyl|Aerodactyl, F|73/100
|
|-weather|Sandstorm|[upkeep]
|-damage|p1a: Celebi|45/100|[from] Sandstorm
|-heal|p1a: Celebi|51/100|[from] item: Leftovers
|upkeep
|turn|48
|
|t:|1731007395
|move|p2a: Aerodactyl|Hidden Power|p1a: Celebi
|-supereffective|p1a: Celebi
|-crit|p1a: Celebi
|-damage|p1a: Celebi|0 fnt
|faint|p1a: Celebi
|
|t:|1731007397
|switch|p1a: Suicune|Suicune|84/100 slp
|
|-weather|Sandstorm|[upkeep]
|-damage|p1a: Suicune|78/100 slp|[from] Sandstorm
|-heal|p1a: Suicune|84/100 slp|[from] item: Leftovers
|upkeep
|turn|49
|
|t:|1731007406
|switch|p2a: Metagross|Metagross|100/100
|cant|p1a: Suicune|slp
|
|-weather|Sandstorm|[upkeep]
|-damage|p1a: Suicune|78/100 slp|[from] Sandstorm
|-heal|p1a: Suicune|84/100 slp|[from] item: Leftovers
|upkeep
|turn|50
|
|t:|1731007419
|switch|p1a: Claydol|Claydol|10/100
|move|p2a: Metagross|Meteor Mash|p1a: Claydol
|-damage|p1a: Claydol|0 fnt
|faint|p1a: Claydol
|
|t:|1731007422
|switch|p1a: Raikou|Raikou|23/100
|
|-weather|Sandstorm|[upkeep]
|-damage|p1a: Raikou|17/100|[from] Sandstorm
|-heal|p1a: Raikou|23/100|[from] item: Leftovers
|upkeep
|turn|51
|
|t:|1731007426
|move|p1a: Raikou|Thunderbolt|p2a: Metagross
|-damage|p2a: Metagross|63/100
|move|p2a: Metagross|Earthquake|p1a: Raikou
|-supereffective|p1a: Raikou
|-damage|p1a: Raikou|0 fnt
|faint|p1a: Raikou
|
|t:|1731007428
|switch|p1a: Dugtrio|Dugtrio, F|88/100
|
|-weather|Sandstorm|[upkeep]
|-heal|p2a: Metagross|69/100|[from] item: Leftovers
|upkeep
|turn|52
|
|t:|1731007432
|move|p1a: Dugtrio|Earthquake|p2a: Metagross
|-supereffective|p2a: Metagross
|-damage|p2a: Metagross|0 fnt
|faint|p2a: Metagross
|
|t:|1731007435
|switch|p2a: Aerodactyl|Aerodactyl, F|73/100
|
|-weather|Sandstorm|[upkeep]
|upkeep
|turn|53
|
|t:|1731007446
|switch|p1a: Suicune|Suicune|84/100 slp
|move|p2a: Aerodactyl|Substitute|p2a: Aerodactyl
|-start|p2a: Aerodactyl|Substitute
|-damage|p2a: Aerodactyl|48/100
|
|-weather|Sandstorm|[upkeep]
|-damage|p1a: Suicune|78/100 slp|[from] Sandstorm
|-heal|p1a: Suicune|84/100 slp|[from] item: Leftovers
|upkeep
|turn|54
|
|t:|1731007451
|move|p2a: Aerodactyl|Rock Slide|p1a: Suicune
|-damage|p1a: Suicune|66/100 slp
|-curestatus|p1a: Suicune|slp|[msg]
|move|p1a: Suicune|Rest|p1a: Suicune
|-status|p1a: Suicune|slp|[from] move: Rest
|-heal|p1a: Suicune|100/100 slp|[silent]
|
|-weather|Sandstorm|[upkeep]
|-damage|p1a: Suicune|94/100 slp|[from] Sandstorm
|-heal|p1a: Suicune|100/100 slp|[from] item: Leftovers
|upkeep
|turn|55
|
|t:|1731007456
|move|p2a: Aerodactyl|Rock Slide|p1a: Suicune
|-damage|p1a: Suicune|80/100 slp
|cant|p1a: Suicune|slp
|
|-weather|Sandstorm|[upkeep]
|-damage|p1a: Suicune|74/100 slp|[from] Sandstorm
|-heal|p1a: Suicune|80/100 slp|[from] item: Leftovers
|upkeep
|turn|56
|
|t:|1731007462
|move|p2a: Aerodactyl|Hidden Power|p1a: Suicune
|-damage|p1a: Suicune|63/100 slp
|cant|p1a: Suicune|slp
|
|-weather|Sandstorm|[upkeep]
|-damage|p1a: Suicune|56/100 slp|[from] Sandstorm
|-heal|p1a: Suicune|63/100 slp|[from] item: Leftovers
|upkeep
|turn|57
|
|t:|1731007465
|move|p2a: Aerodactyl|Hidden Power|p1a: Suicune
|-damage|p1a: Suicune|45/100 slp
|-curestatus|p1a: Suicune|slp|[msg]
|move|p1a: Suicune|Rest|p1a: Suicune
|-status|p1a: Suicune|slp|[from] move: Rest
|-heal|p1a: Suicune|100/100 slp|[silent]
|
|-weather|Sandstorm|[upkeep]
|-damage|p1a: Suicune|94/100 slp|[from] Sandstorm
|-heal|p1a: Suicune|100/100 slp|[from] item: Leftovers
|upkeep
|turn|58
|
|t:|1731007471
|move|p2a: Aerodactyl|Substitute|p2a: Aerodactyl
|-fail|p2a: Aerodactyl|move: Substitute
|cant|p1a: Suicune|slp
|
|-weather|Sandstorm|[upkeep]
|-damage|p1a: Suicune|94/100 slp|[from] Sandstorm
|-heal|p1a: Suicune|100/100 slp|[from] item: Leftovers
|upkeep
|turn|59
|
|t:|1731007473
|move|p2a: Aerodactyl|Substitute|p2a: Aerodactyl
|-fail|p2a: Aerodactyl|move: Substitute
|cant|p1a: Suicune|slp
|
|-weather|Sandstorm|[upkeep]
|-damage|p1a: Suicune|94/100 slp|[from] Sandstorm
|-heal|p1a: Suicune|100/100 slp|[from] item: Leftovers
|upkeep
|turn|60
|
|t:|1731007481
|move|p2a: Aerodactyl|Substitute|p2a: Aerodactyl
|-fail|p2a: Aerodactyl|move: Substitute
|-curestatus|p1a: Suicune|slp|[msg]
|move|p1a: Suicune|Calm Mind|p1a: Suicune
|-boost|p1a: Suicune|spa|1
|-boost|p1a: Suicune|spd|1
|
|-weather|Sandstorm|[upkeep]
|-damage|p1a: Suicune|94/100|[from] Sandstorm
|-heal|p1a: Suicune|100/100|[from] item: Leftovers
|upkeep
|turn|61
|
|t:|1731007488
|move|p2a: Aerodactyl|Earthquake|p1a: Suicune
|-damage|p1a: Suicune|85/100
|move|p1a: Suicune|Calm Mind|p1a: Suicune
|-boost|p1a: Suicune|spa|1
|-boost|p1a: Suicune|spd|1
|
|-weather|Sandstorm|[upkeep]
|-damage|p1a: Suicune|79/100|[from] Sandstorm
|-heal|p1a: Suicune|85/100|[from] item: Leftovers
|upkeep
|turn|62
|
|t:|1731007494
|move|p2a: Aerodactyl|Rock Slide|p1a: Suicune
|-damage|p1a: Suicune|65/100
|move|p1a: Suicune|Calm Mind|p1a: Suicune
|-boost|p1a: Suicune|spa|1
|-boost|p1a: Suicune|spd|1
|
|-weather|Sandstorm|[upkeep]
|-damage|p1a: Suicune|59/100|[from] Sandstorm
|-heal|p1a: Suicune|65/100|[from] item: Leftovers
|upkeep
|turn|63
|
|t:|1731007498
|move|p2a: Aerodactyl|Rock Slide|p1a: Suicune
|-damage|p1a: Suicune|45/100
|cant|p1a: Suicune|flinch
|
|-weather|Sandstorm|[upkeep]
|-damage|p1a: Suicune|39/100|[from] Sandstorm
|-heal|p1a: Suicune|45/100|[from] item: Leftovers
|upkeep
|turn|64
|
|t:|1731007510
|move|p2a: Aerodactyl|Rock Slide|p1a: Suicune
|-damage|p1a: Suicune|27/100
|move|p1a: Suicune|Rest|p1a: Suicune
|-status|p1a: Suicune|slp|[from] move: Rest
|-heal|p1a: Suicune|100/100 slp|[silent]
|
|-weather|Sandstorm|[upkeep]
|-damage|p1a: Suicune|94/100 slp|[from] Sandstorm
|-heal|p1a: Suicune|100/100 slp|[from] item: Leftovers
|upkeep
|turn|65
|
|t:|1731007519
|move|p2a: Aerodactyl|Earthquake|p1a: Suicune
|-damage|p1a: Suicune|84/100 slp
|cant|p1a: Suicune|slp
|
|-weather|Sandstorm|[upkeep]
|-damage|p1a: Suicune|77/100 slp|[from] Sandstorm
|-heal|p1a: Suicune|84/100 slp|[from] item: Leftovers
|upkeep
|turn|66
|
|t:|1731007527
|move|p2a: Aerodactyl|Earthquake|p1a: Suicune
|-damage|p1a: Suicune|66/100 slp
|cant|p1a: Suicune|slp
|
|-weather|Sandstorm|[upkeep]
|-damage|p1a: Suicune|60/100 slp|[from] Sandstorm
|-heal|p1a: Suicune|66/100 slp|[from] item: Leftovers
|upkeep
|turn|67
|inactive|Fakes has 270 seconds left.
|
|t:|1731007559
|move|p2a: Aerodactyl|Earthquake|p1a: Suicune
|-damage|p1a: Suicune|49/100 slp
|-curestatus|p1a: Suicune|slp|[msg]
|move|p1a: Suicune|Rest|p1a: Suicune
|-status|p1a: Suicune|slp|[from] move: Rest
|-heal|p1a: Suicune|100/100 slp|[silent]
|
|-weather|Sandstorm|[upkeep]
|-damage|p1a: Suicune|94/100 slp|[from] Sandstorm
|-heal|p1a: Suicune|100/100 slp|[from] item: Leftovers
|upkeep
|turn|68
|
|t:|1731007565
|move|p2a: Aerodactyl|Earthquake|p1a: Suicune
|-damage|p1a: Suicune|84/100 slp
|cant|p1a: Suicune|slp
|
|-weather|Sandstorm|[upkeep]
|-damage|p1a: Suicune|78/100 slp|[from] Sandstorm
|-heal|p1a: Suicune|84/100 slp|[from] item: Leftovers
|upkeep
|turn|69
|
|t:|1731007568
|move|p2a: Aerodactyl|Earthquake|p1a: Suicune
|-crit|p1a: Suicune
|-damage|p1a: Suicune|49/100 slp
|cant|p1a: Suicune|slp
|
|-weather|Sandstorm|[upkeep]
|-damage|p1a: Suicune|43/100 slp|[from] Sandstorm
|-heal|p1a: Suicune|49/100 slp|[from] item: Leftovers
|upkeep
|turn|70
|
|t:|1731007573
|move|p2a: Aerodactyl|Rock Slide|p1a: Suicune
|-damage|p1a: Suicune|30/100 slp
|-curestatus|p1a: Suicune|slp|[msg]
|cant|p1a: Suicune|flinch
|
|-weather|Sandstorm|[upkeep]
|-damage|p1a: Suicune|24/100|[from] Sandstorm
|-heal|p1a: Suicune|30/100|[from] item: Leftovers
|upkeep
|turn|71
|
|t:|1731007580
|move|p2a: Aerodactyl|Rock Slide|p1a: Suicune
|-damage|p1a: Suicune|11/100
|cant|p1a: Suicune|flinch
|
|-weather|Sandstorm|[upkeep]
|-damage|p1a: Suicune|5/100|[from] Sandstorm
|-heal|p1a: Suicune|11/100|[from] item: Leftovers
|upkeep
|turn|72
|
|t:|1731007589
|move|p2a: Aerodactyl|Hidden Power|p1a: Suicune
|-damage|p1a: Suicune|0 fnt
|faint|p1a: Suicune
|
|t:|1731007591
|switch|p1a: Dugtrio|Dugtrio, F|88/100
|
|-weather|Sandstorm|[upkeep]
|upkeep
|turn|73
|
|t:|1731007599
|move|p2a: Aerodactyl|Hidden Power|p1a: Dugtrio
|-crit|p1a: Dugtrio
|-damage|p1a: Dugtrio|0 fnt
|faint|p1a: Dugtrio
|
|win|Amir
|c|☆Fakes|gg
|player|p1|

</script>
<script type="application/json" class="data" id="replaydata-smogtours-gen3ou-805120">
{"id":"smogtours-gen3ou-805120","format":"[Gen 3] OU","players":["Fakes","Amir"],"uploadtime":1731007599,"views":172,"formatid":"gen3ou","rating":null,"private":1,"password":null}
</script>

<script defer src="js/replays.js?9d40a366"></script>
