<!DOCTYPE html>
<meta charset="utf-8" />
<meta name="viewport" content="width=device-width" />

<title>[Gen 3] OU: luisin vs. BongMoodeus - Replays - Pok&eacute;mon Showdown!</title>

<meta name="description" content="Watch a replay of a Pok&eacute;mon battle between luisin and BongMoodeus! Format: [Gen 3] OU; Date: Oct 17, 2024" />
<!--

Hey, you! Looking in the source for the replay log?

You can find them in JSON format, just add `.json` at the end of a replay URL.

https://replay.pokemonshowdown.com/gen7randomdoublesbattle-865046831.json

Or, if you only need the log itself, add `.log` instead:

https://replay.pokemonshowdown.com/gen7randomdoublesbattle-865046831.log

-->

<link rel="stylesheet" href="//pokemonshowdown.com/style/global.css?0.023195364461161105" />
<link rel="stylesheet" href="//play.pokemonshowdown.com/style/font-awesome.css?0.13261647063804238" />
<link rel="stylesheet" href="//play.pokemonshowdown.com/style/battle.css?0.8753245789963631" />
<link rel="stylesheet" href="//play.pokemonshowdown.com/style/utilichart.css?0.8627959624976733" />

<!-- Global site tag (gtag.js) - Google Analytics -->
<script async src="https://www.googletagmanager.com/gtag/js?id=UA-26211653-1"></script>
<script>
  window.dataLayer = window.dataLayer || [];
  function gtag(){dataLayer.push(arguments);}
  gtag('js', new Date());

  gtag('config', 'UA-26211653-1');
</script>
<!-- End Google Analytics -->
<!-- Venatus Ad Manager - Install in <HEAD> of page -->
	<script src="https://hb.vntsm.com/v3/live/ad-manager.min.js" type="text/javascript" data-site-id="642aba63ec9a7b11c3c9c1be" data-mode="scan" async></script>
<!-- / Venatus Ad Manager -->

<style>
	@media (max-width:820px) {
		.battle {
			margin: 0 auto;
		}
		.battle-log {
			margin: 7px auto 0;
			max-width: 640px;
			height: 300px;
			position: static;
		}
	}
	.optgroup {
		display: inline-block;
		line-height: 22px;
		font-size: 10pt;
	}
	.optgroup .button {
		height: 25px;
		padding-top: 0;
		padding-bottom: 0;
	}
	.optgroup button.button {
		padding-left: 12px;
		padding-right: 12px;
	}
	.linklist {
		list-style: none;
		margin: 0.5em 0;
		padding: 0;
	}
	.linklist li {
		padding: 2px 0;
	}
	.sidebar {
		float: left;
		width: 320px;
	}
	.bar-wrapper {
		max-width: 1100px;
		margin: 0 auto;
	}
	.bar-wrapper.has-sidebar {
		max-width: 1430px;
	}
	.mainbar {
		margin: 0;
		padding-right: 1px;
	}
	.mainbar.has-sidebar {
		margin-left: 330px;
	}
	@media (min-width: 1511px) {
		.sidebar {
			width: 400px;
		}
		.bar-wrapper.has-sidebar {
			max-width: 1510px;
		}
		.mainbar.has-sidebar {
			margin-left: 410px;
		}
	}
	.section.first-section {
		margin-top: 9px;
	}
	.blocklink small {
		white-space: normal;
	}
	.button {
		vertical-align: middle;
	}
	.replay-controls {
		padding-top: 10px;
	}
	.replay-controls h1 {
		font-size: 16pt;
		font-weight: normal;
		color: #CCC;
	}
	.pagelink {
		text-align: center;
	}
	.pagelink a {
		width: 150px;
	}
	.textbox, .button {
		font-size: 11pt;
		vertical-align: middle;
	}
	@media (max-width: 450px) {
		.button {
			font-size: 9pt;
		}
	}
</style>

<div>

	<header>
		<div class="nav-wrapper"><ul class="nav">
			<li><a class="button nav-first" href="//pokemonshowdown.com/"><img src="//pokemonshowdown.com/images/pokemonshowdownbeta.png" srcset="//pokemonshowdown.com/images/pokemonshowdownbeta.png 1x, //pokemonshowdown.com/images/pokemonshowdownbeta@2x.png 2x" alt="Pok&eacute;mon Showdown" width="146" height="44" /> Home</a></li>
			<li><a class="button" href="//pokemonshowdown.com/dex/">Pok&eacute;dex</a></li>
			<li><a class="button cur" href="/">Replays</a></li>
			<li><a class="button" href="//pokemonshowdown.com/ladder/">Ladder</a></li>
			<li><a class="button nav-last" href="//pokemonshowdown.com/forums/">Forum</a></li>
			<li><a class="button greenbutton nav-first nav-last" href="//play.pokemonshowdown.com/">Play</a></li>
		</ul></div>
	</header>

	<div class="main" id="main">

		<noscript><section class="section">You need to enable JavaScript to use this page; sorry!</section></noscript>

	</div>

</div>

<script defer nomodule src="//play.pokemonshowdown.com/js/lib/ps-polyfill.js"></script>
<script defer src="//play.pokemonshowdown.com/js/lib/preact.min.js"></script>

<script defer src="//play.pokemonshowdown.com/config/config.js?2bddbc15"></script>
<script defer src="//play.pokemonshowdown.com/js/lib/jquery-1.11.0.min.js"></script>
<script defer src="//play.pokemonshowdown.com/js/lib/html-sanitizer-minified.js"></script>
<script defer src="//play.pokemonshowdown.com/js/battle-sound.js"></script>
<script defer src="//play.pokemonshowdown.com/js/battledata.js?0.7209276989879541"></script>
<script defer src="//play.pokemonshowdown.com/data/pokedex-mini.js?0.6111056340867951"></script>
<script defer src="//play.pokemonshowdown.com/data/pokedex-mini-bw.js?0.3532142036491459"></script>
<script defer src="//play.pokemonshowdown.com/data/graphics.js?0.24223875632456182"></script>
<script defer src="//play.pokemonshowdown.com/data/pokedex.js?0.38839984266356864"></script>
<script defer src="//play.pokemonshowdown.com/data/moves.js?0.21866028504024015"></script>
<script defer src="//play.pokemonshowdown.com/data/abilities.js?0.2005157953846628"></script>
<script defer src="//play.pokemonshowdown.com/data/items.js?0.9894211263848525"></script>
<script defer src="//play.pokemonshowdown.com/data/teambuilder-tables.js?0.6008791140282215"></script>
<script defer src="//play.pokemonshowdown.com/js/battle-tooltips.js?0.7580118955022959"></script>
<script defer src="//play.pokemonshowdown.com/js/battle.js?0.6057722274234274"></script>

<script defer src="js/utils.js?e31f9a17"></script>
<script defer src="js/replays-battle.js?7008c182"></script>

<!-- don't scrape this data! just add .json or .log after the URL!
Full API docs: https://github.com/smogon/pokemon-showdown-client/blob/master/WEB-API.md -->
<script type="text/plain" class="log" id="replaylog-smogtours-gen3ou-799228">
|inactive|Battle timer is ON: inactive players will automatically lose when time's up.
|t:|1729128778
|gametype|singles
|player|p1|luisin|#luisin|
|player|p2|BongMoodeus|2|
|teamsize|p1|6
|teamsize|p2|6
|gen|3
|tier|[Gen 3] OU
|rule|Sleep Clause Mod: Limit one foe put to sleep
|rule|Switch Priority Clause Mod: Faster Pokémon switch first
|rule|Species Clause: Limit one of each Pokémon
|rule|OHKO Clause: OHKO moves are banned
|rule|Evasion Items Clause: Evasion items are banned
|rule|Evasion Moves Clause: Evasion moves are banned
|rule|Endless Battle Clause: Forcing endless battles is banned
|rule|HP Percentage Mod: HP is shown in percentages
|rule|One Boost Passer Clause: Limit one Baton Passer that has a way to boost its stats
|rule|Freeze Clause Mod: Limit one foe frozen
|
|t:|1729128778
|start
|switch|p1a: Skarmory|Skarmory, M|100/100
|switch|p2a: Skarmory|Skarmory, M|100/100
|turn|1
|
|t:|1729128785
|move|p2a: Skarmory|Spikes|p1a: Skarmory
|-sidestart|p1: luisin|Spikes
|move|p1a: Skarmory|Spikes|p2a: Skarmory
|-sidestart|p2: BongMoodeus|Spikes
|
|upkeep
|turn|2
|
|t:|1729128788
|switch|p2a: Starmie|Starmie|100/100
|-damage|p2a: Starmie|88/100|[from] Spikes
|move|p1a: Skarmory|Spikes|p2a: Starmie
|-sidestart|p2: BongMoodeus|Spikes
|
|-heal|p2a: Starmie|94/100|[from] item: Leftovers
|upkeep
|turn|3
|
|t:|1729128793
|switch|p1a: Misdreavus|Misdreavus, F|100/100
|move|p2a: Starmie|Thunderbolt|p1a: Misdreavus
|-damage|p1a: Misdreavus|79/100
|
|-heal|p2a: Starmie|100/100|[from] item: Leftovers
|-heal|p1a: Misdreavus|85/100|[from] item: Leftovers
|upkeep
|turn|4
|
|t:|1729128809
|switch|p2a: Metagross|Metagross|100/100
|-damage|p2a: Metagross|84/100|[from] Spikes
|move|p1a: Misdreavus|Mean Look|p2a: Metagross
|-activate|p2a: Metagross|trapped
|
|-heal|p1a: Misdreavus|91/100|[from] item: Leftovers
|upkeep
|turn|5
|
|t:|1729128812
|switch|p1a: Skarmory|Skarmory, M|100/100
|move|p2a: Metagross|Meteor Mash|p1a: Skarmory
|-resisted|p1a: Skarmory
|-damage|p1a: Skarmory|69/100
|
|-heal|p1a: Skarmory|75/100|[from] item: Leftovers
|upkeep
|turn|6
|
|t:|1729128815
|move|p2a: Metagross|Meteor Mash|p1a: Skarmory
|-resisted|p1a: Skarmory
|-damage|p1a: Skarmory|44/100
|move|p1a: Skarmory|Drill Peck|p2a: Metagross
|-resisted|p2a: Metagross
|-crit|p2a: Metagross
|-damage|p2a: Metagross|65/100
|
|-heal|p1a: Skarmory|50/100|[from] item: Leftovers
|upkeep
|turn|7
|
|t:|1729128819
|move|p1a: Skarmory|Protect|p1a: Skarmory
|-singleturn|p1a: Skarmory|Protect
|move|p2a: Metagross|Meteor Mash|p1a: Skarmory
|-activate|p1a: Skarmory|Protect
|
|-heal|p1a: Skarmory|56/100|[from] item: Leftovers
|upkeep
|turn|8
|
|t:|1729128822
|move|p2a: Metagross|Meteor Mash|p1a: Skarmory
|-resisted|p1a: Skarmory
|-damage|p1a: Skarmory|22/100
|move|p1a: Skarmory|Roar|p2a: Metagross
|drag|p2a: Skarmory|Skarmory, M|100/100
|
|-heal|p1a: Skarmory|28/100|[from] item: Leftovers
|upkeep
|turn|9
|
|t:|1729128828
|switch|p2a: Jolteon|Jolteon, F|100/100
|-damage|p2a: Jolteon|84/100|[from] Spikes
|move|p1a: Skarmory|Spikes|p2a: Jolteon
|-sidestart|p2: BongMoodeus|Spikes
|
|-heal|p2a: Jolteon|90/100|[from] item: Leftovers
|-heal|p1a: Skarmory|34/100|[from] item: Leftovers
|upkeep
|turn|10
|
|t:|1729128831
|move|p1a: Skarmory|Protect|p1a: Skarmory
|-singleturn|p1a: Skarmory|Protect
|move|p2a: Jolteon|Thunder Wave|p1a: Skarmory
|-activate|p1a: Skarmory|Protect
|
|-heal|p2a: Jolteon|96/100|[from] item: Leftovers
|-heal|p1a: Skarmory|40/100|[from] item: Leftovers
|upkeep
|turn|11
|
|t:|1729128835
|switch|p1a: Flygon|Flygon, M|100/100
|move|p2a: Jolteon|Baton Pass|p2a: Jolteon
|
|t:|1729128840
|switch|p2a: Starmie|Starmie|100/100|[from] Baton Pass
|-damage|p2a: Starmie|76/100|[from] Spikes
|
|-heal|p2a: Starmie|82/100|[from] item: Leftovers
|upkeep
|turn|12
|
|t:|1729128844
|move|p1a: Flygon|Protect|p1a: Flygon
|-singleturn|p1a: Flygon|Protect
|move|p2a: Starmie|Hydro Pump|p1a: Flygon
|-activate|p1a: Flygon|Protect
|
|-heal|p2a: Starmie|88/100|[from] item: Leftovers
|upkeep
|turn|13
|
|t:|1729128848
|switch|p1a: Misdreavus|Misdreavus, F|91/100
|move|p2a: Starmie|Hydro Pump|p1a: Misdreavus
|-damage|p1a: Misdreavus|47/100
|
|-heal|p2a: Starmie|94/100|[from] item: Leftovers
|-heal|p1a: Misdreavus|53/100|[from] item: Leftovers
|upkeep
|turn|14
|
|t:|1729128859
|switch|p2a: Jolteon|Jolteon, F|96/100
|-damage|p2a: Jolteon|71/100|[from] Spikes
|move|p1a: Misdreavus|Rest|p1a: Misdreavus
|-status|p1a: Misdreavus|slp|[from] move: Rest
|-heal|p1a: Misdreavus|100/100 slp|[silent]
|
|-heal|p2a: Jolteon|78/100|[from] item: Leftovers
|upkeep
|turn|15
|
|t:|1729128869
|switch|p1a: Blissey|Blissey, F|100/100
|-damage|p1a: Blissey|88/100|[from] Spikes
|move|p2a: Jolteon|Baton Pass|p2a: Jolteon
|
|t:|1729128874
|switch|p2a: Metagross|Metagross|65/100|[from] Baton Pass
|-damage|p2a: Metagross|40/100|[from] Spikes
|
|-heal|p1a: Blissey|94/100|[from] item: Leftovers
|upkeep
|turn|16
|
|t:|1729128878
|switch|p1a: Skarmory|Skarmory, M|40/100
|move|p2a: Metagross|Meteor Mash|p1a: Skarmory
|-resisted|p1a: Skarmory
|-damage|p1a: Skarmory|5/100
|
|-heal|p1a: Skarmory|11/100|[from] item: Leftovers
|upkeep
|turn|17
|
|t:|1729128881
|move|p1a: Skarmory|Protect|p1a: Skarmory
|-singleturn|p1a: Skarmory|Protect
|move|p2a: Metagross|Meteor Mash|p1a: Skarmory
|-activate|p1a: Skarmory|Protect
|
|-heal|p1a: Skarmory|17/100|[from] item: Leftovers
|upkeep
|turn|18
|
|t:|1729128884
|switch|p1a: Zapdos|Zapdos|100/100
|move|p2a: Metagross|Meteor Mash|p1a: Zapdos
|-resisted|p1a: Zapdos
|-damage|p1a: Zapdos|58/100
|
|-heal|p1a: Zapdos|64/100|[from] item: Leftovers
|upkeep
|turn|19
|
|t:|1729128890
|switch|p2a: Jolteon|Jolteon, F|78/100
|-damage|p2a: Jolteon|53/100|[from] Spikes
|move|p1a: Zapdos|Roar|p2a: Jolteon
|drag|p2a: Starmie|Starmie|94/100
|-damage|p2a: Starmie|69/100|[from] Spikes
|
|-heal|p2a: Starmie|75/100|[from] item: Leftovers
|-heal|p1a: Zapdos|70/100|[from] item: Leftovers
|upkeep
|turn|20
|
|t:|1729128895
|switch|p2a: Gengar|Gengar, M|100/100
|move|p1a: Zapdos|Thunderbolt|p2a: Gengar
|-damage|p2a: Gengar|38/100
|
|-heal|p2a: Gengar|44/100|[from] item: Leftovers
|-heal|p1a: Zapdos|76/100|[from] item: Leftovers
|upkeep
|turn|21
|
|t:|1729128899
|move|p2a: Gengar|Explosion|p1a: Zapdos
|-damage|p1a: Zapdos|0 fnt
|faint|p2a: Gengar
|faint|p1a: Zapdos
|
|t:|1729128912
|switch|p2a: Starmie|Starmie|75/100
|switch|p1a: Blissey|Blissey, F|94/100
|-damage|p2a: Starmie|50/100|[from] Spikes
|-damage|p1a: Blissey|82/100|[from] Spikes
|
|-heal|p2a: Starmie|57/100|[from] item: Leftovers
|-heal|p1a: Blissey|88/100|[from] item: Leftovers
|upkeep
|turn|22
|
|t:|1729128916
|switch|p2a: Skarmory|Skarmory, M|100/100
|move|p1a: Blissey|Aromatherapy|p1a: Blissey
|-cureteam|p1a: Blissey|[from] move: Aromatherapy
|
|-heal|p1a: Blissey|94/100|[from] item: Leftovers
|upkeep
|turn|23
|
|t:|1729128920
|switch|p1a: Moltres|Moltres|100/100
|move|p2a: Skarmory|Toxic|p1a: Moltres
|-status|p1a: Moltres|tox
|
|-damage|p1a: Moltres|94/100 tox|[from] psn
|upkeep
|turn|24
|
|t:|1729128928
|move|p1a: Moltres|Flamethrower|p2a: Skarmory
|-supereffective|p2a: Skarmory
|-damage|p2a: Skarmory|2/100
|move|p2a: Skarmory|Roar|p1a: Moltres
|drag|p1a: Flygon|Flygon, M|100/100
|
|-heal|p2a: Skarmory|8/100|[from] item: Leftovers
|upkeep
|turn|25
|
|t:|1729128931
|move|p1a: Flygon|Rock Slide|p2a: Skarmory
|-damage|p2a: Skarmory|0 fnt
|faint|p2a: Skarmory
|
|t:|1729128952
|switch|p2a: Starmie|Starmie|57/100
|-damage|p2a: Starmie|32/100|[from] Spikes
|
|-heal|p2a: Starmie|38/100|[from] item: Leftovers
|upkeep
|turn|26
|
|t:|1729128955
|switch|p1a: Misdreavus|Misdreavus, F|100/100
|move|p2a: Starmie|Hydro Pump|p1a: Misdreavus
|-damage|p1a: Misdreavus|57/100
|
|-heal|p2a: Starmie|44/100|[from] item: Leftovers
|-heal|p1a: Misdreavus|63/100|[from] item: Leftovers
|upkeep
|turn|27
|
|t:|1729128958
|move|p2a: Starmie|Hydro Pump|p1a: Misdreavus
|-damage|p1a: Misdreavus|20/100
|move|p1a: Misdreavus|Thunderbolt|p2a: Starmie
|-supereffective|p2a: Starmie
|-damage|p2a: Starmie|0 fnt
|faint|p2a: Starmie
|
|t:|1729128961
|switch|p2a: Jolteon|Jolteon, F|53/100
|-damage|p2a: Jolteon|28/100|[from] Spikes
|
|-heal|p2a: Jolteon|34/100|[from] item: Leftovers
|-heal|p1a: Misdreavus|26/100|[from] item: Leftovers
|upkeep
|turn|28
|
|t:|1729128969
|move|p2a: Jolteon|Thunderbolt|p1a: Misdreavus
|-damage|p1a: Misdreavus|0 fnt
|faint|p1a: Misdreavus
|
|t:|1729128970
|switch|p1a: Blissey|Blissey, F|94/100
|-damage|p1a: Blissey|82/100|[from] Spikes
|
|-heal|p2a: Jolteon|40/100|[from] item: Leftovers
|-heal|p1a: Blissey|88/100|[from] item: Leftovers
|upkeep
|turn|29
|
|t:|1729128977
|move|p2a: Jolteon|Thunder Wave|p1a: Blissey
|-status|p1a: Blissey|par
|move|p1a: Blissey|Ice Beam|p2a: Jolteon
|-crit|p2a: Jolteon
|-damage|p2a: Jolteon|0 fnt
|faint|p2a: Jolteon
|
|t:|1729128979
|switch|p2a: Metagross|Metagross|40/100
|-damage|p2a: Metagross|15/100|[from] Spikes
|
|-heal|p1a: Blissey|94/100 par|[from] item: Leftovers
|upkeep
|turn|30
|
|t:|1729128990
|-curestatus|p1a: Blissey|par|[from] ability: Natural Cure
|switch|p1a: Skarmory|Skarmory, M|17/100
|move|p2a: Metagross|Rock Slide|p1a: Skarmory|[miss]
|-miss|p2a: Metagross|p1a: Skarmory
|
|-heal|p1a: Skarmory|23/100|[from] item: Leftovers
|upkeep
|turn|31
|
|t:|1729128996
|move|p1a: Skarmory|Protect|p1a: Skarmory
|-singleturn|p1a: Skarmory|Protect
|move|p2a: Metagross|Rock Slide|p1a: Skarmory
|-activate|p1a: Skarmory|Protect
|
|-heal|p1a: Skarmory|29/100|[from] item: Leftovers
|upkeep
|turn|32
|
|t:|1729128997
|move|p2a: Metagross|Rock Slide|p1a: Skarmory
|-damage|p1a: Skarmory|0 fnt
|faint|p1a: Skarmory
|
|t:|1729129000
|switch|p1a: Flygon|Flygon, M|100/100
|
|upkeep
|turn|33
|
|t:|1729129003
|move|p1a: Flygon|Earthquake|p2a: Metagross
|-supereffective|p2a: Metagross
|-damage|p2a: Metagross|0 fnt
|faint|p2a: Metagross
|
|t:|1729129005
|switch|p2a: Tyranitar|Tyranitar, F|100/100
|-damage|p2a: Tyranitar|75/100|[from] Spikes
|-weather|Sandstorm|[from] ability: Sand Stream|[of] p2a: Tyranitar
|
|-weather|Sandstorm|[upkeep]
|-heal|p2a: Tyranitar|82/100|[from] item: Leftovers
|upkeep
|turn|34
|
|t:|1729129008
|move|p1a: Flygon|Earthquake|p2a: Tyranitar
|-supereffective|p2a: Tyranitar
|-damage|p2a: Tyranitar|32/100
|move|p2a: Tyranitar|Rock Slide|p1a: Flygon
|-resisted|p1a: Flygon
|-damage|p1a: Flygon|83/100
|
|-weather|Sandstorm|[upkeep]
|-heal|p1a: Flygon|89/100|[from] item: Leftovers
|-heal|p2a: Tyranitar|38/100|[from] item: Leftovers
|upkeep
|turn|35
|
|t:|1729129011
|move|p1a: Flygon|Earthquake|p2a: Tyranitar
|-supereffective|p2a: Tyranitar
|-damage|p2a: Tyranitar|0 fnt
|faint|p2a: Tyranitar
|
|win|luisin
|c|☆luisin|ggs
|c|☆BongMoodeus|ggs

</script>
<script type="application/json" class="data" id="replaydata-smogtours-gen3ou-799228">
{"id":"smogtours-gen3ou-799228","format":"[Gen 3] OU","players":["luisin","BongMoodeus"],"uploadtime":1729129011,"views":107,"formatid":"gen3ou","rating":null,"private":0,"password":null}
</script>

<script defer src="js/replays.js?9d40a366"></script>
