<!DOCTYPE html>
<meta charset="utf-8" />
<meta name="viewport" content="width=device-width" />

<title>[Gen 3] OU: GarhamSandich vs. reptikrook - Replays - Pok&eacute;mon Showdown!</title>

<meta name="description" content="Watch a replay of a Pok&eacute;mon battle between GarhamSandich and reptikrook! Format: [Gen 3] OU; Date: Oct 1, 2024" />
<!--

Hey, you! Looking in the source for the replay log?

You can find them in JSON format, just add `.json` at the end of a replay URL.

https://replay.pokemonshowdown.com/gen7randomdoublesbattle-865046831.json

Or, if you only need the log itself, add `.log` instead:

https://replay.pokemonshowdown.com/gen7randomdoublesbattle-865046831.log

-->

<link rel="stylesheet" href="//pokemonshowdown.com/style/global.css?0.023195364461161105" />
<link rel="stylesheet" href="//play.pokemonshowdown.com/style/font-awesome.css?0.13261647063804238" />
<link rel="stylesheet" href="//play.pokemonshowdown.com/style/battle.css?0.8753245789963631" />
<link rel="stylesheet" href="//play.pokemonshowdown.com/style/utilichart.css?0.8627959624976733" />

<!-- Global site tag (gtag.js) - Google Analytics -->
<script async src="https://www.googletagmanager.com/gtag/js?id=UA-26211653-1"></script>
<script>
  window.dataLayer = window.dataLayer || [];
  function gtag(){dataLayer.push(arguments);}
  gtag('js', new Date());

  gtag('config', 'UA-26211653-1');
</script>
<!-- End Google Analytics -->
<!-- Venatus Ad Manager - Install in <HEAD> of page -->
	<script src="https://hb.vntsm.com/v3/live/ad-manager.min.js" type="text/javascript" data-site-id="642aba63ec9a7b11c3c9c1be" data-mode="scan" async></script>
<!-- / Venatus Ad Manager -->

<style>
	@media (max-width:820px) {
		.battle {
			margin: 0 auto;
		}
		.battle-log {
			margin: 7px auto 0;
			max-width: 640px;
			height: 300px;
			position: static;
		}
	}
	.optgroup {
		display: inline-block;
		line-height: 22px;
		font-size: 10pt;
	}
	.optgroup .button {
		height: 25px;
		padding-top: 0;
		padding-bottom: 0;
	}
	.optgroup button.button {
		padding-left: 12px;
		padding-right: 12px;
	}
	.linklist {
		list-style: none;
		margin: 0.5em 0;
		padding: 0;
	}
	.linklist li {
		padding: 2px 0;
	}
	.sidebar {
		float: left;
		width: 320px;
	}
	.bar-wrapper {
		max-width: 1100px;
		margin: 0 auto;
	}
	.bar-wrapper.has-sidebar {
		max-width: 1430px;
	}
	.mainbar {
		margin: 0;
		padding-right: 1px;
	}
	.mainbar.has-sidebar {
		margin-left: 330px;
	}
	@media (min-width: 1511px) {
		.sidebar {
			width: 400px;
		}
		.bar-wrapper.has-sidebar {
			max-width: 1510px;
		}
		.mainbar.has-sidebar {
			margin-left: 410px;
		}
	}
	.section.first-section {
		margin-top: 9px;
	}
	.blocklink small {
		white-space: normal;
	}
	.button {
		vertical-align: middle;
	}
	.replay-controls {
		padding-top: 10px;
	}
	.replay-controls h1 {
		font-size: 16pt;
		font-weight: normal;
		color: #CCC;
	}
	.pagelink {
		text-align: center;
	}
	.pagelink a {
		width: 150px;
	}
	.textbox, .button {
		font-size: 11pt;
		vertical-align: middle;
	}
	@media (max-width: 450px) {
		.button {
			font-size: 9pt;
		}
	}
</style>

<div>

	<header>
		<div class="nav-wrapper"><ul class="nav">
			<li><a class="button nav-first" href="//pokemonshowdown.com/"><img src="//pokemonshowdown.com/images/pokemonshowdownbeta.png" srcset="//pokemonshowdown.com/images/pokemonshowdownbeta.png 1x, //pokemonshowdown.com/images/pokemonshowdownbeta@2x.png 2x" alt="Pok&eacute;mon Showdown" width="146" height="44" /> Home</a></li>
			<li><a class="button" href="//pokemonshowdown.com/dex/">Pok&eacute;dex</a></li>
			<li><a class="button cur" href="/">Replays</a></li>
			<li><a class="button" href="//pokemonshowdown.com/ladder/">Ladder</a></li>
			<li><a class="button nav-last" href="//pokemonshowdown.com/forums/">Forum</a></li>
			<li><a class="button greenbutton nav-first nav-last" href="//play.pokemonshowdown.com/">Play</a></li>
		</ul></div>
	</header>

	<div class="main" id="main">

		<noscript><section class="section">You need to enable JavaScript to use this page; sorry!</section></noscript>

	</div>

</div>

<script defer nomodule src="//play.pokemonshowdown.com/js/lib/ps-polyfill.js"></script>
<script defer src="//play.pokemonshowdown.com/js/lib/preact.min.js"></script>

<script defer src="//play.pokemonshowdown.com/config/config.js?2bddbc15"></script>
<script defer src="//play.pokemonshowdown.com/js/lib/jquery-1.11.0.min.js"></script>
<script defer src="//play.pokemonshowdown.com/js/lib/html-sanitizer-minified.js"></script>
<script defer src="//play.pokemonshowdown.com/js/battle-sound.js"></script>
<script defer src="//play.pokemonshowdown.com/js/battledata.js?0.7209276989879541"></script>
<script defer src="//play.pokemonshowdown.com/data/pokedex-mini.js?0.6111056340867951"></script>
<script defer src="//play.pokemonshowdown.com/data/pokedex-mini-bw.js?0.3532142036491459"></script>
<script defer src="//play.pokemonshowdown.com/data/graphics.js?0.24223875632456182"></script>
<script defer src="//play.pokemonshowdown.com/data/pokedex.js?0.38839984266356864"></script>
<script defer src="//play.pokemonshowdown.com/data/moves.js?0.21866028504024015"></script>
<script defer src="//play.pokemonshowdown.com/data/abilities.js?0.2005157953846628"></script>
<script defer src="//play.pokemonshowdown.com/data/items.js?0.9894211263848525"></script>
<script defer src="//play.pokemonshowdown.com/data/teambuilder-tables.js?0.6008791140282215"></script>
<script defer src="//play.pokemonshowdown.com/js/battle-tooltips.js?0.7580118955022959"></script>
<script defer src="//play.pokemonshowdown.com/js/battle.js?0.6057722274234274"></script>

<script defer src="js/utils.js?e31f9a17"></script>
<script defer src="js/replays-battle.js?7008c182"></script>

<!-- don't scrape this data! just add .json or .log after the URL!
Full API docs: https://github.com/smogon/pokemon-showdown-client/blob/master/WEB-API.md -->
<script type="text/plain" class="log" id="replaylog-gen3ou-2213633888-g94y0m0pz7huw3p7oi97yvjrz6gb4tgpw">
|j|☆GarhamSandich
|j|☆reptikrook
|t:|1727797838
|gametype|singles
|player|p1|GarhamSandich|skierf|
|player|p2|reptikrook|hiker-gen4|
|teamsize|p1|6
|teamsize|p2|6
|gen|3
|tier|[Gen 3] OU
|rule|Sleep Clause Mod: Limit one foe put to sleep
|rule|Switch Priority Clause Mod: Faster Pokémon switch first
|rule|Species Clause: Limit one of each Pokémon
|rule|OHKO Clause: OHKO moves are banned
|rule|Evasion Items Clause: Evasion items are banned
|rule|Evasion Moves Clause: Evasion moves are banned
|rule|Endless Battle Clause: Forcing endless battles is banned
|rule|HP Percentage Mod: HP is shown in percentages
|rule|One Boost Passer Clause: Limit one Baton Passer that has a way to boost its stats
|rule|Freeze Clause Mod: Limit one foe frozen
|
|t:|1727797838
|start
|switch|p1a: Metagross|Metagross|100/100
|switch|p2a: Kicken Chicken|Blaziken, M|100/100
|turn|1
|
|t:|1727797845
|switch|p1a: Starmie|Starmie|100/100
|move|p2a: Kicken Chicken|Flamethrower|p1a: Starmie
|-resisted|p1a: Starmie
|-damage|p1a: Starmie|80/100
|
|-heal|p1a: Starmie|86/100|[from] item: Leftovers
|upkeep
|turn|2
|
|t:|1727797854
|switch|p2a: Yolko Oh No|Blissey, F|100/100
|move|p1a: Starmie|Thunder Wave|p2a: Yolko Oh No
|-status|p2a: Yolko Oh No|par
|
|-heal|p1a: Starmie|92/100|[from] item: Leftovers
|upkeep
|turn|3
|
|t:|1727797864
|move|p1a: Starmie|Surf|p2a: Yolko Oh No
|-damage|p2a: Yolko Oh No|88/100 par
|move|p2a: Yolko Oh No|Thunderbolt|p1a: Starmie
|-supereffective|p1a: Starmie
|-damage|p1a: Starmie|60/100
|
|-heal|p1a: Starmie|67/100|[from] item: Leftovers
|-heal|p2a: Yolko Oh No|94/100 par|[from] item: Leftovers
|upkeep
|turn|4
|
|t:|1727797876
|switch|p1a: Tyranitar|Tyranitar, F|100/100
|-weather|Sandstorm|[from] ability: Sand Stream|[of] p1a: Tyranitar
|-curestatus|p2a: Yolko Oh No|par|[from] ability: Natural Cure
|switch|p2a: Kicken Chicken|Blaziken, M|100/100
|
|-weather|Sandstorm|[upkeep]
|-damage|p2a: Kicken Chicken|95/100|[from] Sandstorm
|upkeep
|turn|5
|
|t:|1727797885
|switch|p1a: Salamence|Salamence, M|100/100
|-ability|p1a: Salamence|Intimidate|boost
|-unboost|p2a: Kicken Chicken|atk|1
|move|p2a: Kicken Chicken|Hidden Power|p1a: Salamence
|-resisted|p1a: Salamence
|-damage|p1a: Salamence|95/100
|
|-weather|Sandstorm|[upkeep]
|-damage|p2a: Kicken Chicken|89/100|[from] Sandstorm
|-damage|p1a: Salamence|89/100|[from] Sandstorm
|-heal|p1a: Salamence|95/100|[from] item: Leftovers
|upkeep
|turn|6
|
|t:|1727797896
|switch|p2a: Shrike|Skarmory, M|100/100
|move|p1a: Salamence|Toxic|p2a: Shrike
|-immune|p2a: Shrike
|
|-weather|Sandstorm|[upkeep]
|-damage|p1a: Salamence|89/100|[from] Sandstorm
|-heal|p1a: Salamence|95/100|[from] item: Leftovers
|upkeep
|turn|7
|
|t:|1727797906
|switch|p1a: Starmie|Starmie|67/100
|switch|p2a: Yolko Oh No|Blissey, F|94/100
|
|-weather|Sandstorm|[upkeep]
|-damage|p1a: Starmie|60/100|[from] Sandstorm
|-damage|p2a: Yolko Oh No|88/100|[from] Sandstorm
|-heal|p1a: Starmie|67/100|[from] item: Leftovers
|-heal|p2a: Yolko Oh No|94/100|[from] item: Leftovers
|upkeep
|turn|8
|
|t:|1727797918
|move|p1a: Starmie|Recover|p1a: Starmie
|-heal|p1a: Starmie|100/100
|move|p2a: Yolko Oh No|Thunderbolt|p1a: Starmie
|-supereffective|p1a: Starmie
|-damage|p1a: Starmie|65/100
|
|-weather|Sandstorm|[upkeep]
|-damage|p1a: Starmie|59/100|[from] Sandstorm
|-damage|p2a: Yolko Oh No|88/100|[from] Sandstorm
|-heal|p1a: Starmie|65/100|[from] item: Leftovers
|-heal|p2a: Yolko Oh No|94/100|[from] item: Leftovers
|upkeep
|turn|9
|
|t:|1727797929
|switch|p1a: Tyranitar|Tyranitar, F|100/100
|move|p2a: Yolko Oh No|Ice Beam|p1a: Tyranitar
|-damage|p1a: Tyranitar|83/100
|
|-weather|Sandstorm|[upkeep]
|-damage|p2a: Yolko Oh No|88/100|[from] Sandstorm
|-heal|p2a: Yolko Oh No|94/100|[from] item: Leftovers
|upkeep
|turn|10
|
|t:|1727797938
|switch|p2a: Shrike|Skarmory, M|100/100
|move|p1a: Tyranitar|Rock Slide|p2a: Shrike
|-damage|p2a: Shrike|61/100
|
|-weather|Sandstorm|[upkeep]
|-heal|p2a: Shrike|67/100|[from] item: Leftovers
|upkeep
|turn|11
|
|t:|1727797946
|move|p1a: Tyranitar|Rock Slide|p2a: Shrike
|-damage|p2a: Shrike|29/100
|move|p2a: Shrike|Spikes|p1a: Tyranitar
|-sidestart|p1: GarhamSandich|Spikes
|
|-weather|Sandstorm|[upkeep]
|-heal|p2a: Shrike|35/100|[from] item: Leftovers
|upkeep
|turn|12
|
|t:|1727797955
|switch|p1a: Starmie|Starmie|65/100
|-damage|p1a: Starmie|53/100|[from] Spikes
|switch|p2a: Magnus Carlmon|Magneton|100/100
|
|-weather|Sandstorm|[upkeep]
|-damage|p1a: Starmie|47/100|[from] Sandstorm
|-heal|p1a: Starmie|53/100|[from] item: Leftovers
|upkeep
|turn|13
|
|t:|1727797964
|switch|p1a: Celebi|Celebi|100/100
|-damage|p1a: Celebi|88/100|[from] Spikes
|move|p2a: Magnus Carlmon|Thunderbolt|p1a: Celebi
|-resisted|p1a: Celebi
|-damage|p1a: Celebi|74/100
|-status|p1a: Celebi|par
|
|-weather|Sandstorm|[upkeep]
|-damage|p1a: Celebi|68/100 par|[from] Sandstorm
|-heal|p1a: Celebi|74/100 par|[from] item: Leftovers
|upkeep
|turn|14
|
|t:|1727797974
|move|p2a: Magnus Carlmon|Hidden Power|p1a: Celebi
|-supereffective|p1a: Celebi
|-damage|p1a: Celebi|43/100 par
|move|p1a: Celebi|Leech Seed|p2a: Magnus Carlmon
|-start|p2a: Magnus Carlmon|move: Leech Seed
|
|-weather|Sandstorm|[upkeep]
|-damage|p1a: Celebi|37/100 par|[from] Sandstorm
|-damage|p2a: Magnus Carlmon|88/100|[from] Leech Seed|[of] p1a: Celebi
|-heal|p1a: Celebi|44/100 par|[silent]
|-heal|p1a: Celebi|50/100 par|[from] item: Leftovers
|upkeep
|turn|15
|
|t:|1727797989
|switch|p2a: Shrike|Skarmory, M|35/100
|move|p1a: Celebi|Recover|p1a: Celebi
|-heal|p1a: Celebi|99/100 par
|
|-weather|Sandstorm|[upkeep]
|-damage|p1a: Celebi|94/100 par|[from] Sandstorm
|-heal|p2a: Shrike|41/100|[from] item: Leftovers
|-heal|p1a: Celebi|99/100 par|[from] item: Leftovers
|upkeep
|turn|16
|
|t:|1727797999
|-curestatus|p1a: Celebi|par|[from] ability: Natural Cure
|switch|p1a: Starmie|Starmie|53/100
|-damage|p1a: Starmie|41/100|[from] Spikes
|move|p2a: Shrike|Toxic|p1a: Starmie
|-status|p1a: Starmie|tox
|
|-weather|Sandstorm|[upkeep]
|-damage|p1a: Starmie|34/100 tox|[from] Sandstorm
|-heal|p1a: Starmie|41/100 tox|[from] item: Leftovers
|-damage|p1a: Starmie|34/100 tox|[from] psn
|-heal|p2a: Shrike|47/100|[from] item: Leftovers
|upkeep
|turn|17
|
|t:|1727798013
|move|p1a: Starmie|Recover|p1a: Starmie
|-heal|p1a: Starmie|84/100 tox
|move|p2a: Shrike|Spikes|p1a: Starmie
|-sidestart|p1: GarhamSandich|Spikes
|
|-weather|Sandstorm|[upkeep]
|-damage|p1a: Starmie|78/100 tox|[from] Sandstorm
|-heal|p1a: Starmie|84/100 tox|[from] item: Leftovers
|-damage|p1a: Starmie|72/100 tox|[from] psn
|-heal|p2a: Shrike|53/100|[from] item: Leftovers
|upkeep
|turn|18
|
|t:|1727798022
|-curestatus|p1a: Starmie|tox|[from] ability: Natural Cure
|switch|p1a: Jirachi|Jirachi|100/100
|-damage|p1a: Jirachi|84/100|[from] Spikes
|move|p2a: Shrike|Spikes|p1a: Jirachi
|-sidestart|p1: GarhamSandich|Spikes
|
|-weather|Sandstorm|[upkeep]
|-heal|p1a: Jirachi|90/100|[from] item: Leftovers
|-heal|p2a: Shrike|59/100|[from] item: Leftovers
|upkeep
|turn|19
|
|t:|1727798031
|move|p1a: Jirachi|Fire Punch|p2a: Shrike
|-supereffective|p2a: Shrike
|-damage|p2a: Shrike|15/100
|move|p2a: Shrike|Whirlwind|p1a: Jirachi
|drag|p1a: Salamence|Salamence, M|95/100
|-ability|p1a: Salamence|Intimidate|boost
|-unboost|p2a: Shrike|atk|1
|
|-weather|Sandstorm|[upkeep]
|-damage|p1a: Salamence|89/100|[from] Sandstorm
|-heal|p1a: Salamence|95/100|[from] item: Leftovers
|-heal|p2a: Shrike|21/100|[from] item: Leftovers
|upkeep
|turn|20
|
|t:|1727798043
|move|p1a: Salamence|Flamethrower|p2a: Shrike
|-supereffective|p2a: Shrike
|-damage|p2a: Shrike|0 fnt
|faint|p2a: Shrike
|
|t:|1727798047
|switch|p2a: Gargoyle|Aerodactyl, F|100/100
|
|-weather|Sandstorm|[upkeep]
|-damage|p1a: Salamence|89/100|[from] Sandstorm
|-heal|p1a: Salamence|95/100|[from] item: Leftovers
|upkeep
|turn|21
|
|t:|1727798053
|move|p1a: Salamence|Protect|p1a: Salamence
|-singleturn|p1a: Salamence|Protect
|move|p2a: Gargoyle|Rock Slide|p1a: Salamence
|-activate|p1a: Salamence|Protect
|
|-weather|Sandstorm|[upkeep]
|-damage|p1a: Salamence|89/100|[from] Sandstorm
|-heal|p1a: Salamence|95/100|[from] item: Leftovers
|upkeep
|turn|22
|
|t:|1727798062
|switch|p2a: Kicken Chicken|Blaziken, M|89/100
|move|p1a: Salamence|Toxic|p2a: Kicken Chicken
|-status|p2a: Kicken Chicken|tox
|
|-weather|Sandstorm|[upkeep]
|-damage|p2a: Kicken Chicken|83/100 tox|[from] Sandstorm
|-damage|p1a: Salamence|89/100|[from] Sandstorm
|-damage|p2a: Kicken Chicken|77/100 tox|[from] psn
|-heal|p1a: Salamence|95/100|[from] item: Leftovers
|upkeep
|turn|23
|
|t:|1727798071
|move|p2a: Kicken Chicken|Thunder Punch|p1a: Salamence
|-damage|p1a: Salamence|72/100
|move|p1a: Salamence|Wish|p1a: Salamence
|
|-weather|Sandstorm|[upkeep]
|-damage|p2a: Kicken Chicken|71/100 tox|[from] Sandstorm
|-damage|p1a: Salamence|66/100|[from] Sandstorm
|-damage|p2a: Kicken Chicken|59/100 tox|[from] psn
|-heal|p1a: Salamence|72/100|[from] item: Leftovers
|upkeep
|turn|24
|
|t:|1727798085
|move|p2a: Kicken Chicken|Flamethrower|p1a: Salamence
|-resisted|p1a: Salamence
|-damage|p1a: Salamence|48/100
|move|p1a: Salamence|Flamethrower|p2a: Kicken Chicken
|-resisted|p2a: Kicken Chicken
|-damage|p2a: Kicken Chicken|41/100 tox
|
|-heal|p1a: Salamence|98/100|[from] move: Wish|[wisher] Salamence
|-weather|Sandstorm|[upkeep]
|-damage|p2a: Kicken Chicken|35/100 tox|[from] Sandstorm
|-damage|p1a: Salamence|92/100|[from] Sandstorm
|-damage|p2a: Kicken Chicken|17/100 tox|[from] psn
|-heal|p1a: Salamence|98/100|[from] item: Leftovers
|upkeep
|turn|25
|
|t:|1727798103
|switch|p2a: Gargoyle|Aerodactyl, F|100/100
|move|p1a: Salamence|Wish|p1a: Salamence
|
|-weather|Sandstorm|[upkeep]
|-damage|p1a: Salamence|92/100|[from] Sandstorm
|-heal|p1a: Salamence|98/100|[from] item: Leftovers
|upkeep
|turn|26
|
|t:|1727798110
|move|p2a: Gargoyle|Rock Slide|p1a: Salamence
|-supereffective|p1a: Salamence
|-damage|p1a: Salamence|21/100
|move|p1a: Salamence|Toxic|p2a: Gargoyle
|-status|p2a: Gargoyle|tox
|
|-heal|p1a: Salamence|71/100|[from] move: Wish|[wisher] Salamence
|-weather|Sandstorm|[upkeep]
|-damage|p1a: Salamence|65/100|[from] Sandstorm
|-damage|p2a: Gargoyle|95/100 tox|[from] psn
|-heal|p1a: Salamence|71/100|[from] item: Leftovers
|upkeep
|turn|27
|
|t:|1727798121
|switch|p2a: Yolko Oh No|Blissey, F|94/100
|move|p1a: Salamence|Protect||[still]
|-fail|p1a: Salamence
|
|-weather|Sandstorm|[upkeep]
|-damage|p1a: Salamence|65/100|[from] Sandstorm
|-damage|p2a: Yolko Oh No|88/100|[from] Sandstorm
|-heal|p1a: Salamence|71/100|[from] item: Leftovers
|-heal|p2a: Yolko Oh No|94/100|[from] item: Leftovers
|upkeep
|turn|28
|
|t:|1727798130
|switch|p1a: Celebi|Celebi|99/100
|-damage|p1a: Celebi|75/100|[from] Spikes
|move|p2a: Yolko Oh No|Aromatherapy|p2a: Yolko Oh No
|-cureteam|p2a: Yolko Oh No|[from] move: Aromatherapy
|
|-weather|Sandstorm|[upkeep]
|-damage|p1a: Celebi|69/100|[from] Sandstorm
|-damage|p2a: Yolko Oh No|88/100|[from] Sandstorm
|-heal|p1a: Celebi|75/100|[from] item: Leftovers
|-heal|p2a: Yolko Oh No|94/100|[from] item: Leftovers
|upkeep
|turn|29
|
|t:|1727798143
|move|p1a: Celebi|Leech Seed|p2a: Yolko Oh No
|-start|p2a: Yolko Oh No|move: Leech Seed
|move|p2a: Yolko Oh No|Ice Beam|p1a: Celebi
|-supereffective|p1a: Celebi
|-damage|p1a: Celebi|52/100
|
|-weather|Sandstorm|[upkeep]
|-damage|p1a: Celebi|46/100|[from] Sandstorm
|-damage|p2a: Yolko Oh No|88/100|[from] Sandstorm
|-heal|p1a: Celebi|52/100|[from] item: Leftovers
|-heal|p2a: Yolko Oh No|94/100|[from] item: Leftovers
|-damage|p2a: Yolko Oh No|81/100|[from] Leech Seed|[of] p1a: Celebi
|-heal|p1a: Celebi|75/100|[silent]
|upkeep
|turn|30
|
|t:|1727798153
|switch|p2a: Gargoyle|Aerodactyl, F|95/100
|move|p1a: Celebi|Psychic|p2a: Gargoyle
|-damage|p2a: Gargoyle|52/100
|
|-weather|Sandstorm|[upkeep]
|-damage|p1a: Celebi|68/100|[from] Sandstorm
|-heal|p1a: Celebi|75/100|[from] item: Leftovers
|upkeep
|turn|31
|
|t:|1727798166
|switch|p1a: Jirachi|Jirachi|90/100
|-damage|p1a: Jirachi|65/100|[from] Spikes
|move|p2a: Gargoyle|Hidden Power|p1a: Jirachi
|-resisted|p1a: Jirachi
|-damage|p1a: Jirachi|51/100
|
|-weather|Sandstorm|[upkeep]
|-heal|p1a: Jirachi|57/100|[from] item: Leftovers
|upkeep
|turn|32
|
|t:|1727798176
|switch|p2a: Magnus Carlmon|Magneton|88/100
|move|p1a: Jirachi|Wish|p1a: Jirachi
|
|-weather|Sandstorm|[upkeep]
|-heal|p2a: Magnus Carlmon|94/100|[from] item: Leftovers
|-heal|p1a: Jirachi|63/100|[from] item: Leftovers
|upkeep
|turn|33
|
|t:|1727798185
|move|p2a: Magnus Carlmon|Hidden Power|p1a: Jirachi
|-supereffective|p1a: Jirachi
|-damage|p1a: Jirachi|26/100
|move|p1a: Jirachi|Fire Punch|p2a: Magnus Carlmon
|-supereffective|p2a: Magnus Carlmon
|-damage|p2a: Magnus Carlmon|30/100
|
|-heal|p1a: Jirachi|76/100|[from] move: Wish|[wisher] Jirachi
|-weather|Sandstorm|[upkeep]
|-heal|p2a: Magnus Carlmon|36/100|[from] item: Leftovers
|-heal|p1a: Jirachi|82/100|[from] item: Leftovers
|upkeep
|turn|34
|
|t:|1727798204
|move|p2a: Magnus Carlmon|Thunderbolt|p1a: Jirachi
|-damage|p1a: Jirachi|44/100
|move|p1a: Jirachi|Wish|p1a: Jirachi
|
|-weather|Sandstorm|[upkeep]
|-heal|p2a: Magnus Carlmon|42/100|[from] item: Leftovers
|-heal|p1a: Jirachi|50/100|[from] item: Leftovers
|upkeep
|turn|35
|
|t:|1727798211
|move|p2a: Magnus Carlmon|Protect|p2a: Magnus Carlmon
|-singleturn|p2a: Magnus Carlmon|Protect
|move|p1a: Jirachi|Fire Punch|p2a: Magnus Carlmon
|-activate|p2a: Magnus Carlmon|Protect
|
|-heal|p1a: Jirachi|100/100|[from] move: Wish|[wisher] Jirachi
|-weather|Sandstorm|[upkeep]
|-heal|p2a: Magnus Carlmon|48/100|[from] item: Leftovers
|upkeep
|turn|36
|
|t:|1727798220
|switch|p2a: Yolko Oh No|Blissey, F|81/100
|move|p1a: Jirachi|Fire Punch|p2a: Yolko Oh No
|-crit|p2a: Yolko Oh No
|-damage|p2a: Yolko Oh No|69/100
|
|-weather|Sandstorm|[upkeep]
|-damage|p2a: Yolko Oh No|63/100|[from] Sandstorm
|-heal|p2a: Yolko Oh No|69/100|[from] item: Leftovers
|upkeep
|turn|37
|
|t:|1727798228
|move|p1a: Jirachi|Wish|p1a: Jirachi
|move|p2a: Yolko Oh No|Thunderbolt|p1a: Jirachi
|-crit|p1a: Jirachi
|-damage|p1a: Jirachi|69/100
|
|-weather|Sandstorm|[upkeep]
|-damage|p2a: Yolko Oh No|63/100|[from] Sandstorm
|-heal|p1a: Jirachi|75/100|[from] item: Leftovers
|-heal|p2a: Yolko Oh No|69/100|[from] item: Leftovers
|upkeep
|turn|38
|
|t:|1727798238
|move|p1a: Jirachi|Body Slam|p2a: Yolko Oh No
|-damage|p2a: Yolko Oh No|54/100
|move|p2a: Yolko Oh No|Thunderbolt|p1a: Jirachi
|-damage|p1a: Jirachi|60/100
|
|-heal|p1a: Jirachi|100/100|[from] move: Wish|[wisher] Jirachi
|-weather|Sandstorm|[upkeep]
|-damage|p2a: Yolko Oh No|48/100|[from] Sandstorm
|-heal|p2a: Yolko Oh No|54/100|[from] item: Leftovers
|upkeep
|turn|39
|
|t:|1727798249
|switch|p1a: Starmie|Starmie|72/100
|-damage|p1a: Starmie|47/100|[from] Spikes
|move|p2a: Yolko Oh No|Soft-Boiled|p2a: Yolko Oh No
|-heal|p2a: Yolko Oh No|100/100
|
|-weather|Sandstorm|[upkeep]
|-damage|p1a: Starmie|41/100|[from] Sandstorm
|-damage|p2a: Yolko Oh No|94/100|[from] Sandstorm
|-heal|p1a: Starmie|47/100|[from] item: Leftovers
|-heal|p2a: Yolko Oh No|100/100|[from] item: Leftovers
|upkeep
|turn|40
|
|t:|1727798259
|move|p1a: Starmie|Recover|p1a: Starmie
|-heal|p1a: Starmie|97/100
|move|p2a: Yolko Oh No|Thunderbolt|p1a: Starmie
|-supereffective|p1a: Starmie
|-damage|p1a: Starmie|63/100
|
|-weather|Sandstorm|[upkeep]
|-damage|p1a: Starmie|57/100|[from] Sandstorm
|-damage|p2a: Yolko Oh No|94/100|[from] Sandstorm
|-heal|p1a: Starmie|63/100|[from] item: Leftovers
|-heal|p2a: Yolko Oh No|100/100|[from] item: Leftovers
|upkeep
|turn|41
|
|t:|1727798269
|move|p1a: Starmie|Rapid Spin|p2a: Yolko Oh No
|-damage|p2a: Yolko Oh No|98/100
|-sideend|p1: GarhamSandich|Spikes|[from] move: Rapid Spin|[of] p1a: Starmie
|move|p2a: Yolko Oh No|Thunderbolt|p1a: Starmie
|-supereffective|p1a: Starmie
|-damage|p1a: Starmie|32/100
|
|-weather|Sandstorm|[upkeep]
|-damage|p1a: Starmie|26/100|[from] Sandstorm
|-damage|p2a: Yolko Oh No|92/100|[from] Sandstorm
|-heal|p1a: Starmie|32/100|[from] item: Leftovers
|-heal|p2a: Yolko Oh No|98/100|[from] item: Leftovers
|upkeep
|turn|42
|
|t:|1727798279
|move|p1a: Starmie|Recover|p1a: Starmie
|-heal|p1a: Starmie|82/100
|move|p2a: Yolko Oh No|Thunderbolt|p1a: Starmie
|-supereffective|p1a: Starmie
|-damage|p1a: Starmie|51/100
|
|-weather|Sandstorm|[upkeep]
|-damage|p1a: Starmie|45/100|[from] Sandstorm
|-damage|p2a: Yolko Oh No|92/100|[from] Sandstorm
|-heal|p1a: Starmie|51/100|[from] item: Leftovers
|-heal|p2a: Yolko Oh No|98/100|[from] item: Leftovers
|upkeep
|turn|43
|
|t:|1727798290
|switch|p1a: Celebi|Celebi|75/100
|move|p2a: Yolko Oh No|Thunderbolt|p1a: Celebi
|-resisted|p1a: Celebi
|-damage|p1a: Celebi|69/100
|
|-weather|Sandstorm|[upkeep]
|-damage|p1a: Celebi|63/100|[from] Sandstorm
|-damage|p2a: Yolko Oh No|92/100|[from] Sandstorm
|-heal|p1a: Celebi|69/100|[from] item: Leftovers
|-heal|p2a: Yolko Oh No|98/100|[from] item: Leftovers
|upkeep
|turn|44
|
|t:|1727798305
|switch|p2a: Gargoyle|Aerodactyl, F|52/100
|move|p1a: Celebi|Leech Seed|p2a: Gargoyle
|-start|p2a: Gargoyle|move: Leech Seed
|
|-weather|Sandstorm|[upkeep]
|-damage|p1a: Celebi|63/100|[from] Sandstorm
|-damage|p2a: Gargoyle|39/100|[from] Leech Seed|[of] p1a: Celebi
|-heal|p1a: Celebi|72/100|[silent]
|-heal|p1a: Celebi|78/100|[from] item: Leftovers
|upkeep
|turn|45
|
|t:|1727798316
|switch|p1a: Jirachi|Jirachi|100/100
|move|p2a: Gargoyle|Hidden Power|p1a: Jirachi
|-resisted|p1a: Jirachi
|-damage|p1a: Jirachi|85/100
|
|-weather|Sandstorm|[upkeep]
|-damage|p2a: Gargoyle|27/100|[from] Leech Seed|[of] p1a: Jirachi
|-heal|p1a: Jirachi|94/100|[silent]
|-heal|p1a: Jirachi|100/100|[from] item: Leftovers
|upkeep
|turn|46
|
|t:|1727798330
|switch|p2a: Yolko Oh No|Blissey, F|98/100
|switch|p1a: Tyranitar|Tyranitar, F|83/100
|
|-weather|Sandstorm|[upkeep]
|-damage|p2a: Yolko Oh No|92/100|[from] Sandstorm
|-heal|p2a: Yolko Oh No|98/100|[from] item: Leftovers
|upkeep
|turn|47
|
|t:|1727798340
|switch|p2a: Kicken Chicken|Blaziken, M|17/100
|move|p1a: Tyranitar|Rock Slide|p2a: Kicken Chicken
|-damage|p2a: Kicken Chicken|0 fnt
|faint|p2a: Kicken Chicken
|
|t:|1727798346
|switch|p2a: Feesh|Milotic, M|100/100
|
|-weather|Sandstorm|[upkeep]
|-damage|p2a: Feesh|94/100|[from] Sandstorm
|-heal|p2a: Feesh|100/100|[from] item: Leftovers
|upkeep
|turn|48
|
|t:|1727798355
|switch|p1a: Celebi|Celebi|78/100
|move|p2a: Feesh|Toxic|p1a: Celebi
|-status|p1a: Celebi|tox
|
|-weather|Sandstorm|[upkeep]
|-damage|p1a: Celebi|72/100 tox|[from] Sandstorm
|-damage|p2a: Feesh|94/100|[from] Sandstorm
|-heal|p1a: Celebi|78/100 tox|[from] item: Leftovers
|-damage|p1a: Celebi|72/100 tox|[from] psn
|-heal|p2a: Feesh|100/100|[from] item: Leftovers
|upkeep
|turn|49
|
|t:|1727798365
|-curestatus|p1a: Celebi|tox|[from] ability: Natural Cure
|switch|p1a: Starmie|Starmie|51/100
|move|p2a: Feesh|Ice Beam|p1a: Starmie
|-resisted|p1a: Starmie
|-damage|p1a: Starmie|42/100
|
|-weather|Sandstorm|[upkeep]
|-damage|p1a: Starmie|36/100|[from] Sandstorm
|-damage|p2a: Feesh|94/100|[from] Sandstorm
|-heal|p1a: Starmie|42/100|[from] item: Leftovers
|-heal|p2a: Feesh|100/100|[from] item: Leftovers
|upkeep
|turn|50
|
|t:|1727798376
|move|p1a: Starmie|Recover|p1a: Starmie
|-heal|p1a: Starmie|92/100
|move|p2a: Feesh|Toxic|p1a: Starmie|[miss]
|-miss|p2a: Feesh|p1a: Starmie
|
|-weather|Sandstorm|[upkeep]
|-damage|p1a: Starmie|86/100|[from] Sandstorm
|-damage|p2a: Feesh|94/100|[from] Sandstorm
|-heal|p1a: Starmie|92/100|[from] item: Leftovers
|-heal|p2a: Feesh|100/100|[from] item: Leftovers
|upkeep
|turn|51
|
|t:|1727798387
|move|p1a: Starmie|Thunder Wave|p2a: Feesh
|-status|p2a: Feesh|par
|move|p2a: Feesh|Toxic|p1a: Starmie
|-status|p1a: Starmie|tox
|
|-weather|Sandstorm|[upkeep]
|-damage|p1a: Starmie|86/100 tox|[from] Sandstorm
|-damage|p2a: Feesh|94/100 par|[from] Sandstorm
|-heal|p1a: Starmie|92/100 tox|[from] item: Leftovers
|-damage|p1a: Starmie|86/100 tox|[from] psn
|-heal|p2a: Feesh|100/100 par|[from] item: Leftovers
|upkeep
|turn|52
|
|t:|1727798401
|-curestatus|p1a: Starmie|tox|[from] ability: Natural Cure
|switch|p1a: Celebi|Celebi|72/100
|move|p2a: Feesh|Ice Beam|p1a: Celebi
|-supereffective|p1a: Celebi
|-damage|p1a: Celebi|47/100
|
|-weather|Sandstorm|[upkeep]
|-damage|p1a: Celebi|40/100|[from] Sandstorm
|-damage|p2a: Feesh|94/100 par|[from] Sandstorm
|-heal|p1a: Celebi|47/100|[from] item: Leftovers
|-heal|p2a: Feesh|100/100 par|[from] item: Leftovers
|upkeep
|turn|53
|
|t:|1727798413
|switch|p2a: Magnus Carlmon|Magneton|48/100
|move|p1a: Celebi|Recover|p1a: Celebi
|-heal|p1a: Celebi|97/100
|
|-weather|Sandstorm|[upkeep]
|-damage|p1a: Celebi|90/100|[from] Sandstorm
|-heal|p2a: Magnus Carlmon|55/100|[from] item: Leftovers
|-heal|p1a: Celebi|97/100|[from] item: Leftovers
|upkeep
|turn|54
|
|t:|1727798422
|move|p2a: Magnus Carlmon|Hidden Power|p1a: Celebi
|-supereffective|p1a: Celebi
|-damage|p1a: Celebi|70/100
|move|p1a: Celebi|Psychic|p2a: Magnus Carlmon
|-resisted|p2a: Magnus Carlmon
|-damage|p2a: Magnus Carlmon|26/100
|
|-weather|Sandstorm|[upkeep]
|-damage|p1a: Celebi|64/100|[from] Sandstorm
|-heal|p2a: Magnus Carlmon|32/100|[from] item: Leftovers
|-heal|p1a: Celebi|70/100|[from] item: Leftovers
|upkeep
|turn|55
|
|t:|1727798435
|move|p2a: Magnus Carlmon|Protect|p2a: Magnus Carlmon
|-singleturn|p2a: Magnus Carlmon|Protect
|move|p1a: Celebi|Recover|p1a: Celebi
|-heal|p1a: Celebi|100/100
|
|-weather|Sandstorm|[upkeep]
|-damage|p1a: Celebi|94/100|[from] Sandstorm
|-heal|p2a: Magnus Carlmon|38/100|[from] item: Leftovers
|-heal|p1a: Celebi|100/100|[from] item: Leftovers
|upkeep
|turn|56
|
|t:|1727798444
|move|p2a: Magnus Carlmon|Toxic|p1a: Celebi
|-status|p1a: Celebi|tox
|move|p1a: Celebi|Leech Seed|p2a: Magnus Carlmon
|-start|p2a: Magnus Carlmon|move: Leech Seed
|
|-weather|Sandstorm|[upkeep]
|-damage|p1a: Celebi|94/100 tox|[from] Sandstorm
|-heal|p2a: Magnus Carlmon|44/100|[from] item: Leftovers
|-damage|p2a: Magnus Carlmon|32/100|[from] Leech Seed|[of] p1a: Celebi
|-heal|p1a: Celebi|100/100 tox|[silent]
|-damage|p1a: Celebi|94/100 tox|[from] psn
|upkeep
|turn|57
|
|t:|1727798458
|switch|p2a: Yolko Oh No|Blissey, F|98/100
|-curestatus|p1a: Celebi|tox|[from] ability: Natural Cure
|switch|p1a: Tyranitar|Tyranitar, F|83/100
|
|-weather|Sandstorm|[upkeep]
|-damage|p2a: Yolko Oh No|92/100|[from] Sandstorm
|-heal|p2a: Yolko Oh No|98/100|[from] item: Leftovers
|upkeep
|turn|58
|
|t:|1727798466
|move|p1a: Tyranitar|Rock Slide|p2a: Yolko Oh No
|-damage|p2a: Yolko Oh No|42/100
|move|p2a: Yolko Oh No|Ice Beam|p1a: Tyranitar
|-damage|p1a: Tyranitar|65/100
|
|-weather|Sandstorm|[upkeep]
|-damage|p2a: Yolko Oh No|35/100|[from] Sandstorm
|-heal|p2a: Yolko Oh No|42/100|[from] item: Leftovers
|upkeep
|turn|59
|
|t:|1727798475
|switch|p2a: Magnus Carlmon|Magneton|32/100
|move|p1a: Tyranitar|Rock Slide|p2a: Magnus Carlmon
|-resisted|p2a: Magnus Carlmon
|-damage|p2a: Magnus Carlmon|0 fnt
|faint|p2a: Magnus Carlmon
|
|t:|1727798481
|switch|p2a: Gargoyle|Aerodactyl, F|27/100
|
|-weather|Sandstorm|[upkeep]
|upkeep
|turn|60
|
|t:|1727798485
|switch|p1a: Jirachi|Jirachi|100/100
|move|p2a: Gargoyle|Rock Slide|p1a: Jirachi
|-resisted|p1a: Jirachi
|-damage|p1a: Jirachi|86/100
|
|-weather|Sandstorm|[upkeep]
|-heal|p1a: Jirachi|92/100|[from] item: Leftovers
|upkeep
|turn|61
|
|t:|1727798494
|switch|p2a: Feesh|Milotic, M|100/100 par
|move|p1a: Jirachi|Wish|p1a: Jirachi
|
|-weather|Sandstorm|[upkeep]
|-damage|p2a: Feesh|94/100 par|[from] Sandstorm
|-heal|p1a: Jirachi|98/100|[from] item: Leftovers
|-heal|p2a: Feesh|100/100 par|[from] item: Leftovers
|upkeep
|turn|62
|
|t:|1727798503
|switch|p1a: Salamence|Salamence, M|71/100
|-ability|p1a: Salamence|Intimidate|boost
|-unboost|p2a: Feesh|atk|1
|move|p2a: Feesh|Ice Beam|p1a: Salamence
|-supereffective|p1a: Salamence
|-damage|p1a: Salamence|0 fnt
|faint|p1a: Salamence
|
|t:|1727798509
|switch|p1a: Tyranitar|Tyranitar, F|65/100
|
|-heal|p1a: Tyranitar|100/100|[from] move: Wish|[wisher] Jirachi
|-weather|Sandstorm|[upkeep]
|-damage|p2a: Feesh|94/100 par|[from] Sandstorm
|-heal|p2a: Feesh|100/100 par|[from] item: Leftovers
|upkeep
|turn|63
|
|t:|1727798516
|move|p1a: Tyranitar|Rock Slide|p2a: Feesh
|-damage|p2a: Feesh|55/100 par
|cant|p2a: Feesh|flinch
|
|-weather|Sandstorm|[upkeep]
|-damage|p2a: Feesh|49/100 par|[from] Sandstorm
|-heal|p2a: Feesh|55/100 par|[from] item: Leftovers
|upkeep
|turn|64
|
|t:|1727798524
|move|p1a: Tyranitar|Rock Slide|p2a: Feesh
|-damage|p2a: Feesh|11/100 par
|cant|p2a: Feesh|par
|
|-weather|Sandstorm|[upkeep]
|-damage|p2a: Feesh|5/100 par|[from] Sandstorm
|-heal|p2a: Feesh|11/100 par|[from] item: Leftovers
|upkeep
|turn|65
|
|t:|1727798532
|move|p1a: Tyranitar|Rock Slide|p2a: Feesh|[miss]
|-miss|p1a: Tyranitar|p2a: Feesh
|cant|p2a: Feesh|par
|
|-weather|Sandstorm|[upkeep]
|-damage|p2a: Feesh|5/100 par|[from] Sandstorm
|-heal|p2a: Feesh|11/100 par|[from] item: Leftovers
|upkeep
|turn|66
|
|t:|1727798539
|move|p1a: Tyranitar|Rock Slide|p2a: Feesh
|-damage|p2a: Feesh|0 fnt
|faint|p2a: Feesh
|
|t:|1727798543
|switch|p2a: Gargoyle|Aerodactyl, F|27/100
|
|-weather|Sandstorm|[upkeep]
|upkeep
|turn|67
|
|t:|1727798547
|switch|p1a: Celebi|Celebi|94/100
|move|p2a: Gargoyle|Earthquake|p1a: Celebi
|-resisted|p1a: Celebi
|-damage|p1a: Celebi|77/100
|
|-weather|Sandstorm|[upkeep]
|-damage|p1a: Celebi|71/100|[from] Sandstorm
|-heal|p1a: Celebi|77/100|[from] item: Leftovers
|upkeep
|turn|68
|
|t:|1727798555
|switch|p2a: Yolko Oh No|Blissey, F|42/100
|switch|p1a: Tyranitar|Tyranitar, F|100/100
|
|-weather|Sandstorm|[upkeep]
|-damage|p2a: Yolko Oh No|35/100|[from] Sandstorm
|-heal|p2a: Yolko Oh No|42/100|[from] item: Leftovers
|upkeep
|turn|69
|
|t:|1727798563
|move|p1a: Tyranitar|Rock Slide|p2a: Yolko Oh No
|-damage|p2a: Yolko Oh No|0 fnt
|faint|p2a: Yolko Oh No
|
|t:|1727798567
|switch|p2a: Gargoyle|Aerodactyl, F|27/100
|
|-weather|Sandstorm|[upkeep]
|upkeep
|turn|70
|
|t:|1727798570
|move|p2a: Gargoyle|Rock Slide|p1a: Tyranitar
|-damage|p1a: Tyranitar|56/100
|move|p1a: Tyranitar|Rock Slide|p2a: Gargoyle
|-supereffective|p2a: Gargoyle
|-damage|p2a: Gargoyle|0 fnt
|faint|p2a: Gargoyle
|
|win|GarhamSandich
|c|☆GarhamSandich|gg

</script>
<script type="application/json" class="data" id="replaydata-gen3ou-2213633888-g94y0m0pz7huw3p7oi97yvjrz6gb4tgpw">
{"id":"gen3ou-2213633888","format":"[Gen 3] OU","players":["GarhamSandich","reptikrook"],"uploadtime":1727798574,"views":91,"formatid":"gen3ou","rating":null,"private":1,"password":"g94y0m0pz7huw3p7oi97yvjrz6gb4tg"}
</script>

<script defer src="js/replays.js?9d40a366"></script>
