<!DOCTYPE html>
<meta charset="utf-8" />
<meta name="viewport" content="width=device-width" />

<title>[Gen 3] OU: Msousagamer vs. Void - Replays - Pok&eacute;mon Showdown!</title>

<meta name="description" content="Watch a replay of a Pok&eacute;mon battle between Msousagamer and Void! Format: [Gen 3] OU; Date: Nov 9, 2024" />
<!--

Hey, you! Looking in the source for the replay log?

You can find them in JSON format, just add `.json` at the end of a replay URL.

https://replay.pokemonshowdown.com/gen7randomdoublesbattle-865046831.json

Or, if you only need the log itself, add `.log` instead:

https://replay.pokemonshowdown.com/gen7randomdoublesbattle-865046831.log

-->

<link rel="stylesheet" href="//pokemonshowdown.com/style/global.css?0.023195364461161105" />
<link rel="stylesheet" href="//play.pokemonshowdown.com/style/font-awesome.css?0.13261647063804238" />
<link rel="stylesheet" href="//play.pokemonshowdown.com/style/battle.css?0.8753245789963631" />
<link rel="stylesheet" href="//play.pokemonshowdown.com/style/utilichart.css?0.8627959624976733" />

<!-- Global site tag (gtag.js) - Google Analytics -->
<script async src="https://www.googletagmanager.com/gtag/js?id=UA-26211653-1"></script>
<script>
  window.dataLayer = window.dataLayer || [];
  function gtag(){dataLayer.push(arguments);}
  gtag('js', new Date());

  gtag('config', 'UA-26211653-1');
</script>
<!-- End Google Analytics -->
<!-- Venatus Ad Manager - Install in <HEAD> of page -->
	<script src="https://hb.vntsm.com/v3/live/ad-manager.min.js" type="text/javascript" data-site-id="642aba63ec9a7b11c3c9c1be" data-mode="scan" async></script>
<!-- / Venatus Ad Manager -->

<style>
	@media (max-width:820px) {
		.battle {
			margin: 0 auto;
		}
		.battle-log {
			margin: 7px auto 0;
			max-width: 640px;
			height: 300px;
			position: static;
		}
	}
	.optgroup {
		display: inline-block;
		line-height: 22px;
		font-size: 10pt;
	}
	.optgroup .button {
		height: 25px;
		padding-top: 0;
		padding-bottom: 0;
	}
	.optgroup button.button {
		padding-left: 12px;
		padding-right: 12px;
	}
	.linklist {
		list-style: none;
		margin: 0.5em 0;
		padding: 0;
	}
	.linklist li {
		padding: 2px 0;
	}
	.sidebar {
		float: left;
		width: 320px;
	}
	.bar-wrapper {
		max-width: 1100px;
		margin: 0 auto;
	}
	.bar-wrapper.has-sidebar {
		max-width: 1430px;
	}
	.mainbar {
		margin: 0;
		padding-right: 1px;
	}
	.mainbar.has-sidebar {
		margin-left: 330px;
	}
	@media (min-width: 1511px) {
		.sidebar {
			width: 400px;
		}
		.bar-wrapper.has-sidebar {
			max-width: 1510px;
		}
		.mainbar.has-sidebar {
			margin-left: 410px;
		}
	}
	.section.first-section {
		margin-top: 9px;
	}
	.blocklink small {
		white-space: normal;
	}
	.button {
		vertical-align: middle;
	}
	.replay-controls {
		padding-top: 10px;
	}
	.replay-controls h1 {
		font-size: 16pt;
		font-weight: normal;
		color: #CCC;
	}
	.pagelink {
		text-align: center;
	}
	.pagelink a {
		width: 150px;
	}
	.textbox, .button {
		font-size: 11pt;
		vertical-align: middle;
	}
	@media (max-width: 450px) {
		.button {
			font-size: 9pt;
		}
	}
</style>

<div>

	<header>
		<div class="nav-wrapper"><ul class="nav">
			<li><a class="button nav-first" href="//pokemonshowdown.com/"><img src="//pokemonshowdown.com/images/pokemonshowdownbeta.png" srcset="//pokemonshowdown.com/images/pokemonshowdownbeta.png 1x, //pokemonshowdown.com/images/pokemonshowdownbeta@2x.png 2x" alt="Pok&eacute;mon Showdown" width="146" height="44" /> Home</a></li>
			<li><a class="button" href="//pokemonshowdown.com/dex/">Pok&eacute;dex</a></li>
			<li><a class="button cur" href="/">Replays</a></li>
			<li><a class="button" href="//pokemonshowdown.com/ladder/">Ladder</a></li>
			<li><a class="button nav-last" href="//pokemonshowdown.com/forums/">Forum</a></li>
			<li><a class="button greenbutton nav-first nav-last" href="//play.pokemonshowdown.com/">Play</a></li>
		</ul></div>
	</header>

	<div class="main" id="main">

		<noscript><section class="section">You need to enable JavaScript to use this page; sorry!</section></noscript>

	</div>

</div>

<script defer nomodule src="//play.pokemonshowdown.com/js/lib/ps-polyfill.js"></script>
<script defer src="//play.pokemonshowdown.com/js/lib/preact.min.js"></script>

<script defer src="//play.pokemonshowdown.com/config/config.js?2bddbc15"></script>
<script defer src="//play.pokemonshowdown.com/js/lib/jquery-1.11.0.min.js"></script>
<script defer src="//play.pokemonshowdown.com/js/lib/html-sanitizer-minified.js"></script>
<script defer src="//play.pokemonshowdown.com/js/battle-sound.js"></script>
<script defer src="//play.pokemonshowdown.com/js/battledata.js?0.7209276989879541"></script>
<script defer src="//play.pokemonshowdown.com/data/pokedex-mini.js?0.6111056340867951"></script>
<script defer src="//play.pokemonshowdown.com/data/pokedex-mini-bw.js?0.3532142036491459"></script>
<script defer src="//play.pokemonshowdown.com/data/graphics.js?0.24223875632456182"></script>
<script defer src="//play.pokemonshowdown.com/data/pokedex.js?0.38839984266356864"></script>
<script defer src="//play.pokemonshowdown.com/data/moves.js?0.21866028504024015"></script>
<script defer src="//play.pokemonshowdown.com/data/abilities.js?0.2005157953846628"></script>
<script defer src="//play.pokemonshowdown.com/data/items.js?0.9894211263848525"></script>
<script defer src="//play.pokemonshowdown.com/data/teambuilder-tables.js?0.6008791140282215"></script>
<script defer src="//play.pokemonshowdown.com/js/battle-tooltips.js?0.7580118955022959"></script>
<script defer src="//play.pokemonshowdown.com/js/battle.js?0.6057722274234274"></script>

<script defer src="js/utils.js?e31f9a17"></script>
<script defer src="js/replays-battle.js?7008c182"></script>

<!-- don't scrape this data! just add .json or .log after the URL!
Full API docs: https://github.com/smogon/pokemon-showdown-client/blob/master/WEB-API.md -->
<script type="text/plain" class="log" id="replaylog-smogtours-gen3ou-805364">
|inactive|Battle timer is ON: inactive players will automatically lose when time's up.
|t:|1731143413
|gametype|singles
|player|p1|Msousagamer|veteran|
|player|p2|Void|#splxvwolfpack|
|teamsize|p1|6
|teamsize|p2|6
|gen|3
|tier|[Gen 3] OU
|rule|Sleep Clause Mod: Limit one foe put to sleep
|rule|Switch Priority Clause Mod: Faster Pokémon switch first
|rule|Species Clause: Limit one of each Pokémon
|rule|OHKO Clause: OHKO moves are banned
|rule|Evasion Items Clause: Evasion items are banned
|rule|Evasion Moves Clause: Evasion moves are banned
|rule|Endless Battle Clause: Forcing endless battles is banned
|rule|HP Percentage Mod: HP is shown in percentages
|rule|One Boost Passer Clause: Limit one Baton Passer that has a way to boost its stats
|rule|Freeze Clause Mod: Limit one foe frozen
|
|t:|1731143413
|start
|switch|p1a: Green Lizard|Tyranitar, M|100/100
|switch|p2a: Salamence|Salamence, F|100/100
|-ability|p2a: Salamence|Intimidate|boost
|-unboost|p1a: Green Lizard|atk|1
|-weather|Sandstorm|[from] ability: Sand Stream|[of] p1a: Green Lizard
|turn|1
|c|☆Void|glhf
|c|☆Msousagamer|gl hf
|
|t:|1731143443
|switch|p1a: Miros Vulture|Skarmory, F|100/100
|move|p2a: Salamence|Brick Break|p1a: Miros Vulture
|-damage|p1a: Miros Vulture|69/100
|
|-weather|Sandstorm|[upkeep]
|-damage|p2a: Salamence|94/100|[from] Sandstorm
|-heal|p1a: Miros Vulture|75/100|[from] item: Leftovers
|upkeep
|turn|2
|
|t:|1731143453
|switch|p2a: Hariyama|Hariyama, F|100/100
|move|p1a: Miros Vulture|Spikes|p2a: Hariyama
|-sidestart|p2: Void|Spikes
|
|-weather|Sandstorm|[upkeep]
|-damage|p2a: Hariyama|94/100|[from] Sandstorm
|-heal|p1a: Miros Vulture|81/100|[from] item: Leftovers
|-heal|p2a: Hariyama|100/100|[from] item: Leftovers
|upkeep
|turn|3
|
|t:|1731143460
|move|p1a: Miros Vulture|Drill Peck|p2a: Hariyama
|-supereffective|p2a: Hariyama
|-damage|p2a: Hariyama|59/100
|move|p2a: Hariyama|Knock Off|p1a: Miros Vulture
|-resisted|p1a: Miros Vulture
|-damage|p1a: Miros Vulture|80/100
|-enditem|p1a: Miros Vulture|Leftovers|[from] move: Knock Off|[of] p2a: Hariyama
|-hint|In Gens 3-4, Knock Off only makes the target's item unusable; it cannot obtain a new item.
|
|-weather|Sandstorm|[upkeep]
|-damage|p2a: Hariyama|53/100|[from] Sandstorm
|-heal|p2a: Hariyama|59/100|[from] item: Leftovers
|upkeep
|turn|4
|
|t:|1731143469
|switch|p2a: Jirachi|Jirachi|100/100
|-damage|p2a: Jirachi|88/100|[from] Spikes
|move|p1a: Miros Vulture|Spikes|p2a: Jirachi
|-sidestart|p2: Void|Spikes
|
|-weather|Sandstorm|[upkeep]
|-heal|p2a: Jirachi|94/100|[from] item: Leftovers
|upkeep
|turn|5
|
|t:|1731143480
|move|p2a: Jirachi|Fire Punch|p1a: Miros Vulture
|-supereffective|p1a: Miros Vulture
|-damage|p1a: Miros Vulture|50/100
|move|p1a: Miros Vulture|Spikes|p2a: Jirachi
|-sidestart|p2: Void|Spikes
|
|-weather|Sandstorm|[upkeep]
|-heal|p2a: Jirachi|100/100|[from] item: Leftovers
|upkeep
|turn|6
|
|t:|1731143492
|switch|p1a: Yellow Lizard|Zapdos|100/100
|move|p2a: Jirachi|Wish|p2a: Jirachi
|
|-weather|Sandstorm|[upkeep]
|-damage|p1a: Yellow Lizard|94/100|[from] Sandstorm
|-heal|p1a: Yellow Lizard|100/100|[from] item: Leftovers
|upkeep
|turn|7
|
|t:|1731143498
|move|p2a: Jirachi|Toxic|p1a: Yellow Lizard
|-status|p1a: Yellow Lizard|tox
|move|p1a: Yellow Lizard|Roar|p2a: Jirachi
|drag|p2a: Blissey|Blissey, F|100/100
|-damage|p2a: Blissey|76/100|[from] Spikes
|
|-heal|p2a: Blissey|100/100|[from] move: Wish|[wisher] Jirachi
|-weather|Sandstorm|[upkeep]
|-damage|p1a: Yellow Lizard|94/100 tox|[from] Sandstorm
|-damage|p2a: Blissey|94/100|[from] Sandstorm
|-heal|p1a: Yellow Lizard|100/100 tox|[from] item: Leftovers
|-damage|p1a: Yellow Lizard|94/100 tox|[from] psn
|-heal|p2a: Blissey|100/100|[from] item: Leftovers
|upkeep
|turn|8
|
|t:|1731143512
|switch|p1a: Ancient|Jirachi|100/100
|move|p2a: Blissey|Ice Beam|p1a: Ancient
|-resisted|p1a: Ancient
|-damage|p1a: Ancient|89/100
|
|-weather|Sandstorm|[upkeep]
|-damage|p2a: Blissey|94/100|[from] Sandstorm
|-heal|p1a: Ancient|95/100|[from] item: Leftovers
|-heal|p2a: Blissey|100/100|[from] item: Leftovers
|upkeep
|turn|9
|
|t:|1731143518
|switch|p2a: Claydol|Claydol|100/100
|move|p1a: Ancient|Wish|p1a: Ancient
|
|-weather|Sandstorm|[upkeep]
|-heal|p1a: Ancient|100/100|[from] item: Leftovers
|upkeep
|turn|10
|
|t:|1731143522
|switch|p1a: Echo|Gengar, M|100/100
|move|p2a: Claydol|Rapid Spin|p1a: Echo
|-immune|p1a: Echo
|
|-weather|Sandstorm|[upkeep]
|-damage|p1a: Echo|94/100|[from] Sandstorm
|-heal|p1a: Echo|100/100|[from] item: Leftovers
|upkeep
|turn|11
|
|t:|1731143536
|move|p1a: Echo|Will-O-Wisp|p2a: Claydol
|-status|p2a: Claydol|brn
|move|p2a: Claydol|Shadow Ball|p1a: Echo
|-supereffective|p1a: Echo
|-damage|p1a: Echo|71/100
|
|-weather|Sandstorm|[upkeep]
|-damage|p1a: Echo|65/100|[from] Sandstorm
|-heal|p1a: Echo|71/100|[from] item: Leftovers
|-damage|p2a: Claydol|88/100 brn|[from] brn
|upkeep
|turn|12
|
|t:|1731143545
|switch|p2a: Blissey|Blissey, F|100/100
|-damage|p2a: Blissey|76/100|[from] Spikes
|move|p1a: Echo|Giga Drain|p2a: Blissey
|-damage|p2a: Blissey|68/100
|-heal|p1a: Echo|78/100|[from] drain|[of] p2a: Blissey
|
|-weather|Sandstorm|[upkeep]
|-damage|p1a: Echo|72/100|[from] Sandstorm
|-damage|p2a: Blissey|62/100|[from] Sandstorm
|-heal|p1a: Echo|78/100|[from] item: Leftovers
|-heal|p2a: Blissey|68/100|[from] item: Leftovers
|upkeep
|turn|13
|
|t:|1731143562
|switch|p1a: Ancient|Jirachi|100/100
|move|p2a: Blissey|Aromatherapy|p2a: Blissey
|-cureteam|p2a: Blissey|[from] move: Aromatherapy
|
|-weather|Sandstorm|[upkeep]
|-damage|p2a: Blissey|62/100|[from] Sandstorm
|-heal|p2a: Blissey|68/100|[from] item: Leftovers
|upkeep
|turn|14
|
|t:|1731143576
|switch|p2a: Claydol|Claydol|88/100
|move|p1a: Ancient|Wish|p1a: Ancient
|
|-weather|Sandstorm|[upkeep]
|-heal|p2a: Claydol|94/100|[from] item: Leftovers
|upkeep
|turn|15
|
|t:|1731143582
|switch|p1a: Echo|Gengar, M|78/100
|move|p2a: Claydol|Shadow Ball|p1a: Echo
|-supereffective|p1a: Echo
|-damage|p1a: Echo|12/100
|
|-heal|p1a: Echo|62/100|[from] move: Wish|[wisher] Ancient
|-weather|Sandstorm|[upkeep]
|-damage|p1a: Echo|56/100|[from] Sandstorm
|-heal|p1a: Echo|62/100|[from] item: Leftovers
|-heal|p2a: Claydol|99/100|[from] item: Leftovers
|upkeep
|turn|16
|
|t:|1731143590
|move|p1a: Echo|Will-O-Wisp|p2a: Claydol
|-status|p2a: Claydol|brn
|move|p2a: Claydol|Shadow Ball|p1a: Echo
|-supereffective|p1a: Echo
|-damage|p1a: Echo|31/100
|
|-weather|Sandstorm|[upkeep]
|-damage|p1a: Echo|24/100|[from] Sandstorm
|-heal|p1a: Echo|31/100|[from] item: Leftovers
|-heal|p2a: Claydol|100/100 brn|[from] item: Leftovers
|-damage|p2a: Claydol|88/100 brn|[from] brn
|upkeep
|turn|17
|
|t:|1731143595
|switch|p2a: Jirachi|Jirachi|100/100
|-damage|p2a: Jirachi|76/100|[from] Spikes
|move|p1a: Echo|Giga Drain|p2a: Jirachi
|-resisted|p2a: Jirachi
|-damage|p2a: Jirachi|68/100
|-heal|p1a: Echo|35/100|[from] drain|[of] p2a: Jirachi
|
|-weather|Sandstorm|[upkeep]
|-damage|p1a: Echo|29/100|[from] Sandstorm
|-heal|p1a: Echo|35/100|[from] item: Leftovers
|-heal|p2a: Jirachi|75/100|[from] item: Leftovers
|upkeep
|turn|18
|
|t:|1731143624
|move|p2a: Jirachi|Protect|p2a: Jirachi
|-singleturn|p2a: Jirachi|Protect
|move|p1a: Echo|Taunt|p2a: Jirachi
|-activate|p2a: Jirachi|Protect
|
|-weather|Sandstorm|[upkeep]
|-damage|p1a: Echo|29/100|[from] Sandstorm
|-heal|p1a: Echo|35/100|[from] item: Leftovers
|-heal|p2a: Jirachi|81/100|[from] item: Leftovers
|upkeep
|turn|19
|
|t:|1731143631
|move|p1a: Echo|Will-O-Wisp|p2a: Jirachi
|-status|p2a: Jirachi|brn
|move|p2a: Jirachi|Fire Punch|p1a: Echo
|-damage|p1a: Echo|14/100
|
|-weather|Sandstorm|[upkeep]
|-damage|p1a: Echo|8/100|[from] Sandstorm
|-heal|p1a: Echo|14/100|[from] item: Leftovers
|-heal|p2a: Jirachi|87/100 brn|[from] item: Leftovers
|-damage|p2a: Jirachi|75/100 brn|[from] brn
|upkeep
|turn|20
|
|t:|1731143641
|switch|p1a: Green Lizard|Tyranitar, M|100/100
|move|p2a: Jirachi|Fire Punch|p1a: Green Lizard
|-resisted|p1a: Green Lizard
|-damage|p1a: Green Lizard|93/100
|
|-weather|Sandstorm|[upkeep]
|-heal|p2a: Jirachi|81/100 brn|[from] item: Leftovers
|-damage|p2a: Jirachi|68/100 brn|[from] brn
|-heal|p1a: Green Lizard|99/100|[from] item: Leftovers
|upkeep
|turn|21
|
|t:|1731143647
|move|p2a: Jirachi|Toxic|p1a: Green Lizard
|-status|p1a: Green Lizard|tox
|move|p1a: Green Lizard|Flamethrower|p2a: Jirachi
|-supereffective|p2a: Jirachi
|-damage|p2a: Jirachi|24/100 brn
|
|-weather|Sandstorm|[upkeep]
|-heal|p2a: Jirachi|30/100 brn|[from] item: Leftovers
|-damage|p2a: Jirachi|18/100 brn|[from] brn
|-heal|p1a: Green Lizard|100/100 tox|[from] item: Leftovers
|-damage|p1a: Green Lizard|94/100 tox|[from] psn
|upkeep
|turn|22
|
|t:|1731143662
|move|p2a: Jirachi|Wish|p2a: Jirachi
|move|p1a: Green Lizard|Pursuit|p2a: Jirachi
|-damage|p2a: Jirachi|3/100 brn
|
|-weather|Sandstorm|[upkeep]
|-heal|p2a: Jirachi|9/100 brn|[from] item: Leftovers
|-damage|p2a: Jirachi|0 fnt|[from] brn
|faint|p2a: Jirachi
|-heal|p1a: Green Lizard|100/100 tox|[from] item: Leftovers
|-damage|p1a: Green Lizard|88/100 tox|[from] psn
|upkeep
|inactive|Void has 270 seconds left.
|
|t:|1731143684
|switch|p2a: Hariyama|Hariyama, F|59/100
|-damage|p2a: Hariyama|34/100|[from] Spikes
|turn|23
|
|t:|1731143692
|switch|p1a: Echo|Gengar, M|14/100
|move|p2a: Hariyama|Brick Break|p1a: Echo
|-immune|p1a: Echo
|
|-heal|p2a: Hariyama|84/100|[from] move: Wish|[wisher] Jirachi
|-weather|Sandstorm|[upkeep]
|-damage|p1a: Echo|8/100|[from] Sandstorm
|-damage|p2a: Hariyama|78/100|[from] Sandstorm
|-heal|p1a: Echo|14/100|[from] item: Leftovers
|-heal|p2a: Hariyama|84/100|[from] item: Leftovers
|upkeep
|turn|24
|
|t:|1731143708
|switch|p1a: Miros Vulture|Skarmory, F|50/100
|move|p2a: Hariyama|Knock Off|p1a: Miros Vulture
|-resisted|p1a: Miros Vulture
|-damage|p1a: Miros Vulture|49/100
|
|-weather|Sandstorm|[upkeep]
|-damage|p2a: Hariyama|78/100|[from] Sandstorm
|-heal|p2a: Hariyama|84/100|[from] item: Leftovers
|upkeep
|turn|25
|
|t:|1731143721
|switch|p2a: Salamence|Salamence, F|94/100
|-ability|p2a: Salamence|Intimidate|boost
|-unboost|p1a: Miros Vulture|atk|1
|move|p1a: Miros Vulture|Drill Peck|p2a: Salamence
|-damage|p2a: Salamence|77/100
|
|-weather|Sandstorm|[upkeep]
|-damage|p2a: Salamence|71/100|[from] Sandstorm
|upkeep
|turn|26
|
|t:|1731143748
|switch|p1a: Ancient|Jirachi|100/100
|move|p2a: Salamence|Rock Slide|p1a: Ancient
|-resisted|p1a: Ancient
|-damage|p1a: Ancient|89/100
|
|-weather|Sandstorm|[upkeep]
|-damage|p2a: Salamence|65/100|[from] Sandstorm
|-heal|p1a: Ancient|95/100|[from] item: Leftovers
|upkeep
|turn|27
|
|t:|1731143758
|switch|p2a: Claydol|Claydol|88/100 brn
|move|p1a: Ancient|Wish|p1a: Ancient
|
|-weather|Sandstorm|[upkeep]
|-heal|p1a: Ancient|100/100|[from] item: Leftovers
|-heal|p2a: Claydol|94/100 brn|[from] item: Leftovers
|-damage|p2a: Claydol|82/100 brn|[from] brn
|upkeep
|turn|28
|
|t:|1731143764
|switch|p1a: Echo|Gengar, M|14/100
|move|p2a: Claydol|Rapid Spin|p1a: Echo
|-immune|p1a: Echo
|
|-heal|p1a: Echo|64/100|[from] move: Wish|[wisher] Ancient
|-weather|Sandstorm|[upkeep]
|-damage|p1a: Echo|58/100|[from] Sandstorm
|-heal|p1a: Echo|64/100|[from] item: Leftovers
|-heal|p2a: Claydol|88/100 brn|[from] item: Leftovers
|-damage|p2a: Claydol|75/100 brn|[from] brn
|upkeep
|turn|29
|
|t:|1731143776
|switch|p2a: Blissey|Blissey, F|68/100
|-damage|p2a: Blissey|43/100|[from] Spikes
|move|p1a: Echo|Will-O-Wisp|p2a: Blissey
|-status|p2a: Blissey|brn
|
|-weather|Sandstorm|[upkeep]
|-damage|p1a: Echo|58/100|[from] Sandstorm
|-damage|p2a: Blissey|37/100 brn|[from] Sandstorm
|-heal|p1a: Echo|64/100|[from] item: Leftovers
|-heal|p2a: Blissey|43/100 brn|[from] item: Leftovers
|-damage|p2a: Blissey|31/100 brn|[from] brn
|upkeep
|turn|30
|
|t:|1731143779
|move|p1a: Echo|Taunt|p2a: Blissey
|-start|p2a: Blissey|move: Taunt
|cant|p2a: Blissey|move: Taunt|Soft-Boiled
|
|-weather|Sandstorm|[upkeep]
|-damage|p1a: Echo|58/100|[from] Sandstorm
|-damage|p2a: Blissey|25/100 brn|[from] Sandstorm
|-heal|p1a: Echo|64/100|[from] item: Leftovers
|-heal|p2a: Blissey|31/100 brn|[from] item: Leftovers
|-damage|p2a: Blissey|18/100 brn|[from] brn
|upkeep
|turn|31
|inactive|Void has 270 seconds left.
|
|t:|1731143809
|switch|p1a: Ancient|Jirachi|100/100
|move|p2a: Blissey|Ice Beam|p1a: Ancient
|-resisted|p1a: Ancient
|-damage|p1a: Ancient|90/100
|
|-weather|Sandstorm|[upkeep]
|-damage|p2a: Blissey|12/100 brn|[from] Sandstorm
|-heal|p1a: Ancient|96/100|[from] item: Leftovers
|-heal|p2a: Blissey|18/100 brn|[from] item: Leftovers
|-damage|p2a: Blissey|6/100 brn|[from] brn
|-end|p2a: Blissey|move: Taunt|[silent]
|upkeep
|turn|32
|
|t:|1731143820
|move|p1a: Ancient|Thunderbolt|p2a: Blissey
|-damage|p2a: Blissey|0 fnt
|faint|p2a: Blissey
|inactive|Void has 270 seconds left.
|
|t:|1731143833
|switch|p2a: Claydol|Claydol|75/100 brn
|
|-weather|Sandstorm|[upkeep]
|-heal|p1a: Ancient|100/100|[from] item: Leftovers
|-heal|p2a: Claydol|81/100 brn|[from] item: Leftovers
|-damage|p2a: Claydol|69/100 brn|[from] brn
|upkeep
|turn|33
|
|t:|1731143836
|switch|p1a: Echo|Gengar, M|64/100
|move|p2a: Claydol|Shadow Ball|p1a: Echo
|-supereffective|p1a: Echo
|-crit|p1a: Echo
|-damage|p1a: Echo|0 fnt
|faint|p1a: Echo
|
|t:|1731143842
|switch|p1a: Green Lizard|Tyranitar, M|88/100 tox
|
|-weather|Sandstorm|[upkeep]
|-heal|p2a: Claydol|75/100 brn|[from] item: Leftovers
|-damage|p2a: Claydol|62/100 brn|[from] brn
|-heal|p1a: Green Lizard|94/100 tox|[from] item: Leftovers
|-damage|p1a: Green Lizard|88/100 tox|[from] psn
|upkeep
|turn|34
|
|t:|1731143847
|move|p2a: Claydol|Rapid Spin|p1a: Green Lizard
|-resisted|p1a: Green Lizard
|-damage|p1a: Green Lizard|87/100 tox
|-sideend|p2: Void|Spikes|[from] move: Rapid Spin|[of] p2a: Claydol
|move|p1a: Green Lizard|Crunch|p2a: Claydol
|-supereffective|p2a: Claydol
|-damage|p2a: Claydol|0 fnt
|faint|p2a: Claydol
|
|t:|1731143854
|switch|p2a: Hariyama|Hariyama, F|84/100
|
|-weather|Sandstorm|[upkeep]
|-damage|p2a: Hariyama|78/100|[from] Sandstorm
|-heal|p1a: Green Lizard|93/100 tox|[from] item: Leftovers
|-damage|p1a: Green Lizard|81/100 tox|[from] psn
|-heal|p2a: Hariyama|84/100|[from] item: Leftovers
|upkeep
|turn|35
|
|t:|1731143862
|-singleturn|p2a: Hariyama|move: Focus Punch
|switch|p1a: Yellow Lizard|Zapdos|94/100 tox
|move|p2a: Hariyama|Focus Punch|p1a: Yellow Lizard
|-resisted|p1a: Yellow Lizard
|-damage|p1a: Yellow Lizard|58/100 tox
|
|-weather|Sandstorm|[upkeep]
|-damage|p1a: Yellow Lizard|51/100 tox|[from] Sandstorm
|-damage|p2a: Hariyama|78/100|[from] Sandstorm
|-heal|p1a: Yellow Lizard|58/100 tox|[from] item: Leftovers
|-damage|p1a: Yellow Lizard|51/100 tox|[from] psn
|-heal|p2a: Hariyama|84/100|[from] item: Leftovers
|upkeep
|turn|36
|
|t:|1731143889
|move|p1a: Yellow Lizard|Rest|p1a: Yellow Lizard
|-status|p1a: Yellow Lizard|slp|[from] move: Rest
|-heal|p1a: Yellow Lizard|100/100 slp|[silent]
|move|p2a: Hariyama|Knock Off|p1a: Yellow Lizard
|-damage|p1a: Yellow Lizard|99/100 slp
|-enditem|p1a: Yellow Lizard|Leftovers|[from] move: Knock Off|[of] p2a: Hariyama
|
|-weather|Sandstorm|[upkeep]
|-damage|p1a: Yellow Lizard|93/100 slp|[from] Sandstorm
|-damage|p2a: Hariyama|78/100|[from] Sandstorm
|-heal|p2a: Hariyama|84/100|[from] item: Leftovers
|upkeep
|turn|37
|
|t:|1731143898
|-singleturn|p2a: Hariyama|move: Focus Punch
|cant|p1a: Yellow Lizard|slp
|move|p1a: Yellow Lizard|Sleep Talk|p1a: Yellow Lizard
|move|p1a: Yellow Lizard|Rest|p1a: Yellow Lizard|[from]Sleep Talk
|move|p2a: Hariyama|Focus Punch|p1a: Yellow Lizard
|-resisted|p1a: Yellow Lizard
|-damage|p1a: Yellow Lizard|58/100 slp
|
|-weather|Sandstorm|[upkeep]
|-damage|p1a: Yellow Lizard|51/100 slp|[from] Sandstorm
|-damage|p2a: Hariyama|78/100|[from] Sandstorm
|-heal|p2a: Hariyama|84/100|[from] item: Leftovers
|upkeep
|turn|38
|
|t:|1731143909
|-singleturn|p2a: Hariyama|move: Focus Punch
|cant|p1a: Yellow Lizard|slp
|move|p1a: Yellow Lizard|Sleep Talk|p1a: Yellow Lizard
|move|p1a: Yellow Lizard|Roar|p2a: Hariyama|[from]Sleep Talk
|drag|p2a: Salamence|Salamence, F|65/100
|-ability|p2a: Salamence|Intimidate|boost
|-unboost|p1a: Yellow Lizard|atk|1
|
|-weather|Sandstorm|[upkeep]
|-damage|p2a: Salamence|59/100|[from] Sandstorm
|-damage|p1a: Yellow Lizard|45/100 slp|[from] Sandstorm
|upkeep
|turn|39
|
|t:|1731143921
|switch|p1a: Centiwing|Flygon, M|100/100
|move|p2a: Salamence|Rock Slide|p1a: Centiwing
|-resisted|p1a: Centiwing
|-damage|p1a: Centiwing|83/100
|
|-weather|Sandstorm|[upkeep]
|-damage|p2a: Salamence|52/100|[from] Sandstorm
|-heal|p1a: Centiwing|89/100|[from] item: Leftovers
|upkeep
|turn|40
|
|t:|1731143937
|switch|p2a: Suicune|Suicune|100/100
|move|p1a: Centiwing|Toxic|p2a: Suicune
|-status|p2a: Suicune|tox
|
|-weather|Sandstorm|[upkeep]
|-damage|p2a: Suicune|94/100 tox|[from] Sandstorm
|-heal|p1a: Centiwing|95/100|[from] item: Leftovers
|-heal|p2a: Suicune|100/100 tox|[from] item: Leftovers
|-damage|p2a: Suicune|94/100 tox|[from] psn
|upkeep
|turn|41
|
|t:|1731143950
|switch|p1a: Miros Vulture|Skarmory, F|49/100
|move|p2a: Suicune|Calm Mind|p2a: Suicune
|-boost|p2a: Suicune|spa|1
|-boost|p2a: Suicune|spd|1
|
|-weather|Sandstorm|[upkeep]
|-damage|p2a: Suicune|88/100 tox|[from] Sandstorm
|-heal|p2a: Suicune|94/100 tox|[from] item: Leftovers
|-damage|p2a: Suicune|82/100 tox|[from] psn
|upkeep
|turn|42
|
|t:|1731143954
|move|p2a: Suicune|Surf|p1a: Miros Vulture
|-damage|p1a: Miros Vulture|6/100
|move|p1a: Miros Vulture|Roar|p2a: Suicune
|drag|p2a: Salamence|Salamence, F|52/100
|-ability|p2a: Salamence|Intimidate|boost
|-unboost|p1a: Miros Vulture|atk|1
|
|-weather|Sandstorm|[upkeep]
|-damage|p2a: Salamence|46/100|[from] Sandstorm
|upkeep
|turn|43
|
|t:|1731143960
|move|p2a: Salamence|Hidden Power|p1a: Miros Vulture
|-resisted|p1a: Miros Vulture
|-damage|p1a: Miros Vulture|0 fnt
|faint|p1a: Miros Vulture
|
|t:|1731143964
|switch|p1a: Yellow Lizard|Zapdos|45/100 slp
|
|-weather|Sandstorm|[upkeep]
|-damage|p2a: Salamence|40/100|[from] Sandstorm
|-damage|p1a: Yellow Lizard|39/100 slp|[from] Sandstorm
|upkeep
|turn|44
|
|t:|1731143967
|move|p2a: Salamence|Hidden Power|p1a: Yellow Lizard
|-resisted|p1a: Yellow Lizard
|-damage|p1a: Yellow Lizard|10/100 slp
|cant|p1a: Yellow Lizard|slp
|move|p1a: Yellow Lizard|Sleep Talk|p1a: Yellow Lizard
|move|p1a: Yellow Lizard|Rest|p1a: Yellow Lizard|[from]Sleep Talk
|
|-weather|Sandstorm|[upkeep]
|-damage|p2a: Salamence|34/100|[from] Sandstorm
|-damage|p1a: Yellow Lizard|4/100 slp|[from] Sandstorm
|upkeep
|turn|45
|
|t:|1731143972
|move|p2a: Salamence|Hidden Power|p1a: Yellow Lizard
|-resisted|p1a: Yellow Lizard
|-damage|p1a: Yellow Lizard|0 fnt
|faint|p1a: Yellow Lizard
|
|t:|1731143977
|switch|p1a: Ancient|Jirachi|100/100
|
|-weather|Sandstorm|[upkeep]
|-damage|p2a: Salamence|28/100|[from] Sandstorm
|upkeep
|turn|46
|
|t:|1731143986
|switch|p2a: Hariyama|Hariyama, F|84/100
|move|p1a: Ancient|Calm Mind|p1a: Ancient
|-boost|p1a: Ancient|spa|1
|-boost|p1a: Ancient|spd|1
|
|-weather|Sandstorm|[upkeep]
|-damage|p2a: Hariyama|78/100|[from] Sandstorm
|-heal|p2a: Hariyama|84/100|[from] item: Leftovers
|upkeep
|turn|47
|
|t:|1731143994
|move|p1a: Ancient|Calm Mind|p1a: Ancient
|-boost|p1a: Ancient|spa|1
|-boost|p1a: Ancient|spd|1
|move|p2a: Hariyama|Knock Off|p1a: Ancient
|-damage|p1a: Ancient|99/100
|-enditem|p1a: Ancient|Leftovers|[from] move: Knock Off|[of] p2a: Hariyama
|
|-weather|Sandstorm|[upkeep]
|-damage|p2a: Hariyama|78/100|[from] Sandstorm
|-heal|p2a: Hariyama|84/100|[from] item: Leftovers
|upkeep
|turn|48
|
|t:|1731143997
|-singleturn|p2a: Hariyama|move: Focus Punch
|move|p1a: Ancient|Wish|p1a: Ancient
|move|p2a: Hariyama|Focus Punch|p1a: Ancient
|-damage|p1a: Ancient|54/100
|
|-weather|Sandstorm|[upkeep]
|-damage|p2a: Hariyama|78/100|[from] Sandstorm
|-heal|p2a: Hariyama|84/100|[from] item: Leftovers
|upkeep
|turn|49
|
|t:|1731144017
|move|p1a: Ancient|Thunderbolt|p2a: Hariyama
|-damage|p2a: Hariyama|40/100
|-status|p2a: Hariyama|par
|move|p2a: Hariyama|Brick Break|p1a: Ancient
|-damage|p1a: Ancient|19/100
|
|-heal|p1a: Ancient|69/100|[from] move: Wish|[wisher] Ancient
|-weather|Sandstorm|[upkeep]
|-damage|p2a: Hariyama|34/100 par|[from] Sandstorm
|-heal|p2a: Hariyama|40/100 par|[from] item: Leftovers
|upkeep
|turn|50
|
|t:|1731144026
|move|p1a: Ancient|Wish|p1a: Ancient
|move|p2a: Hariyama|Brick Break|p1a: Ancient
|-damage|p1a: Ancient|34/100
|
|-weather|Sandstorm|[upkeep]
|-damage|p2a: Hariyama|34/100 par|[from] Sandstorm
|-heal|p2a: Hariyama|40/100 par|[from] item: Leftovers
|upkeep
|turn|51
|
|t:|1731144053
|move|p1a: Ancient|Thunderbolt|p2a: Hariyama
|-damage|p2a: Hariyama|1/100 par
|move|p2a: Hariyama|Brick Break|p1a: Ancient
|-damage|p1a: Ancient|0 fnt
|faint|p1a: Ancient
|c|☆Msousagamer|Oh
|c|☆Msousagamer|Nice rolls
|
|t:|1731144067
|switch|p1a: Centiwing|Flygon, M|95/100
|
|-heal|p1a: Centiwing|100/100|[from] move: Wish|[wisher] Ancient
|-weather|Sandstorm|[upkeep]
|-damage|p2a: Hariyama|0 fnt|[from] Sandstorm
|faint|p2a: Hariyama
|upkeep
|
|t:|1731144076
|switch|p2a: Suicune|Suicune|82/100 tox
|turn|52
|
|t:|1731144079
|move|p1a: Centiwing|Earthquake|p2a: Suicune
|-damage|p2a: Suicune|62/100 tox
|move|p2a: Suicune|Calm Mind|p2a: Suicune
|-boost|p2a: Suicune|spa|1
|-boost|p2a: Suicune|spd|1
|
|-weather|Sandstorm|[upkeep]
|-damage|p2a: Suicune|56/100 tox|[from] Sandstorm
|-heal|p2a: Suicune|62/100 tox|[from] item: Leftovers
|-damage|p2a: Suicune|56/100 tox|[from] psn
|upkeep
|turn|53
|
|t:|1731144082
|move|p1a: Centiwing|Rock Slide|p2a: Suicune
|-damage|p2a: Suicune|47/100 tox
|cant|p2a: Suicune|flinch
|
|-weather|Sandstorm|[upkeep]
|-damage|p2a: Suicune|40/100 tox|[from] Sandstorm
|-heal|p2a: Suicune|47/100 tox|[from] item: Leftovers
|-damage|p2a: Suicune|34/100 tox|[from] psn
|upkeep
|turn|54
|
|t:|1731144086
|move|p1a: Centiwing|Rock Slide|p2a: Suicune
|-damage|p2a: Suicune|24/100 tox
|move|p2a: Suicune|Rest|p2a: Suicune
|-status|p2a: Suicune|slp|[from] move: Rest
|-heal|p2a: Suicune|100/100 slp|[silent]
|
|-weather|Sandstorm|[upkeep]
|-damage|p2a: Suicune|94/100 slp|[from] Sandstorm
|-heal|p2a: Suicune|100/100 slp|[from] item: Leftovers
|upkeep
|turn|55
|
|t:|1731144094
|move|p1a: Centiwing|Earthquake|p2a: Suicune
|-damage|p2a: Suicune|80/100 slp
|cant|p2a: Suicune|slp
|
|-weather|Sandstorm|[upkeep]
|-damage|p2a: Suicune|74/100 slp|[from] Sandstorm
|-heal|p2a: Suicune|80/100 slp|[from] item: Leftovers
|upkeep
|turn|56
|
|t:|1731144097
|move|p1a: Centiwing|Earthquake|p2a: Suicune
|-damage|p2a: Suicune|60/100 slp
|cant|p2a: Suicune|slp
|
|-weather|Sandstorm|[upkeep]
|-damage|p2a: Suicune|53/100 slp|[from] Sandstorm
|-heal|p2a: Suicune|60/100 slp|[from] item: Leftovers
|upkeep
|turn|57
|
|t:|1731144099
|move|p1a: Centiwing|Rock Slide|p2a: Suicune
|-damage|p2a: Suicune|50/100 slp
|-curestatus|p2a: Suicune|slp|[msg]
|move|p2a: Suicune|Calm Mind|p2a: Suicune
|-boost|p2a: Suicune|spa|1
|-boost|p2a: Suicune|spd|1
|
|-weather|Sandstorm|[upkeep]
|-damage|p2a: Suicune|44/100|[from] Sandstorm
|-heal|p2a: Suicune|50/100|[from] item: Leftovers
|upkeep
|turn|58
|
|t:|1731144105
|move|p1a: Centiwing|Rock Slide|p2a: Suicune|[miss]
|-miss|p1a: Centiwing|p2a: Suicune
|move|p2a: Suicune|Rest|p2a: Suicune
|-status|p2a: Suicune|slp|[from] move: Rest
|-heal|p2a: Suicune|100/100 slp|[silent]
|
|-weather|Sandstorm|[upkeep]
|-damage|p2a: Suicune|94/100 slp|[from] Sandstorm
|-heal|p2a: Suicune|100/100 slp|[from] item: Leftovers
|upkeep
|turn|59
|
|t:|1731144108
|move|p1a: Centiwing|Earthquake|p2a: Suicune
|-damage|p2a: Suicune|81/100 slp
|cant|p2a: Suicune|slp
|
|-weather|Sandstorm|[upkeep]
|-damage|p2a: Suicune|75/100 slp|[from] Sandstorm
|-heal|p2a: Suicune|81/100 slp|[from] item: Leftovers
|upkeep
|turn|60
|
|t:|1731144110
|move|p1a: Centiwing|Earthquake|p2a: Suicune
|-damage|p2a: Suicune|62/100 slp
|cant|p2a: Suicune|slp
|
|-weather|Sandstorm|[upkeep]
|-damage|p2a: Suicune|56/100 slp|[from] Sandstorm
|-heal|p2a: Suicune|62/100 slp|[from] item: Leftovers
|upkeep
|turn|61
|
|t:|1731144114
|move|p1a: Centiwing|Rock Slide|p2a: Suicune
|-crit|p2a: Suicune
|-damage|p2a: Suicune|41/100 slp
|-curestatus|p2a: Suicune|slp|[msg]
|cant|p2a: Suicune|flinch
|
|-weather|Sandstorm|[upkeep]
|-damage|p2a: Suicune|35/100|[from] Sandstorm
|-heal|p2a: Suicune|41/100|[from] item: Leftovers
|upkeep
|turn|62
|
|t:|1731144118
|move|p1a: Centiwing|Toxic|p2a: Suicune
|-status|p2a: Suicune|tox
|move|p2a: Suicune|Rest|p2a: Suicune
|-status|p2a: Suicune|slp|[from] move: Rest
|-heal|p2a: Suicune|100/100 slp|[silent]
|
|-weather|Sandstorm|[upkeep]
|-damage|p2a: Suicune|94/100 slp|[from] Sandstorm
|-heal|p2a: Suicune|100/100 slp|[from] item: Leftovers
|upkeep
|turn|63
|
|t:|1731144122
|move|p1a: Centiwing|Earthquake|p2a: Suicune
|-damage|p2a: Suicune|80/100 slp
|cant|p2a: Suicune|slp
|
|-weather|Sandstorm|[upkeep]
|-damage|p2a: Suicune|74/100 slp|[from] Sandstorm
|-heal|p2a: Suicune|80/100 slp|[from] item: Leftovers
|upkeep
|turn|64
|
|t:|1731144126
|move|p1a: Centiwing|Earthquake|p2a: Suicune
|-damage|p2a: Suicune|60/100 slp
|cant|p2a: Suicune|slp
|
|-weather|Sandstorm|[upkeep]
|-damage|p2a: Suicune|54/100 slp|[from] Sandstorm
|-heal|p2a: Suicune|60/100 slp|[from] item: Leftovers
|upkeep
|turn|65
|
|t:|1731144133
|move|p1a: Centiwing|Rock Slide|p2a: Suicune
|-damage|p2a: Suicune|50/100 slp
|-curestatus|p2a: Suicune|slp|[msg]
|cant|p2a: Suicune|flinch
|
|-weather|Sandstorm|[upkeep]
|-damage|p2a: Suicune|44/100|[from] Sandstorm
|-heal|p2a: Suicune|50/100|[from] item: Leftovers
|upkeep
|turn|66
|
|t:|1731144139
|move|p1a: Centiwing|Rock Slide|p2a: Suicune
|-damage|p2a: Suicune|40/100
|move|p2a: Suicune|Rest|p2a: Suicune
|-status|p2a: Suicune|slp|[from] move: Rest
|-heal|p2a: Suicune|100/100 slp|[silent]
|
|-weather|Sandstorm|[upkeep]
|-damage|p2a: Suicune|94/100 slp|[from] Sandstorm
|-heal|p2a: Suicune|100/100 slp|[from] item: Leftovers
|upkeep
|turn|67
|
|t:|1731144143
|switch|p1a: Green Lizard|Tyranitar, M|81/100 tox
|cant|p2a: Suicune|slp
|
|-weather|Sandstorm|[upkeep]
|-damage|p2a: Suicune|94/100 slp|[from] Sandstorm
|-heal|p2a: Suicune|100/100 slp|[from] item: Leftovers
|-heal|p1a: Green Lizard|87/100 tox|[from] item: Leftovers
|-damage|p1a: Green Lizard|81/100 tox|[from] psn
|upkeep
|turn|68
|
|t:|1731144145
|cant|p2a: Suicune|slp
|move|p1a: Green Lizard|Brick Break|p2a: Suicune
|-damage|p2a: Suicune|88/100 slp
|
|-weather|Sandstorm|[upkeep]
|-damage|p2a: Suicune|82/100 slp|[from] Sandstorm
|-heal|p2a: Suicune|88/100 slp|[from] item: Leftovers
|-heal|p1a: Green Lizard|87/100 tox|[from] item: Leftovers
|-damage|p1a: Green Lizard|75/100 tox|[from] psn
|upkeep
|turn|69
|
|t:|1731144147
|-curestatus|p2a: Suicune|slp|[msg]
|move|p2a: Suicune|Surf|p1a: Green Lizard
|-supereffective|p1a: Green Lizard
|-damage|p1a: Green Lizard|0 fnt
|faint|p1a: Green Lizard
|
|t:|1731144149
|switch|p1a: Centiwing|Flygon, M|100/100
|
|-weather|Sandstorm|[upkeep]
|-damage|p2a: Suicune|82/100|[from] Sandstorm
|-heal|p2a: Suicune|88/100|[from] item: Leftovers
|upkeep
|turn|70
|
|t:|1731144154
|move|p1a: Centiwing|Toxic|p2a: Suicune
|-status|p2a: Suicune|tox
|move|p2a: Suicune|Surf|p1a: Centiwing
|-damage|p1a: Centiwing|35/100
|
|-weather|Sandstorm|[upkeep]
|-damage|p2a: Suicune|82/100 tox|[from] Sandstorm
|-heal|p1a: Centiwing|41/100|[from] item: Leftovers
|-heal|p2a: Suicune|88/100 tox|[from] item: Leftovers
|-damage|p2a: Suicune|82/100 tox|[from] psn
|upkeep
|turn|71
|
|t:|1731144161
|move|p1a: Centiwing|Protect|p1a: Centiwing
|-singleturn|p1a: Centiwing|Protect
|move|p2a: Suicune|Rest|p2a: Suicune
|-status|p2a: Suicune|slp|[from] move: Rest
|-heal|p2a: Suicune|100/100 slp|[silent]
|
|-weather|Sandstorm|[upkeep]
|-damage|p2a: Suicune|94/100 slp|[from] Sandstorm
|-heal|p1a: Centiwing|47/100|[from] item: Leftovers
|-heal|p2a: Suicune|100/100 slp|[from] item: Leftovers
|upkeep
|turn|72
|
|t:|1731144164
|move|p1a: Centiwing|Protect||[still]
|-fail|p1a: Centiwing
|cant|p2a: Suicune|slp
|
|-weather|Sandstorm|[upkeep]
|-damage|p2a: Suicune|94/100 slp|[from] Sandstorm
|-heal|p1a: Centiwing|53/100|[from] item: Leftovers
|-heal|p2a: Suicune|100/100 slp|[from] item: Leftovers
|upkeep
|turn|73
|
|t:|1731144168
|move|p1a: Centiwing|Protect|p1a: Centiwing
|-singleturn|p1a: Centiwing|Protect
|cant|p2a: Suicune|slp
|
|-weather|Sandstorm|[upkeep]
|-damage|p2a: Suicune|94/100 slp|[from] Sandstorm
|-heal|p1a: Centiwing|59/100|[from] item: Leftovers
|-heal|p2a: Suicune|100/100 slp|[from] item: Leftovers
|upkeep
|turn|74
|c|☆Msousagamer|Lol
|c|☆Msousagamer|Gg
|-message|Msousagamer forfeited.
|
|win|Void
|c|☆Void|gg
|player|p1|
|player|p2|
|player|p1|Msousagamer|veteran|
|player|p1|
|player|p2|Void|#splxvwolfpack|

</script>
<script type="application/json" class="data" id="replaydata-smogtours-gen3ou-805364">
{"id":"smogtours-gen3ou-805364","format":"[Gen 3] OU","players":["Msousagamer","Void"],"uploadtime":1731144175,"views":37,"formatid":"gen3ou","rating":null,"private":0,"password":null}
</script>

<script defer src="js/replays.js?9d40a366"></script>
