<!DOCTYPE html>
<meta charset="utf-8" />
<meta name="viewport" content="width=device-width" />

<title>[Gen 3] OU: TheDHope vs. kydreith33 - Replays - Pok&eacute;mon Showdown!</title>

<meta name="description" content="Watch a replay of a Pok&eacute;mon battle between TheDHope and kydreith33! Format: [Gen 3] OU; Date: Oct 9, 2024" />
<!--

Hey, you! Looking in the source for the replay log?

You can find them in JSON format, just add `.json` at the end of a replay URL.

https://replay.pokemonshowdown.com/gen7randomdoublesbattle-865046831.json

Or, if you only need the log itself, add `.log` instead:

https://replay.pokemonshowdown.com/gen7randomdoublesbattle-865046831.log

-->

<link rel="stylesheet" href="//pokemonshowdown.com/style/global.css?0.767286132409787" />
<link rel="stylesheet" href="//play.pokemonshowdown.com/style/font-awesome.css?0.9266228007934947" />
<link rel="stylesheet" href="//play.pokemonshowdown.com/style/battle.css?0.7924700842790926" />
<link rel="stylesheet" href="//play.pokemonshowdown.com/style/utilichart.css?0.8777417872839479" />

<!-- Global site tag (gtag.js) - Google Analytics -->
<script async src="https://www.googletagmanager.com/gtag/js?id=UA-26211653-1"></script>
<script>
  window.dataLayer = window.dataLayer || [];
  function gtag(){dataLayer.push(arguments);}
  gtag('js', new Date());

  gtag('config', 'UA-26211653-1');
</script>
<!-- End Google Analytics -->
<!-- Venatus Ad Manager - Install in <HEAD> of page -->
	<script src="https://hb.vntsm.com/v3/live/ad-manager.min.js" type="text/javascript" data-site-id="642aba63ec9a7b11c3c9c1be" data-mode="scan" async></script>
<!-- / Venatus Ad Manager -->

<style>
	@media (max-width:820px) {
		.battle {
			margin: 0 auto;
		}
		.battle-log {
			margin: 7px auto 0;
			max-width: 640px;
			height: 300px;
			position: static;
		}
	}
	.optgroup {
		display: inline-block;
		line-height: 22px;
		font-size: 10pt;
	}
	.optgroup .button {
		height: 25px;
		padding-top: 0;
		padding-bottom: 0;
	}
	.optgroup button.button {
		padding-left: 12px;
		padding-right: 12px;
	}
	.linklist {
		list-style: none;
		margin: 0.5em 0;
		padding: 0;
	}
	.linklist li {
		padding: 2px 0;
	}
	.sidebar {
		float: left;
		width: 320px;
	}
	.bar-wrapper {
		max-width: 1100px;
		margin: 0 auto;
	}
	.bar-wrapper.has-sidebar {
		max-width: 1430px;
	}
	.mainbar {
		margin: 0;
		padding-right: 1px;
	}
	.mainbar.has-sidebar {
		margin-left: 330px;
	}
	@media (min-width: 1511px) {
		.sidebar {
			width: 400px;
		}
		.bar-wrapper.has-sidebar {
			max-width: 1510px;
		}
		.mainbar.has-sidebar {
			margin-left: 410px;
		}
	}
	.section.first-section {
		margin-top: 9px;
	}
	.blocklink small {
		white-space: normal;
	}
	.button {
		vertical-align: middle;
	}
	.replay-controls {
		padding-top: 10px;
	}
	.replay-controls h1 {
		font-size: 16pt;
		font-weight: normal;
		color: #CCC;
	}
	.pagelink {
		text-align: center;
	}
	.pagelink a {
		width: 150px;
	}
	.textbox, .button {
		font-size: 11pt;
		vertical-align: middle;
	}
	@media (max-width: 450px) {
		.button {
			font-size: 9pt;
		}
	}
</style>

<div>

	<header>
		<div class="nav-wrapper"><ul class="nav">
			<li><a class="button nav-first" href="//pokemonshowdown.com/"><img src="//pokemonshowdown.com/images/pokemonshowdownbeta.png" srcset="//pokemonshowdown.com/images/pokemonshowdownbeta.png 1x, //pokemonshowdown.com/images/pokemonshowdownbeta@2x.png 2x" alt="Pok&eacute;mon Showdown" width="146" height="44" /> Home</a></li>
			<li><a class="button" href="//pokemonshowdown.com/dex/">Pok&eacute;dex</a></li>
			<li><a class="button cur" href="/">Replays</a></li>
			<li><a class="button" href="//pokemonshowdown.com/ladder/">Ladder</a></li>
			<li><a class="button nav-last" href="//pokemonshowdown.com/forums/">Forum</a></li>
			<li><a class="button greenbutton nav-first nav-last" href="//play.pokemonshowdown.com/">Play</a></li>
		</ul></div>
	</header>

	<div class="main" id="main">

		<noscript><section class="section">You need to enable JavaScript to use this page; sorry!</section></noscript>

	</div>

</div>

<script defer nomodule src="//play.pokemonshowdown.com/js/lib/ps-polyfill.js"></script>
<script defer src="//play.pokemonshowdown.com/js/lib/preact.min.js"></script>

<script defer src="//play.pokemonshowdown.com/config/config.js?6dec07f6"></script>
<script defer src="//play.pokemonshowdown.com/js/lib/jquery-1.11.0.min.js"></script>
<script defer src="//play.pokemonshowdown.com/js/lib/html-sanitizer-minified.js"></script>
<script defer src="//play.pokemonshowdown.com/js/battle-sound.js"></script>
<script defer src="//play.pokemonshowdown.com/js/battledata.js?0.6315294753075389"></script>
<script defer src="//play.pokemonshowdown.com/data/pokedex-mini.js?0.7603743185311358"></script>
<script defer src="//play.pokemonshowdown.com/data/pokedex-mini-bw.js?0.030888842834281283"></script>
<script defer src="//play.pokemonshowdown.com/data/graphics.js?0.05593094747507488"></script>
<script defer src="//play.pokemonshowdown.com/data/pokedex.js?0.47064822249611904"></script>
<script defer src="//play.pokemonshowdown.com/data/moves.js?0.8583693120512459"></script>
<script defer src="//play.pokemonshowdown.com/data/abilities.js?0.16017181182386842"></script>
<script defer src="//play.pokemonshowdown.com/data/items.js?0.4163379185673943"></script>
<script defer src="//play.pokemonshowdown.com/data/teambuilder-tables.js?0.31075597372830477"></script>
<script defer src="//play.pokemonshowdown.com/js/battle-tooltips.js?0.6536193500708172"></script>
<script defer src="//play.pokemonshowdown.com/js/battle.js?0.1916591943277901"></script>

<script defer src="js/utils.js?e31f9a17"></script>
<script defer src="js/replays-battle.js?7008c182"></script>

<!-- don't scrape this data! just add .json or .log after the URL!
Full API docs: https://github.com/smogon/pokemon-showdown-client/blob/master/WEB-API.md -->
<script type="text/plain" class="log" id="replaylog-smogtours-gen3ou-796797">
|inactive|Battle timer is ON: inactive players will automatically lose when time's up.
|t:|1728513271
|gametype|singles
|player|p1|TheDHope|drayden|
|player|p2|kydreith33|clair|
|teamsize|p1|6
|teamsize|p2|6
|gen|3
|tier|[Gen 3] OU
|rule|Sleep Clause Mod: Limit one foe put to sleep
|rule|Switch Priority Clause Mod: Faster Pokémon switch first
|rule|Species Clause: Limit one of each Pokémon
|rule|OHKO Clause: OHKO moves are banned
|rule|Evasion Items Clause: Evasion items are banned
|rule|Evasion Moves Clause: Evasion moves are banned
|rule|Endless Battle Clause: Forcing endless battles is banned
|rule|HP Percentage Mod: HP is shown in percentages
|rule|One Boost Passer Clause: Limit one Baton Passer that has a way to boost its stats
|rule|Freeze Clause Mod: Limit one foe frozen
|
|t:|1728513271
|start
|switch|p1a: Tyranitar|Tyranitar, M|100/100
|switch|p2a: Smeargle|Smeargle, M|100/100
|-weather|Sandstorm|[from] ability: Sand Stream|[of] p1a: Tyranitar
|turn|1
|c|☆TheDHope|Hf
|
|t:|1728513284
|move|p2a: Smeargle|Spore|p1a: Tyranitar
|-status|p1a: Tyranitar|slp|[from] move: Spore
|cant|p1a: Tyranitar|slp
|
|-weather|Sandstorm|[upkeep]
|-damage|p2a: Smeargle|94/100|[from] Sandstorm
|upkeep
|turn|2
|c|☆kydreith33|hf
|
|t:|1728513292
|switch|p1a: Dugtrio|Dugtrio, F|100/100
|move|p2a: Smeargle|Spikes|p1a: Dugtrio
|-sidestart|p1: TheDHope|Spikes
|
|-weather|Sandstorm|[upkeep]
|-damage|p2a: Smeargle|88/100|[from] Sandstorm
|upkeep
|turn|3
|
|t:|1728513298
|move|p1a: Dugtrio|Earthquake|p2a: Smeargle
|-damage|p2a: Smeargle|0 fnt
|faint|p2a: Smeargle
|
|t:|1728513306
|switch|p2a: Gengar|Gengar, M|100/100
|
|-weather|Sandstorm|[upkeep]
|-damage|p2a: Gengar|94/100|[from] Sandstorm
|-heal|p2a: Gengar|100/100|[from] item: Leftovers
|upkeep
|turn|4
|
|t:|1728513313
|-singleturn|p2a: Gengar|move: Focus Punch
|switch|p1a: Blissey|Blissey, F|100/100
|-damage|p1a: Blissey|88/100|[from] Spikes
|move|p2a: Gengar|Focus Punch|p1a: Blissey
|-supereffective|p1a: Blissey
|-damage|p1a: Blissey|31/100
|
|-weather|Sandstorm|[upkeep]
|-damage|p2a: Gengar|94/100|[from] Sandstorm
|-damage|p1a: Blissey|25/100|[from] Sandstorm
|-heal|p2a: Gengar|100/100|[from] item: Leftovers
|-heal|p1a: Blissey|31/100|[from] item: Leftovers
|upkeep
|turn|5
|
|t:|1728513329
|-singleturn|p2a: Gengar|move: Focus Punch
|move|p1a: Blissey|Ice Beam|p2a: Gengar
|-crit|p2a: Gengar
|-damage|p2a: Gengar|22/100
|move|p2a: Gengar|Focus Punch||[still]
|cant|p2a: Gengar|Focus Punch|Focus Punch
|
|-weather|Sandstorm|[upkeep]
|-damage|p2a: Gengar|16/100|[from] Sandstorm
|-damage|p1a: Blissey|25/100|[from] Sandstorm
|-heal|p2a: Gengar|22/100|[from] item: Leftovers
|-heal|p1a: Blissey|31/100|[from] item: Leftovers
|upkeep
|turn|6
|
|t:|1728513340
|move|p2a: Gengar|Explosion|p1a: Blissey
|-damage|p1a: Blissey|0 fnt
|faint|p2a: Gengar
|faint|p1a: Blissey
|
|t:|1728513349
|switch|p2a: Glalie|Glalie, M|100/100
|switch|p1a: Milotic|Milotic, M|100/100
|-damage|p1a: Milotic|88/100|[from] Spikes
|
|-weather|Sandstorm|[upkeep]
|-damage|p2a: Glalie|94/100|[from] Sandstorm
|-damage|p1a: Milotic|82/100|[from] Sandstorm
|-heal|p2a: Glalie|100/100|[from] item: Leftovers
|-heal|p1a: Milotic|88/100|[from] item: Leftovers
|upkeep
|turn|7
|
|t:|1728513359
|move|p2a: Glalie|Taunt|p1a: Milotic
|-start|p1a: Milotic|move: Taunt
|move|p1a: Milotic|Surf|p2a: Glalie
|-damage|p2a: Glalie|71/100
|
|-weather|Sandstorm|[upkeep]
|-damage|p2a: Glalie|65/100|[from] Sandstorm
|-damage|p1a: Milotic|82/100|[from] Sandstorm
|-heal|p2a: Glalie|71/100|[from] item: Leftovers
|-heal|p1a: Milotic|88/100|[from] item: Leftovers
|upkeep
|turn|8
|
|t:|1728513369
|switch|p1a: Skarmory|Skarmory, F|100/100
|move|p2a: Glalie|Spikes|p1a: Skarmory
|-sidestart|p1: TheDHope|Spikes
|
|-weather|Sandstorm|[upkeep]
|-damage|p2a: Glalie|65/100|[from] Sandstorm
|-heal|p2a: Glalie|71/100|[from] item: Leftovers
|upkeep
|turn|9
|
|t:|1728513376
|move|p2a: Glalie|Taunt|p1a: Skarmory
|-start|p1a: Skarmory|move: Taunt
|move|p1a: Skarmory|Drill Peck|p2a: Glalie
|-damage|p2a: Glalie|42/100
|
|-weather|Sandstorm|[upkeep]
|-damage|p2a: Glalie|36/100|[from] Sandstorm
|-heal|p2a: Glalie|42/100|[from] item: Leftovers
|upkeep
|turn|10
|
|t:|1728513384
|move|p2a: Glalie|Spikes|p1a: Skarmory
|-sidestart|p1: TheDHope|Spikes
|move|p1a: Skarmory|Drill Peck|p2a: Glalie
|-damage|p2a: Glalie|13/100
|
|-weather|Sandstorm|[upkeep]
|-damage|p2a: Glalie|7/100|[from] Sandstorm
|-heal|p2a: Glalie|13/100|[from] item: Leftovers
|-end|p1a: Skarmory|move: Taunt|[silent]
|upkeep
|turn|11
|
|t:|1728513391
|move|p2a: Glalie|Ice Beam|p1a: Skarmory
|-damage|p1a: Skarmory|76/100
|move|p1a: Skarmory|Spikes|p2a: Glalie
|-sidestart|p2: kydreith33|Spikes
|
|-weather|Sandstorm|[upkeep]
|-damage|p2a: Glalie|7/100|[from] Sandstorm
|-heal|p2a: Glalie|13/100|[from] item: Leftovers
|-heal|p1a: Skarmory|82/100|[from] item: Leftovers
|upkeep
|turn|12
|
|t:|1728513400
|move|p2a: Glalie|Taunt|p1a: Skarmory
|-start|p1a: Skarmory|move: Taunt
|move|p1a: Skarmory|Drill Peck|p2a: Glalie
|-damage|p2a: Glalie|0 fnt
|faint|p2a: Glalie
|
|t:|1728513411
|switch|p2a: Swampert|Swampert, F|100/100
|-damage|p2a: Swampert|88/100|[from] Spikes
|
|-weather|Sandstorm|[upkeep]
|-heal|p2a: Swampert|94/100|[from] item: Leftovers
|-heal|p1a: Skarmory|88/100|[from] item: Leftovers
|upkeep
|turn|13
|
|t:|1728513420
|move|p2a: Swampert|Hydro Pump|p1a: Skarmory
|-damage|p1a: Skarmory|46/100
|move|p1a: Skarmory|Drill Peck|p2a: Swampert
|-damage|p2a: Swampert|67/100
|
|-weather|Sandstorm|[upkeep]
|-heal|p2a: Swampert|74/100|[from] item: Leftovers
|-heal|p1a: Skarmory|52/100|[from] item: Leftovers
|-end|p1a: Skarmory|move: Taunt|[silent]
|upkeep
|turn|14
|
|t:|1728513434
|move|p2a: Swampert|Hydro Pump|p1a: Skarmory|[miss]
|-miss|p2a: Swampert|p1a: Skarmory
|move|p1a: Skarmory|Toxic|p2a: Swampert
|-status|p2a: Swampert|tox
|
|-weather|Sandstorm|[upkeep]
|-heal|p2a: Swampert|80/100 tox|[from] item: Leftovers
|-damage|p2a: Swampert|74/100 tox|[from] psn
|-heal|p1a: Skarmory|58/100|[from] item: Leftovers
|upkeep
|turn|15
|
|t:|1728513446
|-singleturn|p2a: Swampert|move: Focus Punch
|switch|p1a: Milotic|Milotic, M|88/100
|-damage|p1a: Milotic|63/100|[from] Spikes
|move|p2a: Swampert|Focus Punch|p1a: Milotic
|-damage|p1a: Milotic|34/100
|
|-weather|Sandstorm|[upkeep]
|-damage|p1a: Milotic|27/100|[from] Sandstorm
|-heal|p2a: Swampert|80/100 tox|[from] item: Leftovers
|-damage|p2a: Swampert|67/100 tox|[from] psn
|-heal|p1a: Milotic|34/100|[from] item: Leftovers
|upkeep
|turn|16
|
|t:|1728513460
|move|p2a: Swampert|Earthquake|p1a: Milotic
|-damage|p1a: Milotic|4/100
|move|p1a: Milotic|Recover|p1a: Milotic
|-heal|p1a: Milotic|54/100
|
|-weather|Sandstorm|[upkeep]
|-damage|p1a: Milotic|48/100|[from] Sandstorm
|-heal|p2a: Swampert|74/100 tox|[from] item: Leftovers
|-damage|p2a: Swampert|55/100 tox|[from] psn
|-heal|p1a: Milotic|54/100|[from] item: Leftovers
|upkeep
|turn|17
|
|t:|1728513471
|-singleturn|p2a: Swampert|move: Focus Punch
|move|p1a: Milotic|Recover|p1a: Milotic
|-heal|p1a: Milotic|100/100
|move|p2a: Swampert|Focus Punch|p1a: Milotic
|-damage|p1a: Milotic|70/100
|
|-weather|Sandstorm|[upkeep]
|-damage|p1a: Milotic|64/100|[from] Sandstorm
|-heal|p2a: Swampert|61/100 tox|[from] item: Leftovers
|-damage|p2a: Swampert|37/100 tox|[from] psn
|-heal|p1a: Milotic|70/100|[from] item: Leftovers
|upkeep
|turn|18
|
|t:|1728513488
|-singleturn|p2a: Swampert|move: Focus Punch
|move|p1a: Milotic|Recover|p1a: Milotic
|-heal|p1a: Milotic|100/100
|move|p2a: Swampert|Focus Punch|p1a: Milotic
|-damage|p1a: Milotic|70/100
|
|-weather|Sandstorm|[upkeep]
|-damage|p1a: Milotic|64/100|[from] Sandstorm
|-heal|p2a: Swampert|43/100 tox|[from] item: Leftovers
|-damage|p2a: Swampert|12/100 tox|[from] psn
|-heal|p1a: Milotic|70/100|[from] item: Leftovers
|upkeep
|turn|19
|
|t:|1728513500
|move|p2a: Swampert|Earthquake|p1a: Milotic
|-damage|p1a: Milotic|44/100
|move|p1a: Milotic|Recover|p1a: Milotic
|-heal|p1a: Milotic|93/100
|
|-weather|Sandstorm|[upkeep]
|-damage|p1a: Milotic|87/100|[from] Sandstorm
|-heal|p2a: Swampert|18/100 tox|[from] item: Leftovers
|-damage|p2a: Swampert|0 fnt|[from] psn
|faint|p2a: Swampert
|-heal|p1a: Milotic|93/100|[from] item: Leftovers
|upkeep
|
|t:|1728513518
|switch|p2a: Tyranitar|Tyranitar, M|100/100
|-damage|p2a: Tyranitar|88/100|[from] Spikes
|turn|20
|
|t:|1728513523
|move|p2a: Tyranitar|Dragon Dance|p2a: Tyranitar
|-boost|p2a: Tyranitar|atk|1
|-boost|p2a: Tyranitar|spe|1
|move|p1a: Milotic|Surf|p2a: Tyranitar
|-supereffective|p2a: Tyranitar
|-damage|p2a: Tyranitar|27/100
|
|-weather|Sandstorm|[upkeep]
|-damage|p1a: Milotic|87/100|[from] Sandstorm
|-heal|p1a: Milotic|93/100|[from] item: Leftovers
|upkeep
|turn|21
|
|t:|1728513532
|move|p2a: Tyranitar|Rock Slide|p1a: Milotic
|-damage|p1a: Milotic|47/100
|move|p1a: Milotic|Surf|p2a: Tyranitar
|-supereffective|p2a: Tyranitar
|-damage|p2a: Tyranitar|0 fnt
|faint|p2a: Tyranitar
|
|t:|1728513539
|switch|p2a: Aerodactyl|Aerodactyl, M|100/100
|
|-weather|Sandstorm|[upkeep]
|-damage|p1a: Milotic|41/100|[from] Sandstorm
|-heal|p1a: Milotic|47/100|[from] item: Leftovers
|upkeep
|turn|22
|
|t:|1728513544
|move|p2a: Aerodactyl|Substitute|p2a: Aerodactyl
|-start|p2a: Aerodactyl|Substitute
|-damage|p2a: Aerodactyl|75/100
|move|p1a: Milotic|Recover|p1a: Milotic
|-heal|p1a: Milotic|97/100
|
|-weather|Sandstorm|[upkeep]
|-damage|p1a: Milotic|91/100|[from] Sandstorm
|-heal|p1a: Milotic|97/100|[from] item: Leftovers
|upkeep
|turn|23
|
|t:|1728513554
|move|p2a: Aerodactyl|Rock Slide|p1a: Milotic
|-damage|p1a: Milotic|71/100
|cant|p1a: Milotic|flinch
|
|-weather|Sandstorm|[upkeep]
|-damage|p1a: Milotic|65/100|[from] Sandstorm
|-heal|p1a: Milotic|71/100|[from] item: Leftovers
|upkeep
|turn|24
|
|t:|1728513562
|move|p2a: Aerodactyl|Rock Slide|p1a: Milotic|[miss]
|-miss|p2a: Aerodactyl|p1a: Milotic
|move|p1a: Milotic|Surf|p2a: Aerodactyl
|-supereffective|p2a: Aerodactyl
|-end|p2a: Aerodactyl|Substitute
|
|-weather|Sandstorm|[upkeep]
|-damage|p1a: Milotic|65/100|[from] Sandstorm
|-heal|p1a: Milotic|71/100|[from] item: Leftovers
|upkeep
|turn|25
|
|t:|1728513571
|move|p2a: Aerodactyl|Substitute|p2a: Aerodactyl
|-start|p2a: Aerodactyl|Substitute
|-damage|p2a: Aerodactyl|50/100
|move|p1a: Milotic|Recover|p1a: Milotic
|-heal|p1a: Milotic|100/100
|
|-weather|Sandstorm|[upkeep]
|-damage|p1a: Milotic|94/100|[from] Sandstorm
|-heal|p1a: Milotic|100/100|[from] item: Leftovers
|upkeep
|turn|26
|
|t:|1728513579
|move|p2a: Aerodactyl|Rock Slide|p1a: Milotic
|-damage|p1a: Milotic|76/100
|move|p1a: Milotic|Surf|p2a: Aerodactyl
|-supereffective|p2a: Aerodactyl
|-end|p2a: Aerodactyl|Substitute
|
|-weather|Sandstorm|[upkeep]
|-damage|p1a: Milotic|70/100|[from] Sandstorm
|-heal|p1a: Milotic|76/100|[from] item: Leftovers
|upkeep
|turn|27
|
|t:|1728513588
|move|p2a: Aerodactyl|Substitute|p2a: Aerodactyl
|-start|p2a: Aerodactyl|Substitute
|-damage|p2a: Aerodactyl|25/100
|move|p1a: Milotic|Surf|p2a: Aerodactyl
|-supereffective|p2a: Aerodactyl
|-end|p2a: Aerodactyl|Substitute
|
|-weather|Sandstorm|[upkeep]
|-damage|p1a: Milotic|70/100|[from] Sandstorm
|-enditem|p2a: Aerodactyl|Liechi Berry|[eat]
|-boost|p2a: Aerodactyl|atk|1|[from] item: Liechi Berry
|-heal|p1a: Milotic|76/100|[from] item: Leftovers
|upkeep
|turn|28
|
|t:|1728513598
|move|p2a: Aerodactyl|Rock Slide|p1a: Milotic
|-crit|p1a: Milotic
|-damage|p1a: Milotic|5/100
|cant|p1a: Milotic|flinch
|
|-weather|Sandstorm|[upkeep]
|-damage|p1a: Milotic|0 fnt|[from] Sandstorm
|faint|p1a: Milotic
|upkeep
|
|t:|1728513615
|switch|p1a: Claydol|Claydol|100/100
|turn|29
|
|t:|1728513622
|move|p2a: Aerodactyl|Hidden Power|p1a: Claydol
|-damage|p1a: Claydol|51/100
|move|p1a: Claydol|Psychic|p2a: Aerodactyl
|-damage|p2a: Aerodactyl|0 fnt
|faint|p2a: Aerodactyl
|
|win|TheDHope
|c|☆TheDHope|Gg
|c|☆kydreith33|ggs
|c|☆TheDHope|Ggd*
|c|☆TheDHope|Ggs*

</script>
<script type="application/json" class="data" id="replaydata-smogtours-gen3ou-796797">
{"id":"smogtours-gen3ou-796797","format":"[Gen 3] OU","players":["TheDHope","kydreith33"],"uploadtime":1728513622,"views":98,"formatid":"gen3ou","rating":null,"private":0,"password":null}
</script>

<script defer src="js/replays.js?9d40a366"></script>
