<!DOCTYPE html>
<meta charset="utf-8" />
<meta name="viewport" content="width=device-width" />

<title>[Gen 3] OU: kingofironfrisk vs. Beleth7rei - Replays - Pok&eacute;mon Showdown!</title>

<meta name="description" content="Watch a replay of a Pok&eacute;mon battle between kingofironfrisk and Beleth7rei! Format: [Gen 3] OU; Date: Oct 7, 2024" />
<!--

Hey, you! Looking in the source for the replay log?

You can find them in JSON format, just add `.json` at the end of a replay URL.

https://replay.pokemonshowdown.com/gen7randomdoublesbattle-865046831.json

Or, if you only need the log itself, add `.log` instead:

https://replay.pokemonshowdown.com/gen7randomdoublesbattle-865046831.log

-->

<link rel="stylesheet" href="//pokemonshowdown.com/style/global.css?0.023195364461161105" />
<link rel="stylesheet" href="//play.pokemonshowdown.com/style/font-awesome.css?0.13261647063804238" />
<link rel="stylesheet" href="//play.pokemonshowdown.com/style/battle.css?0.8753245789963631" />
<link rel="stylesheet" href="//play.pokemonshowdown.com/style/utilichart.css?0.8627959624976733" />

<!-- Global site tag (gtag.js) - Google Analytics -->
<script async src="https://www.googletagmanager.com/gtag/js?id=UA-26211653-1"></script>
<script>
  window.dataLayer = window.dataLayer || [];
  function gtag(){dataLayer.push(arguments);}
  gtag('js', new Date());

  gtag('config', 'UA-26211653-1');
</script>
<!-- End Google Analytics -->
<!-- Venatus Ad Manager - Install in <HEAD> of page -->
	<script src="https://hb.vntsm.com/v3/live/ad-manager.min.js" type="text/javascript" data-site-id="642aba63ec9a7b11c3c9c1be" data-mode="scan" async></script>
<!-- / Venatus Ad Manager -->

<style>
	@media (max-width:820px) {
		.battle {
			margin: 0 auto;
		}
		.battle-log {
			margin: 7px auto 0;
			max-width: 640px;
			height: 300px;
			position: static;
		}
	}
	.optgroup {
		display: inline-block;
		line-height: 22px;
		font-size: 10pt;
	}
	.optgroup .button {
		height: 25px;
		padding-top: 0;
		padding-bottom: 0;
	}
	.optgroup button.button {
		padding-left: 12px;
		padding-right: 12px;
	}
	.linklist {
		list-style: none;
		margin: 0.5em 0;
		padding: 0;
	}
	.linklist li {
		padding: 2px 0;
	}
	.sidebar {
		float: left;
		width: 320px;
	}
	.bar-wrapper {
		max-width: 1100px;
		margin: 0 auto;
	}
	.bar-wrapper.has-sidebar {
		max-width: 1430px;
	}
	.mainbar {
		margin: 0;
		padding-right: 1px;
	}
	.mainbar.has-sidebar {
		margin-left: 330px;
	}
	@media (min-width: 1511px) {
		.sidebar {
			width: 400px;
		}
		.bar-wrapper.has-sidebar {
			max-width: 1510px;
		}
		.mainbar.has-sidebar {
			margin-left: 410px;
		}
	}
	.section.first-section {
		margin-top: 9px;
	}
	.blocklink small {
		white-space: normal;
	}
	.button {
		vertical-align: middle;
	}
	.replay-controls {
		padding-top: 10px;
	}
	.replay-controls h1 {
		font-size: 16pt;
		font-weight: normal;
		color: #CCC;
	}
	.pagelink {
		text-align: center;
	}
	.pagelink a {
		width: 150px;
	}
	.textbox, .button {
		font-size: 11pt;
		vertical-align: middle;
	}
	@media (max-width: 450px) {
		.button {
			font-size: 9pt;
		}
	}
</style>

<div>

	<header>
		<div class="nav-wrapper"><ul class="nav">
			<li><a class="button nav-first" href="//pokemonshowdown.com/"><img src="//pokemonshowdown.com/images/pokemonshowdownbeta.png" srcset="//pokemonshowdown.com/images/pokemonshowdownbeta.png 1x, //pokemonshowdown.com/images/pokemonshowdownbeta@2x.png 2x" alt="Pok&eacute;mon Showdown" width="146" height="44" /> Home</a></li>
			<li><a class="button" href="//pokemonshowdown.com/dex/">Pok&eacute;dex</a></li>
			<li><a class="button cur" href="/">Replays</a></li>
			<li><a class="button" href="//pokemonshowdown.com/ladder/">Ladder</a></li>
			<li><a class="button nav-last" href="//pokemonshowdown.com/forums/">Forum</a></li>
			<li><a class="button greenbutton nav-first nav-last" href="//play.pokemonshowdown.com/">Play</a></li>
		</ul></div>
	</header>

	<div class="main" id="main">

		<noscript><section class="section">You need to enable JavaScript to use this page; sorry!</section></noscript>

	</div>

</div>

<script defer nomodule src="//play.pokemonshowdown.com/js/lib/ps-polyfill.js"></script>
<script defer src="//play.pokemonshowdown.com/js/lib/preact.min.js"></script>

<script defer src="//play.pokemonshowdown.com/config/config.js?2bddbc15"></script>
<script defer src="//play.pokemonshowdown.com/js/lib/jquery-1.11.0.min.js"></script>
<script defer src="//play.pokemonshowdown.com/js/lib/html-sanitizer-minified.js"></script>
<script defer src="//play.pokemonshowdown.com/js/battle-sound.js"></script>
<script defer src="//play.pokemonshowdown.com/js/battledata.js?0.7209276989879541"></script>
<script defer src="//play.pokemonshowdown.com/data/pokedex-mini.js?0.6111056340867951"></script>
<script defer src="//play.pokemonshowdown.com/data/pokedex-mini-bw.js?0.3532142036491459"></script>
<script defer src="//play.pokemonshowdown.com/data/graphics.js?0.24223875632456182"></script>
<script defer src="//play.pokemonshowdown.com/data/pokedex.js?0.38839984266356864"></script>
<script defer src="//play.pokemonshowdown.com/data/moves.js?0.21866028504024015"></script>
<script defer src="//play.pokemonshowdown.com/data/abilities.js?0.2005157953846628"></script>
<script defer src="//play.pokemonshowdown.com/data/items.js?0.9894211263848525"></script>
<script defer src="//play.pokemonshowdown.com/data/teambuilder-tables.js?0.6008791140282215"></script>
<script defer src="//play.pokemonshowdown.com/js/battle-tooltips.js?0.7580118955022959"></script>
<script defer src="//play.pokemonshowdown.com/js/battle.js?0.6057722274234274"></script>

<script defer src="js/utils.js?e31f9a17"></script>
<script defer src="js/replays-battle.js?7008c182"></script>

<!-- don't scrape this data! just add .json or .log after the URL!
Full API docs: https://github.com/smogon/pokemon-showdown-client/blob/master/WEB-API.md -->
<script type="text/plain" class="log" id="replaylog-smogtours-gen3ou-796154">
|inactive|Battle timer is ON: inactive players will automatically lose when time's up.
|t:|1728316518
|gametype|singles
|player|p1|kingofironfrisk|tabitha-gen3|
|player|p2|Beleth7rei|hilbert|
|teamsize|p1|6
|teamsize|p2|6
|gen|3
|tier|[Gen 3] OU
|rule|Sleep Clause Mod: Limit one foe put to sleep
|rule|Switch Priority Clause Mod: Faster Pokémon switch first
|rule|Species Clause: Limit one of each Pokémon
|rule|OHKO Clause: OHKO moves are banned
|rule|Evasion Items Clause: Evasion items are banned
|rule|Evasion Moves Clause: Evasion moves are banned
|rule|Endless Battle Clause: Forcing endless battles is banned
|rule|HP Percentage Mod: HP is shown in percentages
|rule|One Boost Passer Clause: Limit one Baton Passer that has a way to boost its stats
|rule|Freeze Clause Mod: Limit one foe frozen
|
|t:|1728316518
|start
|switch|p1a: Heracross|Heracross, F|100/100
|switch|p2a: Salamence|Salamence, M|100/100
|-ability|p2a: Salamence|Intimidate|boost
|-unboost|p1a: Heracross|atk|1
|turn|1
|c|☆Beleth7rei|hfz
|c|☆kingofironfrisk|u2
|
|t:|1728316540
|move|p2a: Salamence|Rock Slide|p1a: Heracross
|-damage|p1a: Heracross|56/100
|move|p1a: Heracross|Rock Slide|p2a: Salamence
|-supereffective|p2a: Salamence
|-damage|p2a: Salamence|19/100
|
|upkeep
|turn|2
|
|t:|1728316550
|switch|p1a: Magneton|Magneton|100/100
|move|p2a: Salamence|Fire Blast|p1a: Magneton
|-supereffective|p1a: Magneton
|-damage|p1a: Magneton|0 fnt
|faint|p1a: Magneton
|
|t:|1728316571
|switch|p1a: Celebi|Celebi|100/100
|
|upkeep
|turn|3
|inactive|Beleth7rei has 270 seconds left.
|
|t:|1728316604
|switch|p2a: Jirachi|Jirachi|100/100
|move|p1a: Celebi|Psychic|p2a: Jirachi
|-resisted|p2a: Jirachi
|-damage|p2a: Jirachi|92/100
|
|-heal|p2a: Jirachi|99/100|[from] item: Leftovers
|upkeep
|turn|4
|
|t:|1728316614
|switch|p1a: Heracross|Heracross, F|56/100
|move|p2a: Jirachi|Substitute|p2a: Jirachi
|-start|p2a: Jirachi|Substitute
|-damage|p2a: Jirachi|74/100
|
|-heal|p2a: Jirachi|80/100|[from] item: Leftovers
|upkeep
|turn|5
|
|t:|1728316619
|move|p2a: Jirachi|Thunderbolt|p1a: Heracross
|-damage|p1a: Heracross|27/100
|move|p1a: Heracross|Megahorn|p2a: Jirachi
|-end|p2a: Jirachi|Substitute
|
|-heal|p2a: Jirachi|86/100|[from] item: Leftovers
|upkeep
|turn|6
|
|t:|1728316626
|switch|p1a: Dugtrio|Dugtrio, F|100/100
|move|p2a: Jirachi|Thunderbolt|p1a: Dugtrio
|-immune|p1a: Dugtrio
|
|-heal|p2a: Jirachi|92/100|[from] item: Leftovers
|upkeep
|turn|7
|
|t:|1728316629
|move|p1a: Dugtrio|Earthquake|p2a: Jirachi
|-supereffective|p2a: Jirachi
|-damage|p2a: Jirachi|0 fnt
|faint|p2a: Jirachi
|
|t:|1728316636
|switch|p2a: Salamence|Salamence, M|19/100
|-ability|p2a: Salamence|Intimidate|boost
|-unboost|p1a: Dugtrio|atk|1
|
|upkeep
|turn|8
|
|t:|1728316639
|switch|p1a: Heracross|Heracross, F|27/100
|move|p2a: Salamence|Fire Blast|p1a: Heracross
|-supereffective|p1a: Heracross
|-damage|p1a: Heracross|0 fnt
|faint|p1a: Heracross
|
|t:|1728316642
|switch|p1a: Celebi|Celebi|100/100
|
|upkeep
|turn|9
|
|t:|1728316647
|switch|p2a: Tyranitar|Tyranitar, F|100/100
|-weather|Sandstorm|[from] ability: Sand Stream|[of] p2a: Tyranitar
|move|p1a: Celebi|Calm Mind|p1a: Celebi
|-boost|p1a: Celebi|spa|1
|-boost|p1a: Celebi|spd|1
|
|-weather|Sandstorm|[upkeep]
|-damage|p1a: Celebi|94/100|[from] Sandstorm
|-heal|p1a: Celebi|100/100|[from] item: Leftovers
|upkeep
|turn|10
|
|t:|1728316652
|move|p1a: Celebi|Giga Drain|p2a: Tyranitar
|-supereffective|p2a: Tyranitar
|-damage|p2a: Tyranitar|35/100
|move|p2a: Tyranitar|Crunch|p1a: Celebi
|-supereffective|p1a: Celebi
|-damage|p1a: Celebi|59/100
|
|-weather|Sandstorm|[upkeep]
|-damage|p1a: Celebi|53/100|[from] Sandstorm
|-heal|p1a: Celebi|59/100|[from] item: Leftovers
|-heal|p2a: Tyranitar|42/100|[from] item: Leftovers
|upkeep
|turn|11
|
|t:|1728316659
|switch|p2a: Snorlax|Snorlax, F|100/100
|move|p1a: Celebi|Giga Drain|p2a: Snorlax
|-damage|p2a: Snorlax|78/100
|-heal|p1a: Celebi|73/100|[from] drain|[of] p2a: Snorlax
|
|-weather|Sandstorm|[upkeep]
|-damage|p1a: Celebi|67/100|[from] Sandstorm
|-damage|p2a: Snorlax|72/100|[from] Sandstorm
|-heal|p1a: Celebi|73/100|[from] item: Leftovers
|-heal|p2a: Snorlax|78/100|[from] item: Leftovers
|upkeep
|turn|12
|
|t:|1728316666
|move|p1a: Celebi|Psychic|p2a: Snorlax
|-damage|p2a: Snorlax|45/100
|move|p2a: Snorlax|Return|p1a: Celebi
|-damage|p1a: Celebi|24/100
|
|-weather|Sandstorm|[upkeep]
|-damage|p1a: Celebi|18/100|[from] Sandstorm
|-damage|p2a: Snorlax|39/100|[from] Sandstorm
|-heal|p1a: Celebi|24/100|[from] item: Leftovers
|-heal|p2a: Snorlax|45/100|[from] item: Leftovers
|upkeep
|turn|13
|
|t:|1728316681
|switch|p1a: Registeel|Registeel|100/100
|move|p2a: Snorlax|Return|p1a: Registeel
|-resisted|p1a: Registeel
|-damage|p1a: Registeel|87/100
|
|-weather|Sandstorm|[upkeep]
|-damage|p2a: Snorlax|39/100|[from] Sandstorm
|-heal|p1a: Registeel|93/100|[from] item: Leftovers
|-heal|p2a: Snorlax|45/100|[from] item: Leftovers
|upkeep
|turn|14
|
|t:|1728316694
|switch|p2a: Tyranitar|Tyranitar, F|42/100
|move|p1a: Registeel|Amnesia|p1a: Registeel
|-boost|p1a: Registeel|spd|2
|
|-weather|Sandstorm|[upkeep]
|-heal|p2a: Tyranitar|48/100|[from] item: Leftovers
|-heal|p1a: Registeel|99/100|[from] item: Leftovers
|upkeep
|turn|15
|
|t:|1728316705
|move|p2a: Tyranitar|Crunch|p1a: Registeel
|-resisted|p1a: Registeel
|-damage|p1a: Registeel|94/100
|move|p1a: Registeel|Curse|p1a: Registeel
|-unboost|p1a: Registeel|spe|1
|-boost|p1a: Registeel|atk|1
|-boost|p1a: Registeel|def|1
|
|-weather|Sandstorm|[upkeep]
|-heal|p2a: Tyranitar|54/100|[from] item: Leftovers
|-heal|p1a: Registeel|99/100|[from] item: Leftovers
|upkeep
|turn|16
|
|t:|1728316712
|move|p2a: Tyranitar|Fire Blast|p1a: Registeel|[miss]
|-miss|p2a: Tyranitar|p1a: Registeel
|move|p1a: Registeel|Amnesia|p1a: Registeel
|-boost|p1a: Registeel|spd|2
|
|-weather|Sandstorm|[upkeep]
|-heal|p2a: Tyranitar|60/100|[from] item: Leftovers
|-heal|p1a: Registeel|100/100|[from] item: Leftovers
|upkeep
|turn|17
|
|t:|1728316717
|move|p2a: Tyranitar|Fire Blast|p1a: Registeel
|-supereffective|p1a: Registeel
|-damage|p1a: Registeel|86/100
|move|p1a: Registeel|Curse|p1a: Registeel
|-unboost|p1a: Registeel|spe|1
|-boost|p1a: Registeel|atk|1
|-boost|p1a: Registeel|def|1
|
|-weather|Sandstorm|[upkeep]
|-heal|p2a: Tyranitar|66/100|[from] item: Leftovers
|-heal|p1a: Registeel|92/100|[from] item: Leftovers
|upkeep
|turn|18
|
|t:|1728316722
|move|p2a: Tyranitar|Fire Blast|p1a: Registeel
|-supereffective|p1a: Registeel
|-damage|p1a: Registeel|77/100
|move|p1a: Registeel|Curse|p1a: Registeel
|-unboost|p1a: Registeel|spe|1
|-boost|p1a: Registeel|atk|1
|-boost|p1a: Registeel|def|1
|
|-weather|Sandstorm|[upkeep]
|-heal|p2a: Tyranitar|73/100|[from] item: Leftovers
|-heal|p1a: Registeel|83/100|[from] item: Leftovers
|upkeep
|turn|19
|
|t:|1728316726
|move|p2a: Tyranitar|Fire Blast|p1a: Registeel
|-supereffective|p1a: Registeel
|-damage|p1a: Registeel|67/100
|move|p1a: Registeel|Rollout|p2a: Tyranitar
|-damage|p2a: Tyranitar|62/100
|
|-weather|Sandstorm|[upkeep]
|-heal|p2a: Tyranitar|68/100|[from] item: Leftovers
|-heal|p1a: Registeel|73/100|[from] item: Leftovers
|upkeep
|turn|20
|
|t:|1728316731
|move|p2a: Tyranitar|Fire Blast|p1a: Registeel
|-supereffective|p1a: Registeel
|-damage|p1a: Registeel|57/100
|move|p1a: Registeel|Rollout|p2a: Tyranitar|[from]lockedmove|[miss]
|-miss|p1a: Registeel|p2a: Tyranitar
|
|-weather|Sandstorm|[upkeep]
|-heal|p2a: Tyranitar|75/100|[from] item: Leftovers
|-heal|p1a: Registeel|63/100|[from] item: Leftovers
|upkeep
|turn|21
|
|t:|1728316739
|move|p1a: Registeel|Amnesia|p1a: Registeel
|-boost|p1a: Registeel|spd|2
|move|p2a: Tyranitar|Counter|p1a: Registeel
|
|-weather|Sandstorm|[upkeep]
|-heal|p2a: Tyranitar|81/100|[from] item: Leftovers
|-heal|p1a: Registeel|69/100|[from] item: Leftovers
|upkeep
|turn|22
|
|t:|1728316742
|move|p2a: Tyranitar|Crunch|p1a: Registeel
|-resisted|p1a: Registeel
|-damage|p1a: Registeel|67/100
|move|p1a: Registeel|Curse|p1a: Registeel
|-unboost|p1a: Registeel|spe|1
|-boost|p1a: Registeel|atk|1
|-boost|p1a: Registeel|def|1
|
|-weather|Sandstorm|[upkeep]
|-heal|p2a: Tyranitar|87/100|[from] item: Leftovers
|-heal|p1a: Registeel|73/100|[from] item: Leftovers
|upkeep
|turn|23
|
|t:|1728316747
|move|p2a: Tyranitar|Crunch|p1a: Registeel
|-resisted|p1a: Registeel
|-damage|p1a: Registeel|70/100
|move|p1a: Registeel|Curse|p1a: Registeel
|-unboost|p1a: Registeel|spe|1
|-boost|p1a: Registeel|atk|1
|-boost|p1a: Registeel|def|1
|
|-weather|Sandstorm|[upkeep]
|-heal|p2a: Tyranitar|93/100|[from] item: Leftovers
|-heal|p1a: Registeel|76/100|[from] item: Leftovers
|upkeep
|turn|24
|
|t:|1728316751
|move|p1a: Registeel|Rollout|p2a: Tyranitar
|-damage|p2a: Tyranitar|78/100
|move|p2a: Tyranitar|Counter|p1a: Registeel
|-damage|p1a: Registeel|43/100
|
|-weather|Sandstorm|[upkeep]
|-heal|p2a: Tyranitar|84/100|[from] item: Leftovers
|-heal|p1a: Registeel|49/100|[from] item: Leftovers
|upkeep
|turn|25
|
|t:|1728316757
|move|p2a: Tyranitar|Crunch|p1a: Registeel
|-resisted|p1a: Registeel
|-damage|p1a: Registeel|46/100
|move|p1a: Registeel|Rollout|p2a: Tyranitar|[from]lockedmove
|-damage|p2a: Tyranitar|55/100
|
|-weather|Sandstorm|[upkeep]
|-heal|p2a: Tyranitar|61/100|[from] item: Leftovers
|-heal|p1a: Registeel|52/100|[from] item: Leftovers
|upkeep
|turn|26
|
|t:|1728316761
|move|p1a: Registeel|Rollout|p2a: Tyranitar|[from]lockedmove
|-damage|p2a: Tyranitar|0 fnt
|faint|p2a: Tyranitar
|
|t:|1728316773
|switch|p2a: Snorlax|Snorlax, F|45/100
|
|-weather|Sandstorm|[upkeep]
|-damage|p2a: Snorlax|39/100|[from] Sandstorm
|-heal|p2a: Snorlax|45/100|[from] item: Leftovers
|-heal|p1a: Registeel|58/100|[from] item: Leftovers
|upkeep
|turn|27
|
|t:|1728316781
|move|p2a: Snorlax|Earthquake|p1a: Registeel
|-supereffective|p1a: Registeel
|-damage|p1a: Registeel|47/100
|move|p1a: Registeel|Rollout|p2a: Snorlax|[from]lockedmove
|-damage|p2a: Snorlax|0 fnt
|faint|p2a: Snorlax
|
|t:|1728316785
|switch|p2a: Claydol|Claydol|100/100
|
|-weather|Sandstorm|[upkeep]
|-heal|p1a: Registeel|53/100|[from] item: Leftovers
|upkeep
|turn|28
|
|t:|1728316791
|move|p2a: Claydol|Earthquake|p1a: Registeel
|-supereffective|p1a: Registeel
|-damage|p1a: Registeel|43/100
|move|p1a: Registeel|Rollout|p2a: Claydol|[from]lockedmove|[miss]
|-miss|p1a: Registeel|p2a: Claydol
|
|-weather|Sandstorm|[upkeep]
|-heal|p1a: Registeel|49/100|[from] item: Leftovers
|upkeep
|turn|29
|
|t:|1728316797
|move|p2a: Claydol|Earthquake|p1a: Registeel
|-supereffective|p1a: Registeel
|-damage|p1a: Registeel|37/100
|move|p1a: Registeel|Curse|p1a: Registeel
|-unboost|p1a: Registeel|spe|1
|-boost|p1a: Registeel|atk|1
|-boost|p1a: Registeel|def|1
|
|-weather|Sandstorm|[upkeep]
|-heal|p1a: Registeel|43/100|[from] item: Leftovers
|upkeep
|turn|30
|
|t:|1728316800
|move|p2a: Claydol|Earthquake|p1a: Registeel
|-supereffective|p1a: Registeel
|-damage|p1a: Registeel|33/100
|move|p1a: Registeel|Rollout|p2a: Claydol
|-resisted|p2a: Claydol
|-damage|p2a: Claydol|87/100
|
|-weather|Sandstorm|[upkeep]
|-heal|p2a: Claydol|93/100|[from] item: Leftovers
|-heal|p1a: Registeel|40/100|[from] item: Leftovers
|upkeep
|turn|31
|
|t:|1728316806
|move|p2a: Claydol|Earthquake|p1a: Registeel
|-supereffective|p1a: Registeel
|-damage|p1a: Registeel|30/100
|move|p1a: Registeel|Rollout|p2a: Claydol|[from]lockedmove
|-resisted|p2a: Claydol
|-damage|p2a: Claydol|64/100
|
|-weather|Sandstorm|[upkeep]
|-heal|p2a: Claydol|70/100|[from] item: Leftovers
|-heal|p1a: Registeel|36/100|[from] item: Leftovers
|upkeep
|turn|32
|
|t:|1728316811
|move|p2a: Claydol|Earthquake|p1a: Registeel
|-supereffective|p1a: Registeel
|-damage|p1a: Registeel|27/100
|move|p1a: Registeel|Rollout|p2a: Claydol|[from]lockedmove
|-resisted|p2a: Claydol
|-damage|p2a: Claydol|13/100
|
|-weather|Sandstorm|[upkeep]
|-heal|p2a: Claydol|19/100|[from] item: Leftovers
|-heal|p1a: Registeel|33/100|[from] item: Leftovers
|upkeep
|turn|33
|
|t:|1728316814
|move|p2a: Claydol|Earthquake|p1a: Registeel
|-supereffective|p1a: Registeel
|-damage|p1a: Registeel|23/100
|move|p1a: Registeel|Rollout|p2a: Claydol|[from]lockedmove
|-resisted|p2a: Claydol
|-damage|p2a: Claydol|0 fnt
|faint|p2a: Claydol
|
|t:|1728316817
|switch|p2a: Salamence|Salamence, M|19/100
|-ability|p2a: Salamence|Intimidate|boost
|-fail|p1a: Registeel|unboost|[from] ability: Clear Body|[of] p1a: Registeel
|
|-weather|Sandstorm|[upkeep]
|-damage|p2a: Salamence|13/100|[from] Sandstorm
|-heal|p1a: Registeel|29/100|[from] item: Leftovers
|upkeep
|turn|34
|
|t:|1728316820
|move|p2a: Salamence|Fire Blast|p1a: Registeel
|-supereffective|p1a: Registeel
|-damage|p1a: Registeel|19/100
|move|p1a: Registeel|Rollout|p2a: Salamence|[from]lockedmove
|-supereffective|p2a: Salamence
|-damage|p2a: Salamence|0 fnt
|faint|p2a: Salamence
|
|t:|1728316823
|switch|p2a: Suicune|Suicune|100/100
|
|-weather|Sandstorm|[upkeep]
|-damage|p2a: Suicune|94/100|[from] Sandstorm
|-heal|p2a: Suicune|100/100|[from] item: Leftovers
|-heal|p1a: Registeel|25/100|[from] item: Leftovers
|upkeep
|turn|35
|
|t:|1728316829
|move|p2a: Suicune|Calm Mind|p2a: Suicune
|-boost|p2a: Suicune|spa|1
|-boost|p2a: Suicune|spd|1
|move|p1a: Registeel|Rollout|p2a: Suicune
|-damage|p2a: Suicune|85/100
|
|-weather|Sandstorm|[upkeep]
|-damage|p2a: Suicune|79/100|[from] Sandstorm
|-heal|p2a: Suicune|85/100|[from] item: Leftovers
|-heal|p1a: Registeel|31/100|[from] item: Leftovers
|upkeep
|turn|36
|
|t:|1728316832
|move|p2a: Suicune|Surf|p1a: Registeel
|-damage|p1a: Registeel|20/100
|move|p1a: Registeel|Rollout|p2a: Suicune|[from]lockedmove
|-damage|p2a: Suicune|52/100
|
|-weather|Sandstorm|[upkeep]
|-damage|p2a: Suicune|46/100|[from] Sandstorm
|-heal|p2a: Suicune|52/100|[from] item: Leftovers
|-heal|p1a: Registeel|26/100|[from] item: Leftovers
|upkeep
|turn|37
|
|t:|1728316834
|move|p2a: Suicune|Surf|p1a: Registeel
|-damage|p1a: Registeel|15/100
|move|p1a: Registeel|Rollout|p2a: Suicune|[from]lockedmove
|-damage|p2a: Suicune|0 fnt
|faint|p2a: Suicune
|
|win|kingofironfrisk
|c|☆Beleth7rei|gg
|player|p2|
|c|☆kingofironfrisk|ggg
|player|p1|
|player|p2|Beleth7rei|hilbert|

</script>
<script type="application/json" class="data" id="replaydata-smogtours-gen3ou-796154">
{"id":"smogtours-gen3ou-796154","format":"[Gen 3] OU","players":["kingofironfrisk","Beleth7rei"],"uploadtime":1728316834,"views":201,"formatid":"gen3ou","rating":null,"private":0,"password":null}
</script>

<script defer src="js/replays.js?9d40a366"></script>
