<!DOCTYPE html>
<meta charset="utf-8" />
<meta name="viewport" content="width=device-width" />

<title>[Gen 3] OU: NekuYagokoro vs. Thebadger1230 - Replays - Pok&eacute;mon Showdown!</title>

<meta name="description" content="Watch a replay of a Pok&eacute;mon battle between NekuYagokoro and Thebadger1230! Format: [Gen 3] OU; Date: Oct 16, 2024" />
<!--

Hey, you! Looking in the source for the replay log?

You can find them in JSON format, just add `.json` at the end of a replay URL.

https://replay.pokemonshowdown.com/gen7randomdoublesbattle-865046831.json

Or, if you only need the log itself, add `.log` instead:

https://replay.pokemonshowdown.com/gen7randomdoublesbattle-865046831.log

-->

<link rel="stylesheet" href="//pokemonshowdown.com/style/global.css?0.023195364461161105" />
<link rel="stylesheet" href="//play.pokemonshowdown.com/style/font-awesome.css?0.13261647063804238" />
<link rel="stylesheet" href="//play.pokemonshowdown.com/style/battle.css?0.8753245789963631" />
<link rel="stylesheet" href="//play.pokemonshowdown.com/style/utilichart.css?0.8627959624976733" />

<!-- Global site tag (gtag.js) - Google Analytics -->
<script async src="https://www.googletagmanager.com/gtag/js?id=UA-26211653-1"></script>
<script>
  window.dataLayer = window.dataLayer || [];
  function gtag(){dataLayer.push(arguments);}
  gtag('js', new Date());

  gtag('config', 'UA-26211653-1');
</script>
<!-- End Google Analytics -->
<!-- Venatus Ad Manager - Install in <HEAD> of page -->
	<script src="https://hb.vntsm.com/v3/live/ad-manager.min.js" type="text/javascript" data-site-id="642aba63ec9a7b11c3c9c1be" data-mode="scan" async></script>
<!-- / Venatus Ad Manager -->

<style>
	@media (max-width:820px) {
		.battle {
			margin: 0 auto;
		}
		.battle-log {
			margin: 7px auto 0;
			max-width: 640px;
			height: 300px;
			position: static;
		}
	}
	.optgroup {
		display: inline-block;
		line-height: 22px;
		font-size: 10pt;
	}
	.optgroup .button {
		height: 25px;
		padding-top: 0;
		padding-bottom: 0;
	}
	.optgroup button.button {
		padding-left: 12px;
		padding-right: 12px;
	}
	.linklist {
		list-style: none;
		margin: 0.5em 0;
		padding: 0;
	}
	.linklist li {
		padding: 2px 0;
	}
	.sidebar {
		float: left;
		width: 320px;
	}
	.bar-wrapper {
		max-width: 1100px;
		margin: 0 auto;
	}
	.bar-wrapper.has-sidebar {
		max-width: 1430px;
	}
	.mainbar {
		margin: 0;
		padding-right: 1px;
	}
	.mainbar.has-sidebar {
		margin-left: 330px;
	}
	@media (min-width: 1511px) {
		.sidebar {
			width: 400px;
		}
		.bar-wrapper.has-sidebar {
			max-width: 1510px;
		}
		.mainbar.has-sidebar {
			margin-left: 410px;
		}
	}
	.section.first-section {
		margin-top: 9px;
	}
	.blocklink small {
		white-space: normal;
	}
	.button {
		vertical-align: middle;
	}
	.replay-controls {
		padding-top: 10px;
	}
	.replay-controls h1 {
		font-size: 16pt;
		font-weight: normal;
		color: #CCC;
	}
	.pagelink {
		text-align: center;
	}
	.pagelink a {
		width: 150px;
	}
	.textbox, .button {
		font-size: 11pt;
		vertical-align: middle;
	}
	@media (max-width: 450px) {
		.button {
			font-size: 9pt;
		}
	}
</style>

<div>

	<header>
		<div class="nav-wrapper"><ul class="nav">
			<li><a class="button nav-first" href="//pokemonshowdown.com/"><img src="//pokemonshowdown.com/images/pokemonshowdownbeta.png" srcset="//pokemonshowdown.com/images/pokemonshowdownbeta.png 1x, //pokemonshowdown.com/images/pokemonshowdownbeta@2x.png 2x" alt="Pok&eacute;mon Showdown" width="146" height="44" /> Home</a></li>
			<li><a class="button" href="//pokemonshowdown.com/dex/">Pok&eacute;dex</a></li>
			<li><a class="button cur" href="/">Replays</a></li>
			<li><a class="button" href="//pokemonshowdown.com/ladder/">Ladder</a></li>
			<li><a class="button nav-last" href="//pokemonshowdown.com/forums/">Forum</a></li>
			<li><a class="button greenbutton nav-first nav-last" href="//play.pokemonshowdown.com/">Play</a></li>
		</ul></div>
	</header>

	<div class="main" id="main">

		<noscript><section class="section">You need to enable JavaScript to use this page; sorry!</section></noscript>

	</div>

</div>

<script defer nomodule src="//play.pokemonshowdown.com/js/lib/ps-polyfill.js"></script>
<script defer src="//play.pokemonshowdown.com/js/lib/preact.min.js"></script>

<script defer src="//play.pokemonshowdown.com/config/config.js?2bddbc15"></script>
<script defer src="//play.pokemonshowdown.com/js/lib/jquery-1.11.0.min.js"></script>
<script defer src="//play.pokemonshowdown.com/js/lib/html-sanitizer-minified.js"></script>
<script defer src="//play.pokemonshowdown.com/js/battle-sound.js"></script>
<script defer src="//play.pokemonshowdown.com/js/battledata.js?0.7209276989879541"></script>
<script defer src="//play.pokemonshowdown.com/data/pokedex-mini.js?0.6111056340867951"></script>
<script defer src="//play.pokemonshowdown.com/data/pokedex-mini-bw.js?0.3532142036491459"></script>
<script defer src="//play.pokemonshowdown.com/data/graphics.js?0.24223875632456182"></script>
<script defer src="//play.pokemonshowdown.com/data/pokedex.js?0.38839984266356864"></script>
<script defer src="//play.pokemonshowdown.com/data/moves.js?0.21866028504024015"></script>
<script defer src="//play.pokemonshowdown.com/data/abilities.js?0.2005157953846628"></script>
<script defer src="//play.pokemonshowdown.com/data/items.js?0.9894211263848525"></script>
<script defer src="//play.pokemonshowdown.com/data/teambuilder-tables.js?0.6008791140282215"></script>
<script defer src="//play.pokemonshowdown.com/js/battle-tooltips.js?0.7580118955022959"></script>
<script defer src="//play.pokemonshowdown.com/js/battle.js?0.6057722274234274"></script>

<script defer src="js/utils.js?e31f9a17"></script>
<script defer src="js/replays-battle.js?7008c182"></script>

<!-- don't scrape this data! just add .json or .log after the URL!
Full API docs: https://github.com/smogon/pokemon-showdown-client/blob/master/WEB-API.md -->
<script type="text/plain" class="log" id="replaylog-smogtours-gen3ou-799178">
|inactive|Battle timer is ON: inactive players will automatically lose when time's up.
|t:|1729116029
|gametype|singles
|player|p1|NekuYagokoro|102|
|player|p2|Thebadger1230|170|
|teamsize|p1|6
|teamsize|p2|6
|gen|3
|tier|[Gen 3] OU
|rule|Sleep Clause Mod: Limit one foe put to sleep
|rule|Switch Priority Clause Mod: Faster Pokémon switch first
|rule|Species Clause: Limit one of each Pokémon
|rule|OHKO Clause: OHKO moves are banned
|rule|Evasion Items Clause: Evasion items are banned
|rule|Evasion Moves Clause: Evasion moves are banned
|rule|Endless Battle Clause: Forcing endless battles is banned
|rule|HP Percentage Mod: HP is shown in percentages
|rule|One Boost Passer Clause: Limit one Baton Passer that has a way to boost its stats
|rule|Freeze Clause Mod: Limit one foe frozen
|
|t:|1729116029
|start
|switch|p1a: hi yt!|Tyranitar, F|100/100
|switch|p2a: Jimothy|Blaziken, F|100/100
|-weather|Sandstorm|[from] ability: Sand Stream|[of] p1a: hi yt!
|turn|1
|c|☆NekuYagokoro|glhf!
|c|☆Thebadger1230|u2!
|
|t:|1729116047
|switch|p1a: devious|Gengar, F|100/100
|move|p2a: Jimothy|Fire Blast|p1a: devious
|-damage|p1a: devious|34/100
|
|-weather|Sandstorm|[upkeep]
|-damage|p1a: devious|28/100|[from] Sandstorm
|-damage|p2a: Jimothy|95/100|[from] Sandstorm
|-heal|p1a: devious|34/100|[from] item: Leftovers
|-heal|p2a: Jimothy|100/100|[from] item: Leftovers
|upkeep
|turn|2
|
|t:|1729116057
|switch|p2a: Jamie|Blissey, F|100/100
|move|p1a: devious|Thunderbolt|p2a: Jamie
|-damage|p2a: Jamie|89/100
|-status|p2a: Jamie|par
|
|-weather|Sandstorm|[upkeep]
|-damage|p1a: devious|28/100|[from] Sandstorm
|-damage|p2a: Jamie|83/100 par|[from] Sandstorm
|-heal|p1a: devious|34/100|[from] item: Leftovers
|-heal|p2a: Jamie|89/100 par|[from] item: Leftovers
|upkeep
|turn|3
|
|t:|1729116066
|move|p1a: devious|Taunt|p2a: Jamie
|-start|p2a: Jamie|move: Taunt
|cant|p2a: Jamie|move: Taunt|Thunder Wave
|
|-weather|Sandstorm|[upkeep]
|-damage|p1a: devious|28/100|[from] Sandstorm
|-damage|p2a: Jamie|83/100 par|[from] Sandstorm
|-heal|p1a: devious|34/100|[from] item: Leftovers
|-heal|p2a: Jamie|89/100 par|[from] item: Leftovers
|upkeep
|turn|4
|
|t:|1729116073
|switch|p1a: placing spikes n|Skarmory, F|100/100
|-curestatus|p2a: Jamie|par|[from] ability: Natural Cure
|switch|p2a: Jim|Tyranitar, M|100/100
|
|-weather|Sandstorm|[upkeep]
|upkeep
|turn|5
|
|t:|1729116080
|switch|p2a: Jimothy|Blaziken, F|100/100
|move|p1a: placing spikes n|Protect||[still]
|-fail|p1a: placing spikes n
|
|-weather|Sandstorm|[upkeep]
|-damage|p2a: Jimothy|95/100|[from] Sandstorm
|-heal|p2a: Jimothy|100/100|[from] item: Leftovers
|upkeep
|turn|6
|
|t:|1729116088
|move|p2a: Jimothy|Hidden Power|p1a: placing spikes n
|-resisted|p1a: placing spikes n
|-damage|p1a: placing spikes n|96/100
|move|p1a: placing spikes n|Roar|p2a: Jimothy
|drag|p2a: Jamie|Blissey, F|89/100
|
|-weather|Sandstorm|[upkeep]
|-damage|p2a: Jamie|83/100|[from] Sandstorm
|-heal|p1a: placing spikes n|100/100|[from] item: Leftovers
|-heal|p2a: Jamie|89/100|[from] item: Leftovers
|upkeep
|turn|7
|
|t:|1729116097
|move|p1a: placing spikes n|Spikes|p2a: Jamie
|-sidestart|p2: Thebadger1230|Spikes
|move|p2a: Jamie|Thunder Wave|p1a: placing spikes n
|-status|p1a: placing spikes n|par
|
|-weather|Sandstorm|[upkeep]
|-damage|p2a: Jamie|83/100|[from] Sandstorm
|-heal|p2a: Jamie|89/100|[from] item: Leftovers
|upkeep
|turn|8
|
|t:|1729116103
|switch|p2a: Jimbo|Claydol|100/100
|move|p1a: placing spikes n|Spikes|p2a: Jimbo
|-sidestart|p2: Thebadger1230|Spikes
|
|-weather|Sandstorm|[upkeep]
|upkeep
|turn|9
|
|t:|1729116107
|move|p1a: placing spikes n|Protect|p1a: placing spikes n
|-singleturn|p1a: placing spikes n|Protect
|move|p2a: Jimbo|Rapid Spin|p1a: placing spikes n
|-activate|p1a: placing spikes n|Protect
|
|-weather|Sandstorm|[upkeep]
|upkeep
|turn|10
|
|t:|1729116118
|switch|p1a: hi yt!|Tyranitar, F|100/100
|move|p2a: Jimbo|Rapid Spin|p1a: hi yt!
|-resisted|p1a: hi yt!
|-damage|p1a: hi yt!|99/100
|-sideend|p2: Thebadger1230|Spikes|[from] move: Rapid Spin|[of] p2a: Jimbo
|
|-weather|Sandstorm|[upkeep]
|-heal|p1a: hi yt!|100/100|[from] item: Leftovers
|upkeep
|turn|11
|
|t:|1729116145
|move|p2a: Jimbo|Earthquake|p1a: hi yt!
|-supereffective|p1a: hi yt!
|-damage|p1a: hi yt!|43/100
|move|p1a: hi yt!|Pursuit|p2a: Jimbo
|-supereffective|p2a: Jimbo
|-damage|p2a: Jimbo|65/100
|
|-weather|Sandstorm|[upkeep]
|-heal|p2a: Jimbo|71/100|[from] item: Leftovers
|-heal|p1a: hi yt!|50/100|[from] item: Leftovers
|upkeep
|turn|12
|
|t:|1729116151
|switch|p1a: placing spikes n|Skarmory, F|100/100 par
|move|p2a: Jimbo|Earthquake|p1a: placing spikes n
|-immune|p1a: placing spikes n
|
|-weather|Sandstorm|[upkeep]
|-heal|p2a: Jimbo|77/100|[from] item: Leftovers
|upkeep
|turn|13
|
|t:|1729116157
|switch|p2a: Jimothy|Blaziken, F|100/100
|move|p1a: placing spikes n|Toxic|p2a: Jimothy
|-status|p2a: Jimothy|tox
|
|-weather|Sandstorm|[upkeep]
|-damage|p2a: Jimothy|95/100 tox|[from] Sandstorm
|-heal|p2a: Jimothy|100/100 tox|[from] item: Leftovers
|-damage|p2a: Jimothy|95/100 tox|[from] psn
|upkeep
|turn|14
|
|t:|1729116163
|move|p1a: placing spikes n|Protect|p1a: placing spikes n
|-singleturn|p1a: placing spikes n|Protect
|move|p2a: Jimothy|Sky Uppercut|p1a: placing spikes n
|-activate|p1a: placing spikes n|Protect
|
|-weather|Sandstorm|[upkeep]
|-damage|p2a: Jimothy|89/100 tox|[from] Sandstorm
|-heal|p2a: Jimothy|95/100 tox|[from] item: Leftovers
|-damage|p2a: Jimothy|83/100 tox|[from] psn
|upkeep
|turn|15
|
|t:|1729116169
|move|p2a: Jimothy|Fire Blast|p1a: placing spikes n
|-supereffective|p1a: placing spikes n
|-damage|p1a: placing spikes n|0 fnt
|faint|p1a: placing spikes n
|
|t:|1729116180
|switch|p1a: grilled chick|Moltres|100/100
|
|-weather|Sandstorm|[upkeep]
|-damage|p1a: grilled chick|94/100|[from] Sandstorm
|-damage|p2a: Jimothy|77/100 tox|[from] Sandstorm
|-heal|p1a: grilled chick|100/100|[from] item: Leftovers
|-heal|p2a: Jimothy|83/100 tox|[from] item: Leftovers
|-damage|p2a: Jimothy|65/100 tox|[from] psn
|upkeep
|turn|16
|
|t:|1729116187
|move|p1a: grilled chick|Fire Blast|p2a: Jimothy
|-resisted|p2a: Jimothy
|-damage|p2a: Jimothy|11/100 tox
|move|p2a: Jimothy|Thunder Punch|p1a: grilled chick
|-supereffective|p1a: grilled chick
|-damage|p1a: grilled chick|48/100
|
|-weather|Sandstorm|[upkeep]
|-damage|p1a: grilled chick|42/100|[from] Sandstorm
|-damage|p2a: Jimothy|5/100 tox|[from] Sandstorm
|-heal|p1a: grilled chick|48/100|[from] item: Leftovers
|-heal|p2a: Jimothy|11/100 tox|[from] item: Leftovers
|-damage|p2a: Jimothy|0 fnt|[from] psn
|faint|p2a: Jimothy
|upkeep
|
|t:|1729116200
|switch|p2a: Jimmy|Zapdos|100/100
|turn|17
|
|t:|1729116205
|move|p1a: grilled chick|Protect|p1a: grilled chick
|-singleturn|p1a: grilled chick|Protect
|move|p2a: Jimmy|Substitute|p2a: Jimmy
|-start|p2a: Jimmy|Substitute
|-damage|p2a: Jimmy|76/100
|
|-weather|Sandstorm|[upkeep]
|-damage|p1a: grilled chick|42/100|[from] Sandstorm
|-damage|p2a: Jimmy|70/100|[from] Sandstorm
|-heal|p1a: grilled chick|48/100|[from] item: Leftovers
|-heal|p2a: Jimmy|76/100|[from] item: Leftovers
|upkeep
|turn|18
|
|t:|1729116210
|switch|p1a: ace pilot|Flygon, F|100/100
|move|p2a: Jimmy|Thunderbolt|p1a: ace pilot
|-immune|p1a: ace pilot
|
|-weather|Sandstorm|[upkeep]
|-damage|p2a: Jimmy|70/100|[from] Sandstorm
|-heal|p2a: Jimmy|76/100|[from] item: Leftovers
|upkeep
|turn|19
|
|t:|1729116215
|move|p2a: Jimmy|Hidden Power|p1a: ace pilot
|-supereffective|p1a: ace pilot
|-damage|p1a: ace pilot|0 fnt
|faint|p1a: ace pilot
|
|t:|1729116228
|switch|p1a: devious|Gengar, F|34/100
|
|-weather|Sandstorm|[upkeep]
|-damage|p1a: devious|28/100|[from] Sandstorm
|-damage|p2a: Jimmy|70/100|[from] Sandstorm
|-heal|p1a: devious|34/100|[from] item: Leftovers
|-heal|p2a: Jimmy|76/100|[from] item: Leftovers
|upkeep
|turn|20
|
|t:|1729116232
|move|p1a: devious|Ice Punch|p2a: Jimmy
|-supereffective|p2a: Jimmy
|-end|p2a: Jimmy|Substitute
|move|p2a: Jimmy|Thunderbolt|p1a: devious
|-crit|p1a: devious
|-damage|p1a: devious|0 fnt
|faint|p1a: devious
|
|t:|1729116237
|switch|p1a: im sorry|Jirachi|100/100
|
|-weather|Sandstorm|[upkeep]
|-damage|p2a: Jimmy|70/100|[from] Sandstorm
|-heal|p2a: Jimmy|76/100|[from] item: Leftovers
|upkeep
|turn|21
|
|t:|1729116252
|move|p2a: Jimmy|Substitute|p2a: Jimmy
|-start|p2a: Jimmy|Substitute
|-damage|p2a: Jimmy|51/100
|move|p1a: im sorry|Body Slam|p2a: Jimmy
|-activate|p2a: Jimmy|Substitute|[damage]
|
|-weather|Sandstorm|[upkeep]
|-damage|p2a: Jimmy|45/100|[from] Sandstorm
|-heal|p2a: Jimmy|51/100|[from] item: Leftovers
|upkeep
|turn|22
|
|t:|1729116257
|move|p2a: Jimmy|Baton Pass|p2a: Jimmy
|
|t:|1729116260
|switch|p2a: Jim|Tyranitar, M|100/100|[from] Baton Pass
|move|p1a: im sorry|Body Slam|p2a: Jim
|-resisted|p2a: Jim
|-end|p2a: Jim|Substitute
|
|-weather|Sandstorm|[upkeep]
|upkeep
|turn|23
|
|t:|1729116266
|move|p1a: im sorry|Fire Punch|p2a: Jim
|-resisted|p2a: Jim
|-damage|p2a: Jim|92/100
|move|p2a: Jim|Earthquake|p1a: im sorry
|-supereffective|p1a: im sorry
|-damage|p1a: im sorry|38/100
|
|-weather|Sandstorm|[upkeep]
|-heal|p1a: im sorry|44/100|[from] item: Leftovers
|upkeep
|turn|24
|
|t:|1729116271
|move|p1a: im sorry|Protect|p1a: im sorry
|-singleturn|p1a: im sorry|Protect
|move|p2a: Jim|Dragon Dance|p2a: Jim
|-boost|p2a: Jim|atk|1
|-boost|p2a: Jim|spe|1
|
|-weather|Sandstorm|[upkeep]
|-heal|p1a: im sorry|50/100|[from] item: Leftovers
|upkeep
|turn|25
|
|t:|1729116273
|move|p2a: Jim|Earthquake|p1a: im sorry
|-supereffective|p1a: im sorry
|-damage|p1a: im sorry|0 fnt
|faint|p1a: im sorry
|
|t:|1729116275
|switch|p1a: hi yt!|Tyranitar, F|50/100
|
|-weather|Sandstorm|[upkeep]
|-heal|p1a: hi yt!|56/100|[from] item: Leftovers
|upkeep
|turn|26
|c|☆NekuYagokoro|good read
|
|t:|1729116281
|move|p2a: Jim|Earthquake|p1a: hi yt!
|-supereffective|p1a: hi yt!
|-damage|p1a: hi yt!|0 fnt
|faint|p1a: hi yt!
|
|t:|1729116283
|switch|p1a: grilled chick|Moltres|48/100
|
|-weather|Sandstorm|[upkeep]
|-damage|p1a: grilled chick|42/100|[from] Sandstorm
|-heal|p1a: grilled chick|48/100|[from] item: Leftovers
|upkeep
|turn|27
|
|t:|1729116288
|move|p1a: grilled chick|Hidden Power|p2a: Jim
|-supereffective|p2a: Jim
|-damage|p2a: Jim|50/100
|move|p2a: Jim|Rock Slide|p1a: grilled chick
|-supereffective|p1a: grilled chick
|-damage|p1a: grilled chick|0 fnt
|faint|p1a: grilled chick
|
|win|Thebadger1230
|c|☆NekuYagokoro|gg!
|c|☆Thebadger1230|gg!
|player|p1|
|player|p2|
|player|p2|Thebadger1230|170|

</script>
<script type="application/json" class="data" id="replaydata-smogtours-gen3ou-799178">
{"id":"smogtours-gen3ou-799178","format":"[Gen 3] OU","players":["NekuYagokoro","Thebadger1230"],"uploadtime":1729116288,"views":97,"formatid":"gen3ou","rating":null,"private":0,"password":null}
</script>

<script defer src="js/replays.js?9d40a366"></script>
