<!DOCTYPE html>
<meta charset="utf-8" />
<meta name="viewport" content="width=device-width" />

<title>[Gen 3] OU: HeyYa!_Forte vs. unzipscrogre - Replays - Pok&eacute;mon Showdown!</title>

<meta name="description" content="Watch a replay of a Pok&eacute;mon battle between HeyYa!_Forte and unzipscrogre! Format: [Gen 3] OU; Date: Oct 29, 2024" />
<!--

Hey, you! Looking in the source for the replay log?

You can find them in JSON format, just add `.json` at the end of a replay URL.

https://replay.pokemonshowdown.com/gen7randomdoublesbattle-865046831.json

Or, if you only need the log itself, add `.log` instead:

https://replay.pokemonshowdown.com/gen7randomdoublesbattle-865046831.log

-->

<link rel="stylesheet" href="//pokemonshowdown.com/style/global.css?0.023195364461161105" />
<link rel="stylesheet" href="//play.pokemonshowdown.com/style/font-awesome.css?0.13261647063804238" />
<link rel="stylesheet" href="//play.pokemonshowdown.com/style/battle.css?0.8753245789963631" />
<link rel="stylesheet" href="//play.pokemonshowdown.com/style/utilichart.css?0.8627959624976733" />

<!-- Global site tag (gtag.js) - Google Analytics -->
<script async src="https://www.googletagmanager.com/gtag/js?id=UA-26211653-1"></script>
<script>
  window.dataLayer = window.dataLayer || [];
  function gtag(){dataLayer.push(arguments);}
  gtag('js', new Date());

  gtag('config', 'UA-26211653-1');
</script>
<!-- End Google Analytics -->
<!-- Venatus Ad Manager - Install in <HEAD> of page -->
	<script src="https://hb.vntsm.com/v3/live/ad-manager.min.js" type="text/javascript" data-site-id="642aba63ec9a7b11c3c9c1be" data-mode="scan" async></script>
<!-- / Venatus Ad Manager -->

<style>
	@media (max-width:820px) {
		.battle {
			margin: 0 auto;
		}
		.battle-log {
			margin: 7px auto 0;
			max-width: 640px;
			height: 300px;
			position: static;
		}
	}
	.optgroup {
		display: inline-block;
		line-height: 22px;
		font-size: 10pt;
	}
	.optgroup .button {
		height: 25px;
		padding-top: 0;
		padding-bottom: 0;
	}
	.optgroup button.button {
		padding-left: 12px;
		padding-right: 12px;
	}
	.linklist {
		list-style: none;
		margin: 0.5em 0;
		padding: 0;
	}
	.linklist li {
		padding: 2px 0;
	}
	.sidebar {
		float: left;
		width: 320px;
	}
	.bar-wrapper {
		max-width: 1100px;
		margin: 0 auto;
	}
	.bar-wrapper.has-sidebar {
		max-width: 1430px;
	}
	.mainbar {
		margin: 0;
		padding-right: 1px;
	}
	.mainbar.has-sidebar {
		margin-left: 330px;
	}
	@media (min-width: 1511px) {
		.sidebar {
			width: 400px;
		}
		.bar-wrapper.has-sidebar {
			max-width: 1510px;
		}
		.mainbar.has-sidebar {
			margin-left: 410px;
		}
	}
	.section.first-section {
		margin-top: 9px;
	}
	.blocklink small {
		white-space: normal;
	}
	.button {
		vertical-align: middle;
	}
	.replay-controls {
		padding-top: 10px;
	}
	.replay-controls h1 {
		font-size: 16pt;
		font-weight: normal;
		color: #CCC;
	}
	.pagelink {
		text-align: center;
	}
	.pagelink a {
		width: 150px;
	}
	.textbox, .button {
		font-size: 11pt;
		vertical-align: middle;
	}
	@media (max-width: 450px) {
		.button {
			font-size: 9pt;
		}
	}
</style>

<div>

	<header>
		<div class="nav-wrapper"><ul class="nav">
			<li><a class="button nav-first" href="//pokemonshowdown.com/"><img src="//pokemonshowdown.com/images/pokemonshowdownbeta.png" srcset="//pokemonshowdown.com/images/pokemonshowdownbeta.png 1x, //pokemonshowdown.com/images/pokemonshowdownbeta@2x.png 2x" alt="Pok&eacute;mon Showdown" width="146" height="44" /> Home</a></li>
			<li><a class="button" href="//pokemonshowdown.com/dex/">Pok&eacute;dex</a></li>
			<li><a class="button cur" href="/">Replays</a></li>
			<li><a class="button" href="//pokemonshowdown.com/ladder/">Ladder</a></li>
			<li><a class="button nav-last" href="//pokemonshowdown.com/forums/">Forum</a></li>
			<li><a class="button greenbutton nav-first nav-last" href="//play.pokemonshowdown.com/">Play</a></li>
		</ul></div>
	</header>

	<div class="main" id="main">

		<noscript><section class="section">You need to enable JavaScript to use this page; sorry!</section></noscript>

	</div>

</div>

<script defer nomodule src="//play.pokemonshowdown.com/js/lib/ps-polyfill.js"></script>
<script defer src="//play.pokemonshowdown.com/js/lib/preact.min.js"></script>

<script defer src="//play.pokemonshowdown.com/config/config.js?2bddbc15"></script>
<script defer src="//play.pokemonshowdown.com/js/lib/jquery-1.11.0.min.js"></script>
<script defer src="//play.pokemonshowdown.com/js/lib/html-sanitizer-minified.js"></script>
<script defer src="//play.pokemonshowdown.com/js/battle-sound.js"></script>
<script defer src="//play.pokemonshowdown.com/js/battledata.js?0.7209276989879541"></script>
<script defer src="//play.pokemonshowdown.com/data/pokedex-mini.js?0.6111056340867951"></script>
<script defer src="//play.pokemonshowdown.com/data/pokedex-mini-bw.js?0.3532142036491459"></script>
<script defer src="//play.pokemonshowdown.com/data/graphics.js?0.24223875632456182"></script>
<script defer src="//play.pokemonshowdown.com/data/pokedex.js?0.38839984266356864"></script>
<script defer src="//play.pokemonshowdown.com/data/moves.js?0.21866028504024015"></script>
<script defer src="//play.pokemonshowdown.com/data/abilities.js?0.2005157953846628"></script>
<script defer src="//play.pokemonshowdown.com/data/items.js?0.9894211263848525"></script>
<script defer src="//play.pokemonshowdown.com/data/teambuilder-tables.js?0.6008791140282215"></script>
<script defer src="//play.pokemonshowdown.com/js/battle-tooltips.js?0.7580118955022959"></script>
<script defer src="//play.pokemonshowdown.com/js/battle.js?0.6057722274234274"></script>

<script defer src="js/utils.js?e31f9a17"></script>
<script defer src="js/replays-battle.js?7008c182"></script>

<!-- don't scrape this data! just add .json or .log after the URL!
Full API docs: https://github.com/smogon/pokemon-showdown-client/blob/master/WEB-API.md -->
<script type="text/plain" class="log" id="replaylog-smogtours-gen3ou-803262">
|inactive|Battle timer is ON: inactive players will automatically lose when time's up.
|t:|1730226723
|gametype|singles
|player|p1|HeyYa!_Forte|backersf|
|player|p2|unzipscrogre|unknown|
|teamsize|p1|6
|teamsize|p2|6
|gen|3
|tier|[Gen 3] OU
|rule|Sleep Clause Mod: Limit one foe put to sleep
|rule|Switch Priority Clause Mod: Faster Pokémon switch first
|rule|Species Clause: Limit one of each Pokémon
|rule|OHKO Clause: OHKO moves are banned
|rule|Evasion Items Clause: Evasion items are banned
|rule|Evasion Moves Clause: Evasion moves are banned
|rule|Endless Battle Clause: Forcing endless battles is banned
|rule|HP Percentage Mod: HP is shown in percentages
|rule|One Boost Passer Clause: Limit one Baton Passer that has a way to boost its stats
|rule|Freeze Clause Mod: Limit one foe frozen
|
|t:|1730226723
|start
|switch|p1a: Zapdos|Zapdos|100/100
|switch|p2a: Metagross|Metagross|100/100
|turn|1
|inactive|unzipscrogre also wants the timer to be on.
|c|☆HeyYa!_Forte|glhf
|c|☆unzipscrogre|yt
|
|t:|1730226736
|switch|p2a: Celebi|Celebi|100/100
|move|p1a: Zapdos|Substitute|p1a: Zapdos
|-start|p1a: Zapdos|Substitute
|-damage|p1a: Zapdos|76/100
|
|-heal|p1a: Zapdos|82/100|[from] item: Leftovers
|upkeep
|turn|2
|
|t:|1730226757
|move|p1a: Zapdos|Baton Pass|p1a: Zapdos
|
|t:|1730226763
|switch|p1a: Metagross|Metagross|100/100|[from] Baton Pass
|move|p2a: Celebi|Substitute|p2a: Celebi
|-start|p2a: Celebi|Substitute
|-damage|p2a: Celebi|75/100
|
|-heal|p2a: Celebi|82/100|[from] item: Leftovers
|upkeep
|turn|3
|
|t:|1730226771
|move|p2a: Celebi|Baton Pass|p2a: Celebi
|
|t:|1730226784
|switch|p2a: Magneton|Magneton|100/100|[from] Baton Pass
|move|p1a: Metagross|Meteor Mash|p2a: Magneton|[miss]
|-miss|p1a: Metagross|p2a: Magneton
|
|upkeep
|turn|4
|
|t:|1730226791
|move|p2a: Magneton|Thunderbolt|p1a: Metagross
|-end|p1a: Metagross|Substitute
|move|p1a: Metagross|Earthquake|p2a: Magneton
|-supereffective|p2a: Magneton
|-end|p2a: Magneton|Substitute
|
|upkeep
|turn|5
|
|t:|1730226802
|move|p2a: Magneton|Substitute|p2a: Magneton
|-start|p2a: Magneton|Substitute
|-damage|p2a: Magneton|76/100
|move|p1a: Metagross|Meteor Mash|p2a: Magneton
|-resisted|p2a: Magneton
|-crit|p2a: Magneton
|-end|p2a: Magneton|Substitute
|
|upkeep
|turn|6
|
|t:|1730226809
|move|p2a: Magneton|Thunderbolt|p1a: Metagross
|-damage|p1a: Metagross|58/100
|move|p1a: Metagross|Earthquake|p2a: Magneton
|-supereffective|p2a: Magneton
|-damage|p2a: Magneton|0 fnt
|faint|p2a: Magneton
|
|t:|1730226831
|switch|p2a: Metagross|Metagross|100/100
|
|-heal|p1a: Metagross|64/100|[from] item: Leftovers
|upkeep
|turn|7
|
|t:|1730226841
|move|p1a: Metagross|Protect|p1a: Metagross
|-singleturn|p1a: Metagross|Protect
|move|p2a: Metagross|Brick Break|p1a: Metagross
|-activate|p1a: Metagross|Protect
|
|-heal|p1a: Metagross|70/100|[from] item: Leftovers
|upkeep
|turn|8
|
|t:|1730226850
|switch|p1a: Zapdos|Zapdos|82/100
|move|p2a: Metagross|Brick Break|p1a: Zapdos
|-resisted|p1a: Zapdos
|-damage|p1a: Zapdos|56/100
|
|-heal|p1a: Zapdos|62/100|[from] item: Leftovers
|upkeep
|turn|9
|
|t:|1730226862
|switch|p2a: Celebi|Celebi|82/100
|move|p1a: Zapdos|Thunderbolt|p2a: Celebi
|-resisted|p2a: Celebi
|-damage|p2a: Celebi|61/100
|
|-heal|p2a: Celebi|68/100|[from] item: Leftovers
|-heal|p1a: Zapdos|68/100|[from] item: Leftovers
|upkeep
|turn|10
|
|t:|1730226873
|move|p1a: Zapdos|Hidden Power|p2a: Celebi
|-supereffective|p2a: Celebi
|-damage|p2a: Celebi|29/100
|move|p2a: Celebi|Psychic|p1a: Zapdos
|-damage|p1a: Zapdos|32/100
|
|-heal|p2a: Celebi|36/100|[from] item: Leftovers
|-heal|p1a: Zapdos|38/100|[from] item: Leftovers
|upkeep
|turn|11
|
|t:|1730226885
|switch|p2a: Tyranitar|Tyranitar, F|100/100
|-weather|Sandstorm|[from] ability: Sand Stream|[of] p2a: Tyranitar
|move|p1a: Zapdos|Substitute|p1a: Zapdos
|-start|p1a: Zapdos|Substitute
|-damage|p1a: Zapdos|13/100
|
|-weather|Sandstorm|[upkeep]
|-damage|p1a: Zapdos|7/100|[from] Sandstorm
|-heal|p1a: Zapdos|13/100|[from] item: Leftovers
|upkeep
|turn|12
|
|t:|1730226901
|move|p1a: Zapdos|Baton Pass|p1a: Zapdos
|
|t:|1730226907
|switch|p1a: Breloom|Breloom, M|100/100|[from] Baton Pass
|move|p2a: Tyranitar|Earthquake|p1a: Breloom
|-resisted|p1a: Breloom
|-activate|p1a: Breloom|Substitute|[damage]
|
|-weather|Sandstorm|[upkeep]
|-damage|p1a: Breloom|94/100|[from] Sandstorm
|-heal|p1a: Breloom|100/100|[from] item: Leftovers
|upkeep
|turn|13
|
|t:|1730226920
|-singleturn|p1a: Breloom|move: Focus Punch
|move|p2a: Tyranitar|Earthquake|p1a: Breloom
|-resisted|p1a: Breloom
|-end|p1a: Breloom|Substitute
|move|p1a: Breloom|Focus Punch|p2a: Tyranitar
|-supereffective|p2a: Tyranitar
|-damage|p2a: Tyranitar|0 fnt
|faint|p2a: Tyranitar
|
|t:|1730226936
|switch|p2a: Celebi|Celebi|36/100
|
|-weather|Sandstorm|[upkeep]
|-damage|p2a: Celebi|29/100|[from] Sandstorm
|-damage|p1a: Breloom|94/100|[from] Sandstorm
|-heal|p2a: Celebi|36/100|[from] item: Leftovers
|-heal|p1a: Breloom|100/100|[from] item: Leftovers
|upkeep
|turn|14
|
|t:|1730226953
|move|p2a: Celebi|Substitute|p2a: Celebi
|-start|p2a: Celebi|Substitute
|-damage|p2a: Celebi|11/100
|move|p1a: Breloom|Spore||[still]
|-fail|p1a: Breloom
|
|-weather|Sandstorm|[upkeep]
|-damage|p2a: Celebi|4/100|[from] Sandstorm
|-damage|p1a: Breloom|94/100|[from] Sandstorm
|-heal|p2a: Celebi|11/100|[from] item: Leftovers
|-heal|p1a: Breloom|100/100|[from] item: Leftovers
|upkeep
|turn|15
|
|t:|1730226968
|-singleturn|p1a: Breloom|move: Focus Punch
|move|p2a: Celebi|Psychic|p1a: Breloom
|-supereffective|p1a: Breloom
|-damage|p1a: Breloom|0 fnt
|faint|p1a: Breloom
|
|t:|1730226974
|switch|p1a: Starmie|Starmie|100/100
|
|-weather|Sandstorm|[upkeep]
|-damage|p1a: Starmie|94/100|[from] Sandstorm
|-damage|p2a: Celebi|4/100|[from] Sandstorm
|-heal|p1a: Starmie|100/100|[from] item: Leftovers
|-heal|p2a: Celebi|11/100|[from] item: Leftovers
|upkeep
|turn|16
|
|t:|1730226981
|move|p1a: Starmie|Ice Beam|p2a: Celebi
|-supereffective|p2a: Celebi
|-end|p2a: Celebi|Substitute
|move|p2a: Celebi|Leech Seed|p1a: Starmie
|-start|p1a: Starmie|move: Leech Seed
|
|-weather|Sandstorm|[upkeep]
|-damage|p1a: Starmie|94/100|[from] Sandstorm
|-damage|p2a: Celebi|4/100|[from] Sandstorm
|-heal|p1a: Starmie|100/100|[from] item: Leftovers
|-damage|p1a: Starmie|88/100|[from] Leech Seed|[of] p2a: Celebi
|-heal|p2a: Celebi|12/100|[silent]
|-heal|p2a: Celebi|19/100|[from] item: Leftovers
|upkeep
|turn|17
|
|t:|1730226995
|switch|p1a: Metagross|Metagross|70/100
|switch|p2a: Metagross|Metagross|100/100
|
|-weather|Sandstorm|[upkeep]
|-heal|p1a: Metagross|76/100|[from] item: Leftovers
|upkeep
|turn|18
|
|t:|1730227002
|switch|p2a: Celebi|Celebi|19/100
|move|p1a: Metagross|Protect||[still]
|-fail|p1a: Metagross
|
|-weather|Sandstorm|[upkeep]
|-damage|p2a: Celebi|12/100|[from] Sandstorm
|-heal|p2a: Celebi|19/100|[from] item: Leftovers
|-heal|p1a: Metagross|82/100|[from] item: Leftovers
|upkeep
|turn|19
|
|t:|1730227007
|move|p2a: Celebi|Leech Seed|p1a: Metagross
|-start|p1a: Metagross|move: Leech Seed
|move|p1a: Metagross|Meteor Mash|p2a: Celebi
|-damage|p2a: Celebi|0 fnt
|faint|p2a: Celebi
|
|t:|1730227024
|switch|p2a: Gyarados|Gyarados, F|100/100
|-ability|p2a: Gyarados|Intimidate|boost
|-fail|p1a: Metagross|unboost|[from] ability: Clear Body|[of] p1a: Metagross
|
|-weather|Sandstorm|[upkeep]
|-damage|p2a: Gyarados|94/100|[from] Sandstorm
|-heal|p2a: Gyarados|100/100|[from] item: Leftovers
|-heal|p1a: Metagross|88/100|[from] item: Leftovers
|-damage|p1a: Metagross|76/100|[from] Leech Seed|[of] p2a: Gyarados
|upkeep
|turn|20
|
|t:|1730227040
|move|p2a: Gyarados|Dragon Dance|p2a: Gyarados
|-boost|p2a: Gyarados|atk|1
|-boost|p2a: Gyarados|spe|1
|move|p1a: Metagross|Explosion|p2a: Gyarados
|-damage|p2a: Gyarados|0 fnt
|faint|p1a: Metagross
|faint|p2a: Gyarados
|
|t:|1730227052
|switch|p2a: Metagross|Metagross|100/100
|switch|p1a: Zapdos|Zapdos|13/100
|
|-weather|Sandstorm|[upkeep]
|-damage|p1a: Zapdos|7/100|[from] Sandstorm
|-heal|p1a: Zapdos|13/100|[from] item: Leftovers
|upkeep
|turn|21
|
|t:|1730227059
|move|p1a: Zapdos|Thunderbolt|p2a: Metagross
|-damage|p2a: Metagross|48/100
|move|p2a: Metagross|Double-Edge|p1a: Zapdos
|-damage|p1a: Zapdos|0 fnt
|-damage|p2a: Metagross|44/100|[from] Recoil|[of] p1a: Zapdos
|faint|p1a: Zapdos
|
|t:|1730227063
|switch|p1a: Tyranitar|Tyranitar, M|100/100
|
|-weather|Sandstorm|[upkeep]
|upkeep
|turn|22
|
|t:|1730227071
|-singleturn|p1a: Tyranitar|move: Focus Punch
|switch|p2a: Salamence|Salamence, M|100/100
|-ability|p2a: Salamence|Intimidate|boost
|-unboost|p1a: Tyranitar|atk|1
|move|p1a: Tyranitar|Focus Punch|p2a: Salamence
|-resisted|p2a: Salamence
|-damage|p2a: Salamence|78/100
|
|-weather|Sandstorm|[upkeep]
|-damage|p2a: Salamence|72/100|[from] Sandstorm
|-heal|p2a: Salamence|78/100|[from] item: Leftovers
|upkeep
|turn|23
|
|t:|1730227079
|switch|p2a: Metagross|Metagross|44/100
|move|p1a: Tyranitar|Rock Slide|p2a: Metagross
|-resisted|p2a: Metagross
|-damage|p2a: Metagross|32/100
|
|-weather|Sandstorm|[upkeep]
|upkeep
|turn|24
|
|t:|1730227088
|switch|p1a: Starmie|Starmie|88/100
|move|p2a: Metagross|Meteor Mash|p1a: Starmie
|-resisted|p1a: Starmie
|-crit|p1a: Starmie
|-damage|p1a: Starmie|0 fnt
|faint|p1a: Starmie
|
|t:|1730227109
|switch|p1a: Blissey|Blissey, F|100/100
|
|-weather|Sandstorm|[upkeep]
|-damage|p1a: Blissey|94/100|[from] Sandstorm
|-heal|p1a: Blissey|100/100|[from] item: Leftovers
|upkeep
|turn|25
|
|t:|1730227120
|switch|p2a: Salamence|Salamence, M|78/100
|-ability|p2a: Salamence|Intimidate|boost
|-unboost|p1a: Blissey|atk|1
|move|p1a: Blissey|Thunder Wave|p2a: Salamence
|-status|p2a: Salamence|par
|
|-weather|Sandstorm|[upkeep]
|-damage|p1a: Blissey|94/100|[from] Sandstorm
|-damage|p2a: Salamence|72/100 par|[from] Sandstorm
|-heal|p1a: Blissey|100/100|[from] item: Leftovers
|-heal|p2a: Salamence|78/100 par|[from] item: Leftovers
|upkeep
|turn|26
|
|t:|1730227130
|move|p1a: Blissey|Ice Beam|p2a: Salamence
|-supereffective|p2a: Salamence
|-crit|p2a: Salamence
|-damage|p2a: Salamence|0 fnt
|faint|p2a: Salamence
|
|t:|1730227132
|switch|p2a: Metagross|Metagross|32/100
|
|-weather|Sandstorm|[upkeep]
|-damage|p1a: Blissey|94/100|[from] Sandstorm
|-heal|p1a: Blissey|100/100|[from] item: Leftovers
|upkeep
|turn|27
|inactive|unzipscrogre has 270 seconds left.
|
|t:|1730227179
|move|p2a: Metagross|Meteor Mash|p1a: Blissey
|-damage|p1a: Blissey|28/100
|move|p1a: Blissey|Thunder Wave|p2a: Metagross
|-status|p2a: Metagross|par
|
|-weather|Sandstorm|[upkeep]
|-damage|p1a: Blissey|22/100|[from] Sandstorm
|-heal|p1a: Blissey|28/100|[from] item: Leftovers
|upkeep
|turn|28
|
|t:|1730227187
|move|p1a: Blissey|Seismic Toss|p2a: Metagross
|-damage|p2a: Metagross|0 fnt
|faint|p2a: Metagross
|
|win|HeyYa!_Forte
|c|☆unzipscrogre|gg
|c|☆HeyYa!_Forte|gg

</script>
<script type="application/json" class="data" id="replaydata-smogtours-gen3ou-803262">
{"id":"smogtours-gen3ou-803262","format":"[Gen 3] OU","players":["HeyYa!_Forte","unzipscrogre"],"uploadtime":1730227187,"views":83,"formatid":"gen3ou","rating":null,"private":0,"password":null}
</script>

<script defer src="js/replays.js?9d40a366"></script>
