<!DOCTYPE html>
<meta charset="utf-8" />
<meta name="viewport" content="width=device-width" />

<title>[Gen 3] OU: OOF_MAXIMA vs. halux - Replays - Pok&eacute;mon Showdown!</title>

<meta name="description" content="Watch a replay of a Pok&eacute;mon battle between OOF_MAXIMA and halux! Format: [Gen 3] OU; Date: Oct 18, 2024" />
<!--

Hey, you! Looking in the source for the replay log?

You can find them in JSON format, just add `.json` at the end of a replay URL.

https://replay.pokemonshowdown.com/gen7randomdoublesbattle-865046831.json

Or, if you only need the log itself, add `.log` instead:

https://replay.pokemonshowdown.com/gen7randomdoublesbattle-865046831.log

-->

<link rel="stylesheet" href="//pokemonshowdown.com/style/global.css?0.767286132409787" />
<link rel="stylesheet" href="//play.pokemonshowdown.com/style/font-awesome.css?0.9266228007934947" />
<link rel="stylesheet" href="//play.pokemonshowdown.com/style/battle.css?0.7924700842790926" />
<link rel="stylesheet" href="//play.pokemonshowdown.com/style/utilichart.css?0.8777417872839479" />

<!-- Global site tag (gtag.js) - Google Analytics -->
<script async src="https://www.googletagmanager.com/gtag/js?id=UA-26211653-1"></script>
<script>
  window.dataLayer = window.dataLayer || [];
  function gtag(){dataLayer.push(arguments);}
  gtag('js', new Date());

  gtag('config', 'UA-26211653-1');
</script>
<!-- End Google Analytics -->
<!-- Venatus Ad Manager - Install in <HEAD> of page -->
	<script src="https://hb.vntsm.com/v3/live/ad-manager.min.js" type="text/javascript" data-site-id="642aba63ec9a7b11c3c9c1be" data-mode="scan" async></script>
<!-- / Venatus Ad Manager -->

<style>
	@media (max-width:820px) {
		.battle {
			margin: 0 auto;
		}
		.battle-log {
			margin: 7px auto 0;
			max-width: 640px;
			height: 300px;
			position: static;
		}
	}
	.optgroup {
		display: inline-block;
		line-height: 22px;
		font-size: 10pt;
	}
	.optgroup .button {
		height: 25px;
		padding-top: 0;
		padding-bottom: 0;
	}
	.optgroup button.button {
		padding-left: 12px;
		padding-right: 12px;
	}
	.linklist {
		list-style: none;
		margin: 0.5em 0;
		padding: 0;
	}
	.linklist li {
		padding: 2px 0;
	}
	.sidebar {
		float: left;
		width: 320px;
	}
	.bar-wrapper {
		max-width: 1100px;
		margin: 0 auto;
	}
	.bar-wrapper.has-sidebar {
		max-width: 1430px;
	}
	.mainbar {
		margin: 0;
		padding-right: 1px;
	}
	.mainbar.has-sidebar {
		margin-left: 330px;
	}
	@media (min-width: 1511px) {
		.sidebar {
			width: 400px;
		}
		.bar-wrapper.has-sidebar {
			max-width: 1510px;
		}
		.mainbar.has-sidebar {
			margin-left: 410px;
		}
	}
	.section.first-section {
		margin-top: 9px;
	}
	.blocklink small {
		white-space: normal;
	}
	.button {
		vertical-align: middle;
	}
	.replay-controls {
		padding-top: 10px;
	}
	.replay-controls h1 {
		font-size: 16pt;
		font-weight: normal;
		color: #CCC;
	}
	.pagelink {
		text-align: center;
	}
	.pagelink a {
		width: 150px;
	}
	.textbox, .button {
		font-size: 11pt;
		vertical-align: middle;
	}
	@media (max-width: 450px) {
		.button {
			font-size: 9pt;
		}
	}
</style>

<div>

	<header>
		<div class="nav-wrapper"><ul class="nav">
			<li><a class="button nav-first" href="//pokemonshowdown.com/"><img src="//pokemonshowdown.com/images/pokemonshowdownbeta.png" srcset="//pokemonshowdown.com/images/pokemonshowdownbeta.png 1x, //pokemonshowdown.com/images/pokemonshowdownbeta@2x.png 2x" alt="Pok&eacute;mon Showdown" width="146" height="44" /> Home</a></li>
			<li><a class="button" href="//pokemonshowdown.com/dex/">Pok&eacute;dex</a></li>
			<li><a class="button cur" href="/">Replays</a></li>
			<li><a class="button" href="//pokemonshowdown.com/ladder/">Ladder</a></li>
			<li><a class="button nav-last" href="//pokemonshowdown.com/forums/">Forum</a></li>
			<li><a class="button greenbutton nav-first nav-last" href="//play.pokemonshowdown.com/">Play</a></li>
		</ul></div>
	</header>

	<div class="main" id="main">

		<noscript><section class="section">You need to enable JavaScript to use this page; sorry!</section></noscript>

	</div>

</div>

<script defer nomodule src="//play.pokemonshowdown.com/js/lib/ps-polyfill.js"></script>
<script defer src="//play.pokemonshowdown.com/js/lib/preact.min.js"></script>

<script defer src="//play.pokemonshowdown.com/config/config.js?6dec07f6"></script>
<script defer src="//play.pokemonshowdown.com/js/lib/jquery-1.11.0.min.js"></script>
<script defer src="//play.pokemonshowdown.com/js/lib/html-sanitizer-minified.js"></script>
<script defer src="//play.pokemonshowdown.com/js/battle-sound.js"></script>
<script defer src="//play.pokemonshowdown.com/js/battledata.js?0.6315294753075389"></script>
<script defer src="//play.pokemonshowdown.com/data/pokedex-mini.js?0.7603743185311358"></script>
<script defer src="//play.pokemonshowdown.com/data/pokedex-mini-bw.js?0.030888842834281283"></script>
<script defer src="//play.pokemonshowdown.com/data/graphics.js?0.05593094747507488"></script>
<script defer src="//play.pokemonshowdown.com/data/pokedex.js?0.47064822249611904"></script>
<script defer src="//play.pokemonshowdown.com/data/moves.js?0.8583693120512459"></script>
<script defer src="//play.pokemonshowdown.com/data/abilities.js?0.16017181182386842"></script>
<script defer src="//play.pokemonshowdown.com/data/items.js?0.4163379185673943"></script>
<script defer src="//play.pokemonshowdown.com/data/teambuilder-tables.js?0.31075597372830477"></script>
<script defer src="//play.pokemonshowdown.com/js/battle-tooltips.js?0.6536193500708172"></script>
<script defer src="//play.pokemonshowdown.com/js/battle.js?0.1916591943277901"></script>

<script defer src="js/utils.js?e31f9a17"></script>
<script defer src="js/replays-battle.js?7008c182"></script>

<!-- don't scrape this data! just add .json or .log after the URL!
Full API docs: https://github.com/smogon/pokemon-showdown-client/blob/master/WEB-API.md -->
<script type="text/plain" class="log" id="replaylog-smogtours-gen3ou-799517">
|inactive|Battle timer is ON: inactive players will automatically lose when time's up.
|t:|1729263404
|gametype|singles
|player|p1|OOF_MAXIMA|cress|
|player|p2|halux|wattson|
|teamsize|p1|6
|teamsize|p2|6
|gen|3
|tier|[Gen 3] OU
|rule|Sleep Clause Mod: Limit one foe put to sleep
|rule|Switch Priority Clause Mod: Faster Pokémon switch first
|rule|Species Clause: Limit one of each Pokémon
|rule|OHKO Clause: OHKO moves are banned
|rule|Evasion Items Clause: Evasion items are banned
|rule|Evasion Moves Clause: Evasion moves are banned
|rule|Endless Battle Clause: Forcing endless battles is banned
|rule|HP Percentage Mod: HP is shown in percentages
|rule|One Boost Passer Clause: Limit one Baton Passer that has a way to boost its stats
|rule|Freeze Clause Mod: Limit one foe frozen
|
|t:|1729263404
|start
|switch|p1a: sandy goober|Tyranitar, F|100/100
|switch|p2a: Tyranitar|Tyranitar, M|100/100
|-weather|Sandstorm|[from] ability: Sand Stream|[of] p2a: Tyranitar
|turn|1
|c|☆OOF_MAXIMA|gl jf
|c|☆halux|gl hf
|c|☆OOF_MAXIMA|hf*
|inactive|OOF_MAXIMA has 270 seconds left.
|
|t:|1729263452
|switch|p2a: Skarmory|Skarmory, F|100/100
|switch|p1a: bird goober|Skarmory, M|100/100
|
|-weather|Sandstorm|[upkeep]
|upkeep
|turn|2
|
|t:|1729263468
|move|p1a: bird goober|Taunt|p2a: Skarmory
|-start|p2a: Skarmory|move: Taunt
|cant|p2a: Skarmory|move: Taunt|Spikes
|
|-weather|Sandstorm|[upkeep]
|upkeep
|turn|3
|
|t:|1729263476
|switch|p2a: Gengar|Gengar, M|100/100
|move|p1a: bird goober|Spikes|p2a: Gengar
|-sidestart|p2: halux|Spikes
|
|-weather|Sandstorm|[upkeep]
|-damage|p2a: Gengar|95/100|[from] Sandstorm
|-heal|p2a: Gengar|100/100|[from] item: Leftovers
|upkeep
|turn|4
|inactive|OOF_MAXIMA has 270 seconds left.
|inactive|OOF_MAXIMA has 240 seconds left.
|
|t:|1729263540
|switch|p2a: Skarmory|Skarmory, F|100/100
|switch|p1a: onion goober|Celebi|100/100
|
|-weather|Sandstorm|[upkeep]
|-damage|p1a: onion goober|94/100|[from] Sandstorm
|-heal|p1a: onion goober|100/100|[from] item: Leftovers
|upkeep
|turn|5
|inactive|OOF_MAXIMA has 240 seconds left.
|
|t:|1729263554
|switch|p1a: bird goober|Skarmory, M|100/100
|move|p2a: Skarmory|Spikes|p1a: bird goober
|-sidestart|p1: OOF_MAXIMA|Spikes
|
|-weather|Sandstorm|[upkeep]
|upkeep
|turn|6
|
|t:|1729263564
|switch|p2a: Gengar|Gengar, M|100/100
|move|p1a: bird goober|Spikes|p2a: Gengar
|-sidestart|p2: halux|Spikes
|
|-weather|Sandstorm|[upkeep]
|-damage|p2a: Gengar|95/100|[from] Sandstorm
|-heal|p2a: Gengar|100/100|[from] item: Leftovers
|upkeep
|turn|7
|inactive|OOF_MAXIMA has 240 seconds left.
|
|t:|1729263602
|switch|p1a: onion goober|Celebi|100/100
|-damage|p1a: onion goober|88/100|[from] Spikes
|move|p2a: Gengar|Will-O-Wisp|p1a: onion goober
|-status|p1a: onion goober|brn
|
|-weather|Sandstorm|[upkeep]
|-damage|p2a: Gengar|95/100|[from] Sandstorm
|-damage|p1a: onion goober|82/100 brn|[from] Sandstorm
|-heal|p2a: Gengar|100/100|[from] item: Leftovers
|-heal|p1a: onion goober|88/100 brn|[from] item: Leftovers
|-damage|p1a: onion goober|76/100 brn|[from] brn
|upkeep
|turn|8
|
|t:|1729263620
|move|p2a: Gengar|Ice Punch|p1a: onion goober
|-supereffective|p1a: onion goober
|-damage|p1a: onion goober|38/100 brn
|move|p1a: onion goober|Leech Seed|p2a: Gengar
|-start|p2a: Gengar|move: Leech Seed
|
|-weather|Sandstorm|[upkeep]
|-damage|p2a: Gengar|95/100|[from] Sandstorm
|-damage|p1a: onion goober|32/100 brn|[from] Sandstorm
|-heal|p2a: Gengar|100/100|[from] item: Leftovers
|-damage|p2a: Gengar|88/100|[from] Leech Seed|[of] p1a: onion goober
|-heal|p1a: onion goober|41/100 brn|[silent]
|-heal|p1a: onion goober|48/100 brn|[from] item: Leftovers
|-damage|p1a: onion goober|35/100 brn|[from] brn
|upkeep
|turn|9
|inactive|OOF_MAXIMA has 240 seconds left.
|
|t:|1729263637
|switch|p2a: Tyranitar|Tyranitar, M|100/100
|-damage|p2a: Tyranitar|84/100|[from] Spikes
|-curestatus|p1a: onion goober|brn|[from] ability: Natural Cure
|switch|p1a: muddy goober|Swampert, F|100/100
|-damage|p1a: muddy goober|88/100|[from] Spikes
|
|-weather|Sandstorm|[upkeep]
|-heal|p2a: Tyranitar|90/100|[from] item: Leftovers
|-heal|p1a: muddy goober|94/100|[from] item: Leftovers
|upkeep
|turn|10
|
|t:|1729263651
|switch|p2a: Celebi|Celebi|100/100
|-damage|p2a: Celebi|84/100|[from] Spikes
|move|p1a: muddy goober|Hydro Pump|p2a: Celebi
|-resisted|p2a: Celebi
|-damage|p2a: Celebi|63/100
|
|-weather|Sandstorm|[upkeep]
|-damage|p2a: Celebi|57/100|[from] Sandstorm
|-heal|p2a: Celebi|63/100|[from] item: Leftovers
|-heal|p1a: muddy goober|100/100|[from] item: Leftovers
|upkeep
|turn|11
|inactive|OOF_MAXIMA has 240 seconds left.
|
|t:|1729263679
|switch|p1a: bird goober|Skarmory, M|100/100
|move|p2a: Celebi|Hidden Power|p1a: bird goober
|-supereffective|p1a: bird goober
|-damage|p1a: bird goober|59/100
|
|-weather|Sandstorm|[upkeep]
|-damage|p2a: Celebi|57/100|[from] Sandstorm
|-heal|p2a: Celebi|63/100|[from] item: Leftovers
|-heal|p1a: bird goober|65/100|[from] item: Leftovers
|upkeep
|turn|12
|
|t:|1729263689
|move|p2a: Celebi|Hidden Power|p1a: bird goober
|-supereffective|p1a: bird goober
|-damage|p1a: bird goober|19/100
|move|p1a: bird goober|Spikes|p2a: Celebi
|-sidestart|p2: halux|Spikes
|
|-weather|Sandstorm|[upkeep]
|-damage|p2a: Celebi|57/100|[from] Sandstorm
|-heal|p2a: Celebi|63/100|[from] item: Leftovers
|-heal|p1a: bird goober|25/100|[from] item: Leftovers
|upkeep
|turn|13
|inactive|OOF_MAXIMA has 240 seconds left.
|
|t:|1729263703
|switch|p1a: dragon goober|Salamence, M|100/100
|-ability|p1a: dragon goober|Intimidate|boost
|-unboost|p2a: Celebi|atk|1
|move|p2a: Celebi|Leech Seed|p1a: dragon goober
|-start|p1a: dragon goober|move: Leech Seed
|
|-weather|Sandstorm|[upkeep]
|-damage|p1a: dragon goober|94/100|[from] Sandstorm
|-damage|p2a: Celebi|57/100|[from] Sandstorm
|-heal|p1a: dragon goober|100/100|[from] item: Leftovers
|-damage|p1a: dragon goober|88/100|[from] Leech Seed|[of] p2a: Celebi
|-heal|p2a: Celebi|68/100|[silent]
|-heal|p2a: Celebi|74/100|[from] item: Leftovers
|upkeep
|turn|14
|inactive|OOF_MAXIMA has 240 seconds left.
|
|t:|1729263719
|switch|p2a: Tyranitar|Tyranitar, M|90/100
|-damage|p2a: Tyranitar|65/100|[from] Spikes
|move|p1a: dragon goober|Fire Blast|p2a: Tyranitar|[miss]
|-miss|p1a: dragon goober|p2a: Tyranitar
|
|-weather|Sandstorm|[upkeep]
|-damage|p1a: dragon goober|82/100|[from] Sandstorm
|-heal|p1a: dragon goober|88/100|[from] item: Leftovers
|-damage|p1a: dragon goober|76/100|[from] Leech Seed|[of] p2a: Tyranitar
|-heal|p2a: Tyranitar|75/100|[silent]
|-heal|p2a: Tyranitar|82/100|[from] item: Leftovers
|upkeep
|turn|15
|inactive|OOF_MAXIMA has 240 seconds left.
|
|t:|1729263731
|switch|p1a: bird goober|Skarmory, M|25/100
|switch|p2a: Gengar|Gengar, M|88/100
|
|-weather|Sandstorm|[upkeep]
|-damage|p2a: Gengar|82/100|[from] Sandstorm
|-heal|p2a: Gengar|88/100|[from] item: Leftovers
|-heal|p1a: bird goober|31/100|[from] item: Leftovers
|upkeep
|turn|16
|inactive|OOF_MAXIMA has 240 seconds left.
|
|t:|1729263744
|move|p2a: Gengar|Thunderbolt|p1a: bird goober
|-supereffective|p1a: bird goober
|-damage|p1a: bird goober|0 fnt
|faint|p1a: bird goober
|
|t:|1729263746
|switch|p1a: devious goober|Gengar, F|100/100
|
|-weather|Sandstorm|[upkeep]
|-damage|p1a: devious goober|95/100|[from] Sandstorm
|-damage|p2a: Gengar|82/100|[from] Sandstorm
|-heal|p1a: devious goober|100/100|[from] item: Leftovers
|-heal|p2a: Gengar|88/100|[from] item: Leftovers
|upkeep
|turn|17
|inactive|halux has 270 seconds left.
|
|t:|1729263772
|move|p1a: devious goober|Thunderbolt|p2a: Gengar
|-damage|p2a: Gengar|55/100
|move|p2a: Gengar|Thunderbolt|p1a: devious goober
|-damage|p1a: devious goober|70/100
|
|-weather|Sandstorm|[upkeep]
|-damage|p1a: devious goober|65/100|[from] Sandstorm
|-damage|p2a: Gengar|49/100|[from] Sandstorm
|-heal|p1a: devious goober|70/100|[from] item: Leftovers
|-heal|p2a: Gengar|55/100|[from] item: Leftovers
|upkeep
|turn|18
|inactive|halux has 270 seconds left.
|
|t:|1729263789
|switch|p2a: Celebi|Celebi|74/100
|-damage|p2a: Celebi|49/100|[from] Spikes
|move|p1a: devious goober|Thunderbolt|p2a: Celebi
|-resisted|p2a: Celebi
|-damage|p2a: Celebi|38/100
|
|-weather|Sandstorm|[upkeep]
|-damage|p1a: devious goober|65/100|[from] Sandstorm
|-damage|p2a: Celebi|32/100|[from] Sandstorm
|-heal|p1a: devious goober|70/100|[from] item: Leftovers
|-heal|p2a: Celebi|38/100|[from] item: Leftovers
|upkeep
|turn|19
|inactive|OOF_MAXIMA has 270 seconds left.
|inactive|halux has 270 seconds left.
|inactive|OOF_MAXIMA has 240 seconds left.
|
|t:|1729263847
|move|p1a: devious goober|Ice Punch|p2a: Celebi
|-supereffective|p2a: Celebi
|-damage|p2a: Celebi|1/100
|move|p2a: Celebi|Psychic|p1a: devious goober
|-supereffective|p1a: devious goober
|-damage|p1a: devious goober|0 fnt
|faint|p1a: devious goober
|inactive|OOF_MAXIMA has 210 seconds left.
|
|t:|1729263863
|switch|p1a: muddy goober|Swampert, F|100/100
|-damage|p1a: muddy goober|88/100|[from] Spikes
|
|-weather|Sandstorm|[upkeep]
|-damage|p2a: Celebi|0 fnt|[from] Sandstorm
|faint|p2a: Celebi
|-heal|p1a: muddy goober|94/100|[from] item: Leftovers
|upkeep
|inactive|halux has 270 seconds left.
|
|t:|1729263876
|switch|p2a: Gengar|Gengar, M|55/100
|turn|20
|inactive|halux has 270 seconds left.
|
|t:|1729263885
|move|p2a: Gengar|Will-O-Wisp|p1a: muddy goober
|-status|p1a: muddy goober|brn
|move|p1a: muddy goober|Hydro Pump|p2a: Gengar
|-damage|p2a: Gengar|0 fnt
|faint|p2a: Gengar
|inactive|halux has 270 seconds left.
|
|t:|1729263897
|switch|p2a: Skarmory|Skarmory, F|100/100
|
|-weather|Sandstorm|[upkeep]
|-heal|p1a: muddy goober|100/100 brn|[from] item: Leftovers
|-damage|p1a: muddy goober|88/100 brn|[from] brn
|upkeep
|turn|21
|inactive|halux has 270 seconds left.
|
|t:|1729263908
|switch|p1a: dragon goober|Salamence, M|76/100
|-ability|p1a: dragon goober|Intimidate|boost
|-unboost|p2a: Skarmory|atk|1
|move|p2a: Skarmory|Roar|p1a: dragon goober
|drag|p1a: sandy goober|Tyranitar, F|100/100
|-damage|p1a: sandy goober|88/100|[from] Spikes
|
|-weather|Sandstorm|[upkeep]
|-heal|p1a: sandy goober|94/100|[from] item: Leftovers
|upkeep
|turn|22
|inactive|halux has 270 seconds left.
|
|t:|1729263921
|-singleturn|p1a: sandy goober|move: Focus Punch
|move|p2a: Skarmory|Spikes|p1a: sandy goober
|-sidestart|p1: OOF_MAXIMA|Spikes
|move|p1a: sandy goober|Focus Punch|p2a: Skarmory
|-damage|p2a: Skarmory|54/100
|
|-weather|Sandstorm|[upkeep]
|-heal|p2a: Skarmory|60/100|[from] item: Leftovers
|-heal|p1a: sandy goober|100/100|[from] item: Leftovers
|upkeep
|turn|23
|inactive|halux has 270 seconds left.
|
|t:|1729263940
|-singleturn|p1a: sandy goober|move: Focus Punch
|move|p1a: sandy goober|Focus Punch|p2a: Skarmory
|-damage|p2a: Skarmory|14/100
|move|p2a: Skarmory|Roar|p1a: sandy goober
|drag|p1a: dragon goober|Salamence, M|76/100
|-ability|p1a: dragon goober|Intimidate|boost
|-unboost|p2a: Skarmory|atk|1
|
|-weather|Sandstorm|[upkeep]
|-damage|p1a: dragon goober|70/100|[from] Sandstorm
|-heal|p1a: dragon goober|76/100|[from] item: Leftovers
|-heal|p2a: Skarmory|20/100|[from] item: Leftovers
|upkeep
|turn|24
|
|t:|1729263960
|move|p2a: Skarmory|Protect|p2a: Skarmory
|-singleturn|p2a: Skarmory|Protect
|move|p1a: dragon goober|Fire Blast|p2a: Skarmory
|-activate|p2a: Skarmory|Protect
|
|-weather|Sandstorm|[upkeep]
|-damage|p1a: dragon goober|70/100|[from] Sandstorm
|-heal|p1a: dragon goober|76/100|[from] item: Leftovers
|-heal|p2a: Skarmory|26/100|[from] item: Leftovers
|upkeep
|turn|25
|
|t:|1729263968
|move|p1a: dragon goober|Fire Blast|p2a: Skarmory
|-supereffective|p2a: Skarmory
|-damage|p2a: Skarmory|0 fnt
|faint|p2a: Skarmory
|
|t:|1729263976
|switch|p2a: Aerodactyl|Aerodactyl, F|100/100
|
|-weather|Sandstorm|[upkeep]
|-damage|p1a: dragon goober|70/100|[from] Sandstorm
|-heal|p1a: dragon goober|76/100|[from] item: Leftovers
|upkeep
|turn|26
|
|t:|1729263987
|switch|p1a: sandy goober|Tyranitar, F|100/100
|-damage|p1a: sandy goober|84/100|[from] Spikes
|move|p2a: Aerodactyl|Double-Edge|p1a: sandy goober
|-resisted|p1a: sandy goober
|-damage|p1a: sandy goober|63/100
|
|-weather|Sandstorm|[upkeep]
|-heal|p1a: sandy goober|69/100|[from] item: Leftovers
|upkeep
|turn|27
|
|t:|1729263998
|-singleturn|p1a: sandy goober|move: Focus Punch
|switch|p2a: Swampert|Swampert, M|100/100
|-damage|p2a: Swampert|76/100|[from] Spikes
|move|p1a: sandy goober|Focus Punch|p2a: Swampert
|-damage|p2a: Swampert|24/100
|
|-weather|Sandstorm|[upkeep]
|-heal|p1a: sandy goober|75/100|[from] item: Leftovers
|-heal|p2a: Swampert|30/100|[from] item: Leftovers
|upkeep
|turn|28
|
|t:|1729264011
|move|p1a: sandy goober|Earthquake|p2a: Swampert
|-damage|p2a: Swampert|0 fnt
|faint|p2a: Swampert
|
|t:|1729264015
|switch|p2a: Tyranitar|Tyranitar, M|82/100
|-damage|p2a: Tyranitar|57/100|[from] Spikes
|
|-weather|Sandstorm|[upkeep]
|-heal|p2a: Tyranitar|63/100|[from] item: Leftovers
|-heal|p1a: sandy goober|82/100|[from] item: Leftovers
|upkeep
|turn|29
|inactive|halux has 270 seconds left.
|
|t:|1729264022
|move|p1a: sandy goober|Earthquake|p2a: Tyranitar
|-supereffective|p2a: Tyranitar
|-damage|p2a: Tyranitar|1/100
|move|p2a: Tyranitar|Hidden Power|p1a: sandy goober
|-supereffective|p1a: sandy goober
|-damage|p1a: sandy goober|40/100
|
|-weather|Sandstorm|[upkeep]
|-heal|p1a: sandy goober|46/100|[from] item: Leftovers
|-heal|p2a: Tyranitar|7/100|[from] item: Leftovers
|upkeep
|turn|30
|inactive|halux has 270 seconds left.
|
|t:|1729264033
|move|p2a: Tyranitar|Earthquake|p1a: sandy goober
|-supereffective|p1a: sandy goober
|-damage|p1a: sandy goober|0 fnt
|faint|p1a: sandy goober
|
|t:|1729264043
|switch|p1a: dragon goober|Salamence, M|76/100
|-ability|p1a: dragon goober|Intimidate|boost
|-unboost|p2a: Tyranitar|atk|1
|
|-weather|Sandstorm|[upkeep]
|-damage|p1a: dragon goober|70/100|[from] Sandstorm
|-heal|p1a: dragon goober|76/100|[from] item: Leftovers
|-heal|p2a: Tyranitar|13/100|[from] item: Leftovers
|upkeep
|turn|31
|
|t:|1729264051
|move|p1a: dragon goober|Dragon Claw|p2a: Tyranitar
|-damage|p2a: Tyranitar|0 fnt
|faint|p2a: Tyranitar
|
|t:|1729264054
|switch|p2a: Aerodactyl|Aerodactyl, F|100/100
|
|-weather|Sandstorm|[upkeep]
|-damage|p1a: dragon goober|70/100|[from] Sandstorm
|-heal|p1a: dragon goober|76/100|[from] item: Leftovers
|upkeep
|turn|32
|
|t:|1729264061
|switch|p1a: onion goober|Celebi|35/100
|-damage|p1a: onion goober|19/100|[from] Spikes
|move|p2a: Aerodactyl|Double-Edge|p1a: onion goober
|-damage|p1a: onion goober|0 fnt
|faint|p1a: onion goober
|
|t:|1729264066
|switch|p1a: dragon goober|Salamence, M|76/100
|-ability|p1a: dragon goober|Intimidate|boost
|-unboost|p2a: Aerodactyl|atk|1
|
|-weather|Sandstorm|[upkeep]
|-damage|p1a: dragon goober|70/100|[from] Sandstorm
|-heal|p1a: dragon goober|76/100|[from] item: Leftovers
|upkeep
|turn|33
|
|t:|1729264073
|move|p2a: Aerodactyl|Double-Edge|p1a: dragon goober
|-damage|p1a: dragon goober|35/100
|move|p1a: dragon goober|Dragon Claw|p2a: Aerodactyl
|-damage|p2a: Aerodactyl|43/100
|
|-weather|Sandstorm|[upkeep]
|-damage|p1a: dragon goober|29/100|[from] Sandstorm
|-heal|p1a: dragon goober|35/100|[from] item: Leftovers
|upkeep
|turn|34
|
|t:|1729264075
|move|p2a: Aerodactyl|Double-Edge|p1a: dragon goober
|-damage|p1a: dragon goober|0 fnt
|faint|p1a: dragon goober
|
|t:|1729264077
|switch|p1a: muddy goober|Swampert, F|88/100 brn
|-damage|p1a: muddy goober|71/100 brn|[from] Spikes
|
|-weather|Sandstorm|[upkeep]
|-heal|p1a: muddy goober|78/100 brn|[from] item: Leftovers
|-damage|p1a: muddy goober|65/100 brn|[from] brn
|upkeep
|turn|35
|
|t:|1729264083
|move|p2a: Aerodactyl|Double-Edge|p1a: muddy goober
|-damage|p1a: muddy goober|32/100 brn
|move|p1a: muddy goober|Ice Beam|p2a: Aerodactyl
|-supereffective|p2a: Aerodactyl
|-damage|p2a: Aerodactyl|0 fnt
|faint|p2a: Aerodactyl
|
|win|OOF_MAXIMA
|c|☆OOF_MAXIMA|gg
|c|☆halux|gg

</script>
<script type="application/json" class="data" id="replaydata-smogtours-gen3ou-799517">
{"id":"smogtours-gen3ou-799517","format":"[Gen 3] OU","players":["OOF_MAXIMA","halux"],"uploadtime":1729264083,"views":147,"formatid":"gen3ou","rating":null,"private":0,"password":null}
</script>

<script defer src="js/replays.js?9d40a366"></script>
