<!DOCTYPE html>
<meta charset="utf-8" />
<meta name="viewport" content="width=device-width" />

<title>[Gen 3] OU: melninja vs. Skittle_Skity - Replays - Pok&eacute;mon Showdown!</title>

<meta name="description" content="Watch a replay of a Pok&eacute;mon battle between melninja and Skittle_Skity! Format: [Gen 3] OU; Date: Oct 22, 2024" />
<!--

Hey, you! Looking in the source for the replay log?

You can find them in JSON format, just add `.json` at the end of a replay URL.

https://replay.pokemonshowdown.com/gen7randomdoublesbattle-865046831.json

Or, if you only need the log itself, add `.log` instead:

https://replay.pokemonshowdown.com/gen7randomdoublesbattle-865046831.log

-->

<link rel="stylesheet" href="//pokemonshowdown.com/style/global.css?0.767286132409787" />
<link rel="stylesheet" href="//play.pokemonshowdown.com/style/font-awesome.css?0.9266228007934947" />
<link rel="stylesheet" href="//play.pokemonshowdown.com/style/battle.css?0.7924700842790926" />
<link rel="stylesheet" href="//play.pokemonshowdown.com/style/utilichart.css?0.8777417872839479" />

<!-- Global site tag (gtag.js) - Google Analytics -->
<script async src="https://www.googletagmanager.com/gtag/js?id=UA-26211653-1"></script>
<script>
  window.dataLayer = window.dataLayer || [];
  function gtag(){dataLayer.push(arguments);}
  gtag('js', new Date());

  gtag('config', 'UA-26211653-1');
</script>
<!-- End Google Analytics -->
<!-- Venatus Ad Manager - Install in <HEAD> of page -->
	<script src="https://hb.vntsm.com/v3/live/ad-manager.min.js" type="text/javascript" data-site-id="642aba63ec9a7b11c3c9c1be" data-mode="scan" async></script>
<!-- / Venatus Ad Manager -->

<style>
	@media (max-width:820px) {
		.battle {
			margin: 0 auto;
		}
		.battle-log {
			margin: 7px auto 0;
			max-width: 640px;
			height: 300px;
			position: static;
		}
	}
	.optgroup {
		display: inline-block;
		line-height: 22px;
		font-size: 10pt;
	}
	.optgroup .button {
		height: 25px;
		padding-top: 0;
		padding-bottom: 0;
	}
	.optgroup button.button {
		padding-left: 12px;
		padding-right: 12px;
	}
	.linklist {
		list-style: none;
		margin: 0.5em 0;
		padding: 0;
	}
	.linklist li {
		padding: 2px 0;
	}
	.sidebar {
		float: left;
		width: 320px;
	}
	.bar-wrapper {
		max-width: 1100px;
		margin: 0 auto;
	}
	.bar-wrapper.has-sidebar {
		max-width: 1430px;
	}
	.mainbar {
		margin: 0;
		padding-right: 1px;
	}
	.mainbar.has-sidebar {
		margin-left: 330px;
	}
	@media (min-width: 1511px) {
		.sidebar {
			width: 400px;
		}
		.bar-wrapper.has-sidebar {
			max-width: 1510px;
		}
		.mainbar.has-sidebar {
			margin-left: 410px;
		}
	}
	.section.first-section {
		margin-top: 9px;
	}
	.blocklink small {
		white-space: normal;
	}
	.button {
		vertical-align: middle;
	}
	.replay-controls {
		padding-top: 10px;
	}
	.replay-controls h1 {
		font-size: 16pt;
		font-weight: normal;
		color: #CCC;
	}
	.pagelink {
		text-align: center;
	}
	.pagelink a {
		width: 150px;
	}
	.textbox, .button {
		font-size: 11pt;
		vertical-align: middle;
	}
	@media (max-width: 450px) {
		.button {
			font-size: 9pt;
		}
	}
</style>

<div>

	<header>
		<div class="nav-wrapper"><ul class="nav">
			<li><a class="button nav-first" href="//pokemonshowdown.com/"><img src="//pokemonshowdown.com/images/pokemonshowdownbeta.png" srcset="//pokemonshowdown.com/images/pokemonshowdownbeta.png 1x, //pokemonshowdown.com/images/pokemonshowdownbeta@2x.png 2x" alt="Pok&eacute;mon Showdown" width="146" height="44" /> Home</a></li>
			<li><a class="button" href="//pokemonshowdown.com/dex/">Pok&eacute;dex</a></li>
			<li><a class="button cur" href="/">Replays</a></li>
			<li><a class="button" href="//pokemonshowdown.com/ladder/">Ladder</a></li>
			<li><a class="button nav-last" href="//pokemonshowdown.com/forums/">Forum</a></li>
			<li><a class="button greenbutton nav-first nav-last" href="//play.pokemonshowdown.com/">Play</a></li>
		</ul></div>
	</header>

	<div class="main" id="main">

		<noscript><section class="section">You need to enable JavaScript to use this page; sorry!</section></noscript>

	</div>

</div>

<script defer nomodule src="//play.pokemonshowdown.com/js/lib/ps-polyfill.js"></script>
<script defer src="//play.pokemonshowdown.com/js/lib/preact.min.js"></script>

<script defer src="//play.pokemonshowdown.com/config/config.js?6dec07f6"></script>
<script defer src="//play.pokemonshowdown.com/js/lib/jquery-1.11.0.min.js"></script>
<script defer src="//play.pokemonshowdown.com/js/lib/html-sanitizer-minified.js"></script>
<script defer src="//play.pokemonshowdown.com/js/battle-sound.js"></script>
<script defer src="//play.pokemonshowdown.com/js/battledata.js?0.6315294753075389"></script>
<script defer src="//play.pokemonshowdown.com/data/pokedex-mini.js?0.7603743185311358"></script>
<script defer src="//play.pokemonshowdown.com/data/pokedex-mini-bw.js?0.030888842834281283"></script>
<script defer src="//play.pokemonshowdown.com/data/graphics.js?0.05593094747507488"></script>
<script defer src="//play.pokemonshowdown.com/data/pokedex.js?0.47064822249611904"></script>
<script defer src="//play.pokemonshowdown.com/data/moves.js?0.8583693120512459"></script>
<script defer src="//play.pokemonshowdown.com/data/abilities.js?0.16017181182386842"></script>
<script defer src="//play.pokemonshowdown.com/data/items.js?0.4163379185673943"></script>
<script defer src="//play.pokemonshowdown.com/data/teambuilder-tables.js?0.31075597372830477"></script>
<script defer src="//play.pokemonshowdown.com/js/battle-tooltips.js?0.6536193500708172"></script>
<script defer src="//play.pokemonshowdown.com/js/battle.js?0.1916591943277901"></script>

<script defer src="js/utils.js?e31f9a17"></script>
<script defer src="js/replays-battle.js?7008c182"></script>

<!-- don't scrape this data! just add .json or .log after the URL!
Full API docs: https://github.com/smogon/pokemon-showdown-client/blob/master/WEB-API.md -->
<script type="text/plain" class="log" id="replaylog-smogtours-gen3ou-801265">
|inactive|Battle timer is ON: inactive players will automatically lose when time's up.
|t:|1729630780
|gametype|singles
|player|p1|melninja|colress|
|player|p2|Skittle_Skity|170|
|teamsize|p1|6
|teamsize|p2|6
|gen|3
|tier|[Gen 3] OU
|rule|Sleep Clause Mod: Limit one foe put to sleep
|rule|Switch Priority Clause Mod: Faster Pokémon switch first
|rule|Species Clause: Limit one of each Pokémon
|rule|OHKO Clause: OHKO moves are banned
|rule|Evasion Items Clause: Evasion items are banned
|rule|Evasion Moves Clause: Evasion moves are banned
|rule|Endless Battle Clause: Forcing endless battles is banned
|rule|HP Percentage Mod: HP is shown in percentages
|rule|One Boost Passer Clause: Limit one Baton Passer that has a way to boost its stats
|rule|Freeze Clause Mod: Limit one foe frozen
|
|t:|1729630780
|start
|switch|p1a: Tyranitar|Tyranitar, M|100/100
|switch|p2a: Old Guillotine|Tyranitar, F|100/100
|-weather|Sandstorm|[from] ability: Sand Stream|[of] p1a: Tyranitar
|turn|1
|c|☆Skittle_Skity|gl hf
|c|☆melninja|gl hf
|inactive|melninja has 270 seconds left.
|inactive|melninja has 240 seconds left.
|inactive|melninja has 210 seconds left.
|
|t:|1729630873
|switch|p2a: Repulsion Armor|Swampert, F|100/100
|move|p1a: Tyranitar|Earthquake|p2a: Repulsion Armor
|-damage|p2a: Repulsion Armor|76/100
|
|-weather|Sandstorm|[upkeep]
|-heal|p2a: Repulsion Armor|82/100|[from] item: Leftovers
|upkeep
|turn|2
|
|t:|1729630893
|move|p1a: Tyranitar|Hidden Power|p2a: Repulsion Armor
|-supereffective|p2a: Repulsion Armor
|-crit|p2a: Repulsion Armor
|-damage|p2a: Repulsion Armor|0 fnt
|faint|p2a: Repulsion Armor
|c|☆melninja|mb
|inactive|Skittle_Skity has 270 seconds left.
|c|☆Skittle_Skity|np
|
|t:|1729630919
|switch|p2a: Tri-Tip Dagger|Skarmory, F|100/100
|
|-weather|Sandstorm|[upkeep]
|upkeep
|turn|3
|
|t:|1729630928
|switch|p1a: Gengar|Gengar, F|100/100
|move|p2a: Tri-Tip Dagger|Spikes|p1a: Gengar
|-sidestart|p1: melninja|Spikes
|
|-weather|Sandstorm|[upkeep]
|-damage|p1a: Gengar|95/100|[from] Sandstorm
|-heal|p1a: Gengar|100/100|[from] item: Leftovers
|upkeep
|turn|4
|
|t:|1729630933
|move|p1a: Gengar|Hypnosis|p2a: Tri-Tip Dagger
|-status|p2a: Tri-Tip Dagger|slp|[from] move: Hypnosis
|cant|p2a: Tri-Tip Dagger|slp
|
|-weather|Sandstorm|[upkeep]
|-damage|p1a: Gengar|95/100|[from] Sandstorm
|-heal|p1a: Gengar|100/100|[from] item: Leftovers
|upkeep
|turn|5
|
|t:|1729630941
|switch|p2a: Medkit|Blissey, F|100/100
|move|p1a: Gengar|Ice Punch|p2a: Medkit
|-damage|p2a: Medkit|92/100
|
|-weather|Sandstorm|[upkeep]
|-damage|p1a: Gengar|95/100|[from] Sandstorm
|-damage|p2a: Medkit|86/100|[from] Sandstorm
|-heal|p1a: Gengar|100/100|[from] item: Leftovers
|-heal|p2a: Medkit|92/100|[from] item: Leftovers
|upkeep
|turn|6
|
|t:|1729630946
|move|p1a: Gengar|Taunt|p2a: Medkit
|-start|p2a: Medkit|move: Taunt
|move|p2a: Medkit|Thunderbolt|p1a: Gengar
|-damage|p1a: Gengar|74/100
|
|-weather|Sandstorm|[upkeep]
|-damage|p1a: Gengar|68/100|[from] Sandstorm
|-damage|p2a: Medkit|86/100|[from] Sandstorm
|-heal|p1a: Gengar|74/100|[from] item: Leftovers
|-heal|p2a: Medkit|92/100|[from] item: Leftovers
|upkeep
|turn|7
|
|t:|1729630951
|switch|p1a: Tyranitar|Tyranitar, M|100/100
|-damage|p1a: Tyranitar|88/100|[from] Spikes
|move|p2a: Medkit|Thunderbolt|p1a: Tyranitar
|-damage|p1a: Tyranitar|66/100
|
|-weather|Sandstorm|[upkeep]
|-damage|p2a: Medkit|86/100|[from] Sandstorm
|-heal|p2a: Medkit|92/100|[from] item: Leftovers
|-end|p2a: Medkit|move: Taunt|[silent]
|upkeep
|turn|8
|
|t:|1729630958
|switch|p2a: Tri-Tip Dagger|Skarmory, F|100/100 slp
|move|p1a: Tyranitar|Dragon Dance|p1a: Tyranitar
|-boost|p1a: Tyranitar|atk|1
|-boost|p1a: Tyranitar|spe|1
|
|-weather|Sandstorm|[upkeep]
|upkeep
|turn|9
|
|t:|1729630960
|move|p1a: Tyranitar|Rock Slide|p2a: Tri-Tip Dagger
|-damage|p2a: Tri-Tip Dagger|56/100 slp
|cant|p2a: Tri-Tip Dagger|slp
|
|-weather|Sandstorm|[upkeep]
|-heal|p2a: Tri-Tip Dagger|62/100 slp|[from] item: Leftovers
|upkeep
|turn|10
|
|t:|1729630966
|move|p1a: Tyranitar|Rock Slide|p2a: Tri-Tip Dagger|[miss]
|-miss|p1a: Tyranitar|p2a: Tri-Tip Dagger
|cant|p2a: Tri-Tip Dagger|slp
|
|-weather|Sandstorm|[upkeep]
|-heal|p2a: Tri-Tip Dagger|68/100 slp|[from] item: Leftovers
|upkeep
|turn|11
|
|t:|1729630968
|move|p1a: Tyranitar|Rock Slide|p2a: Tri-Tip Dagger|[miss]
|-miss|p1a: Tyranitar|p2a: Tri-Tip Dagger
|-curestatus|p2a: Tri-Tip Dagger|slp|[msg]
|move|p2a: Tri-Tip Dagger|Roar|p1a: Tyranitar
|drag|p1a: Salamence|Salamence, F|100/100
|-ability|p1a: Salamence|Intimidate|boost
|-unboost|p2a: Tri-Tip Dagger|atk|1
|
|-weather|Sandstorm|[upkeep]
|-damage|p1a: Salamence|94/100|[from] Sandstorm
|-heal|p1a: Salamence|100/100|[from] item: Leftovers
|-heal|p2a: Tri-Tip Dagger|74/100|[from] item: Leftovers
|upkeep
|turn|12
|
|t:|1729630973
|switch|p1a: Gengar|Gengar, F|74/100
|move|p2a: Tri-Tip Dagger|Protect||[still]
|-fail|p2a: Tri-Tip Dagger
|
|-weather|Sandstorm|[upkeep]
|-damage|p1a: Gengar|68/100|[from] Sandstorm
|-heal|p1a: Gengar|74/100|[from] item: Leftovers
|-heal|p2a: Tri-Tip Dagger|80/100|[from] item: Leftovers
|upkeep
|turn|13
|
|t:|1729630977
|switch|p2a: Medkit|Blissey, F|92/100
|move|p1a: Gengar|Taunt|p2a: Medkit
|-start|p2a: Medkit|move: Taunt
|
|-weather|Sandstorm|[upkeep]
|-damage|p1a: Gengar|68/100|[from] Sandstorm
|-damage|p2a: Medkit|86/100|[from] Sandstorm
|-heal|p1a: Gengar|74/100|[from] item: Leftovers
|-heal|p2a: Medkit|92/100|[from] item: Leftovers
|upkeep
|turn|14
|
|t:|1729630983
|move|p1a: Gengar|Hypnosis|p2a: Medkit
|-status|p2a: Medkit|slp|[from] move: Hypnosis
|cant|p2a: Medkit|slp
|
|-weather|Sandstorm|[upkeep]
|-damage|p1a: Gengar|68/100|[from] Sandstorm
|-damage|p2a: Medkit|86/100 slp|[from] Sandstorm
|-heal|p1a: Gengar|74/100|[from] item: Leftovers
|-heal|p2a: Medkit|92/100 slp|[from] item: Leftovers
|-end|p2a: Medkit|move: Taunt|[silent]
|upkeep
|turn|15
|
|t:|1729630989
|switch|p1a: Skarmory|Skarmory, F|100/100
|-curestatus|p2a: Medkit|slp|[msg]
|move|p2a: Medkit|Ice Beam|p1a: Skarmory
|-damage|p1a: Skarmory|79/100
|
|-weather|Sandstorm|[upkeep]
|-damage|p2a: Medkit|86/100|[from] Sandstorm
|-heal|p1a: Skarmory|85/100|[from] item: Leftovers
|-heal|p2a: Medkit|92/100|[from] item: Leftovers
|upkeep
|turn|16
|
|t:|1729630997
|switch|p1a: Jolteon|Jolteon, F|100/100
|-damage|p1a: Jolteon|88/100|[from] Spikes
|move|p2a: Medkit|Thunderbolt|p1a: Jolteon
|-heal|p1a: Jolteon|100/100|[from] ability: Volt Absorb|[of] p2a: Medkit
|
|-weather|Sandstorm|[upkeep]
|-damage|p1a: Jolteon|94/100|[from] Sandstorm
|-damage|p2a: Medkit|86/100|[from] Sandstorm
|-heal|p1a: Jolteon|100/100|[from] item: Leftovers
|-heal|p2a: Medkit|92/100|[from] item: Leftovers
|upkeep
|turn|17
|
|t:|1729631009
|move|p1a: Jolteon|Thunderbolt|p2a: Medkit
|-damage|p2a: Medkit|75/100
|move|p2a: Medkit|Ice Beam|p1a: Jolteon
|-damage|p1a: Jolteon|70/100
|
|-weather|Sandstorm|[upkeep]
|-damage|p1a: Jolteon|64/100|[from] Sandstorm
|-damage|p2a: Medkit|69/100|[from] Sandstorm
|-heal|p1a: Jolteon|70/100|[from] item: Leftovers
|-heal|p2a: Medkit|75/100|[from] item: Leftovers
|upkeep
|turn|18
|
|t:|1729631014
|move|p1a: Jolteon|Baton Pass|p1a: Jolteon
|
|t:|1729631015
|switch|p1a: Swampert|Swampert, F|100/100|[from] Baton Pass
|-damage|p1a: Swampert|88/100|[from] Spikes
|move|p2a: Medkit|Ice Beam|p1a: Swampert
|-damage|p1a: Swampert|70/100
|
|-weather|Sandstorm|[upkeep]
|-damage|p2a: Medkit|69/100|[from] Sandstorm
|-heal|p1a: Swampert|76/100|[from] item: Leftovers
|-heal|p2a: Medkit|75/100|[from] item: Leftovers
|upkeep
|turn|19
|
|t:|1729631024
|move|p1a: Swampert|Surf|p2a: Medkit
|-damage|p2a: Medkit|63/100
|move|p2a: Medkit|Soft-Boiled|p2a: Medkit
|-heal|p2a: Medkit|100/100
|
|-weather|Sandstorm|[upkeep]
|-damage|p2a: Medkit|94/100|[from] Sandstorm
|-heal|p1a: Swampert|82/100|[from] item: Leftovers
|-heal|p2a: Medkit|100/100|[from] item: Leftovers
|upkeep
|turn|20
|
|t:|1729631028
|move|p1a: Swampert|Protect|p1a: Swampert
|-singleturn|p1a: Swampert|Protect
|move|p2a: Medkit|Ice Beam|p1a: Swampert
|-activate|p1a: Swampert|Protect
|
|-weather|Sandstorm|[upkeep]
|-damage|p2a: Medkit|94/100|[from] Sandstorm
|-heal|p1a: Swampert|88/100|[from] item: Leftovers
|-heal|p2a: Medkit|100/100|[from] item: Leftovers
|upkeep
|turn|21
|
|t:|1729631036
|switch|p2a: Tri-Tip Dagger|Skarmory, F|80/100
|move|p1a: Swampert|Surf|p2a: Tri-Tip Dagger
|-damage|p2a: Tri-Tip Dagger|52/100
|
|-weather|Sandstorm|[upkeep]
|-heal|p2a: Tri-Tip Dagger|58/100|[from] item: Leftovers
|-heal|p1a: Swampert|95/100|[from] item: Leftovers
|upkeep
|turn|22
|
|t:|1729631039
|switch|p1a: Gengar|Gengar, F|74/100
|move|p2a: Tri-Tip Dagger|Spikes|p1a: Gengar
|-sidestart|p1: melninja|Spikes
|
|-weather|Sandstorm|[upkeep]
|-damage|p1a: Gengar|68/100|[from] Sandstorm
|-heal|p1a: Gengar|74/100|[from] item: Leftovers
|-heal|p2a: Tri-Tip Dagger|64/100|[from] item: Leftovers
|upkeep
|turn|23
|
|t:|1729631044
|move|p2a: Tri-Tip Dagger|Protect|p2a: Tri-Tip Dagger
|-singleturn|p2a: Tri-Tip Dagger|Protect
|move|p1a: Gengar|Hypnosis|p2a: Tri-Tip Dagger|[miss]
|-miss|p1a: Gengar|p2a: Tri-Tip Dagger
|
|-weather|Sandstorm|[upkeep]
|-damage|p1a: Gengar|68/100|[from] Sandstorm
|-heal|p1a: Gengar|74/100|[from] item: Leftovers
|-heal|p2a: Tri-Tip Dagger|70/100|[from] item: Leftovers
|upkeep
|turn|24
|
|t:|1729631046
|switch|p2a: Medkit|Blissey, F|100/100
|move|p1a: Gengar|Hypnosis|p2a: Medkit
|-status|p2a: Medkit|slp|[from] move: Hypnosis
|
|-weather|Sandstorm|[upkeep]
|-damage|p1a: Gengar|68/100|[from] Sandstorm
|-damage|p2a: Medkit|94/100 slp|[from] Sandstorm
|-heal|p1a: Gengar|74/100|[from] item: Leftovers
|-heal|p2a: Medkit|100/100 slp|[from] item: Leftovers
|upkeep
|turn|25
|
|t:|1729631051
|switch|p1a: Skarmory|Skarmory, F|85/100
|cant|p2a: Medkit|slp
|
|-weather|Sandstorm|[upkeep]
|-damage|p2a: Medkit|94/100 slp|[from] Sandstorm
|-heal|p1a: Skarmory|91/100|[from] item: Leftovers
|-heal|p2a: Medkit|100/100 slp|[from] item: Leftovers
|upkeep
|turn|26
|
|t:|1729631054
|move|p1a: Skarmory|Spikes|p2a: Medkit
|-sidestart|p2: Skittle_Skity|Spikes
|-curestatus|p2a: Medkit|slp|[msg]
|move|p2a: Medkit|Thunderbolt|p1a: Skarmory
|-supereffective|p1a: Skarmory
|-damage|p1a: Skarmory|45/100
|
|-weather|Sandstorm|[upkeep]
|-damage|p2a: Medkit|94/100|[from] Sandstorm
|-heal|p1a: Skarmory|51/100|[from] item: Leftovers
|-heal|p2a: Medkit|100/100|[from] item: Leftovers
|upkeep
|turn|27
|
|t:|1729631060
|move|p1a: Skarmory|Spikes|p2a: Medkit
|-sidestart|p2: Skittle_Skity|Spikes
|move|p2a: Medkit|Ice Beam|p1a: Skarmory
|-damage|p1a: Skarmory|30/100
|
|-weather|Sandstorm|[upkeep]
|-damage|p2a: Medkit|94/100|[from] Sandstorm
|-heal|p1a: Skarmory|36/100|[from] item: Leftovers
|-heal|p2a: Medkit|100/100|[from] item: Leftovers
|upkeep
|turn|28
|
|t:|1729631066
|switch|p1a: Jolteon|Jolteon, F|70/100
|-damage|p1a: Jolteon|53/100|[from] Spikes
|move|p2a: Medkit|Ice Beam|p1a: Jolteon
|-damage|p1a: Jolteon|24/100
|
|-weather|Sandstorm|[upkeep]
|-damage|p1a: Jolteon|18/100|[from] Sandstorm
|-damage|p2a: Medkit|94/100|[from] Sandstorm
|-heal|p1a: Jolteon|24/100|[from] item: Leftovers
|-heal|p2a: Medkit|100/100|[from] item: Leftovers
|upkeep
|turn|29
|
|t:|1729631071
|move|p1a: Jolteon|Thunderbolt|p2a: Medkit
|-damage|p2a: Medkit|82/100
|move|p2a: Medkit|Ice Beam|p1a: Jolteon
|-damage|p1a: Jolteon|0 fnt
|faint|p1a: Jolteon
|
|t:|1729631074
|switch|p1a: Tyranitar|Tyranitar, M|66/100
|-damage|p1a: Tyranitar|50/100|[from] Spikes
|
|-weather|Sandstorm|[upkeep]
|-damage|p2a: Medkit|76/100|[from] Sandstorm
|-heal|p2a: Medkit|82/100|[from] item: Leftovers
|upkeep
|turn|30
|
|t:|1729631080
|switch|p2a: Tri-Tip Dagger|Skarmory, F|70/100
|move|p1a: Tyranitar|Dragon Dance|p1a: Tyranitar
|-boost|p1a: Tyranitar|atk|1
|-boost|p1a: Tyranitar|spe|1
|
|-weather|Sandstorm|[upkeep]
|-heal|p2a: Tri-Tip Dagger|76/100|[from] item: Leftovers
|upkeep
|turn|31
|
|t:|1729631082
|move|p1a: Tyranitar|Rock Slide|p2a: Tri-Tip Dagger
|-damage|p2a: Tri-Tip Dagger|30/100
|move|p2a: Tri-Tip Dagger|Roar|p1a: Tyranitar
|drag|p1a: Salamence|Salamence, F|100/100
|-ability|p1a: Salamence|Intimidate|boost
|-unboost|p2a: Tri-Tip Dagger|atk|1
|
|-weather|Sandstorm|[upkeep]
|-damage|p1a: Salamence|94/100|[from] Sandstorm
|-heal|p1a: Salamence|100/100|[from] item: Leftovers
|-heal|p2a: Tri-Tip Dagger|36/100|[from] item: Leftovers
|upkeep
|turn|32
|
|t:|1729631092
|move|p2a: Tri-Tip Dagger|Protect|p2a: Tri-Tip Dagger
|-singleturn|p2a: Tri-Tip Dagger|Protect
|move|p1a: Salamence|Rock Slide|p2a: Tri-Tip Dagger
|-activate|p2a: Tri-Tip Dagger|Protect
|
|-weather|Sandstorm|[upkeep]
|-damage|p1a: Salamence|94/100|[from] Sandstorm
|-heal|p1a: Salamence|100/100|[from] item: Leftovers
|-heal|p2a: Tri-Tip Dagger|42/100|[from] item: Leftovers
|upkeep
|turn|33
|
|t:|1729631114
|move|p1a: Salamence|Rock Slide|p2a: Tri-Tip Dagger
|-damage|p2a: Tri-Tip Dagger|21/100
|move|p2a: Tri-Tip Dagger|Toxic|p1a: Salamence
|-status|p1a: Salamence|tox
|
|-weather|Sandstorm|[upkeep]
|-damage|p1a: Salamence|94/100 tox|[from] Sandstorm
|-heal|p1a: Salamence|100/100 tox|[from] item: Leftovers
|-damage|p1a: Salamence|94/100 tox|[from] psn
|-heal|p2a: Tri-Tip Dagger|27/100|[from] item: Leftovers
|upkeep
|turn|34
|
|t:|1729631126
|switch|p1a: Gengar|Gengar, F|74/100
|move|p2a: Tri-Tip Dagger|Protect||[still]
|-fail|p2a: Tri-Tip Dagger
|
|-weather|Sandstorm|[upkeep]
|-damage|p1a: Gengar|68/100|[from] Sandstorm
|-heal|p1a: Gengar|74/100|[from] item: Leftovers
|-heal|p2a: Tri-Tip Dagger|33/100|[from] item: Leftovers
|upkeep
|turn|35
|
|t:|1729631131
|move|p2a: Tri-Tip Dagger|Protect|p2a: Tri-Tip Dagger
|-singleturn|p2a: Tri-Tip Dagger|Protect
|move|p1a: Gengar|Hypnosis|p2a: Tri-Tip Dagger|[miss]
|-miss|p1a: Gengar|p2a: Tri-Tip Dagger
|
|-weather|Sandstorm|[upkeep]
|-damage|p1a: Gengar|68/100|[from] Sandstorm
|-heal|p1a: Gengar|74/100|[from] item: Leftovers
|-heal|p2a: Tri-Tip Dagger|39/100|[from] item: Leftovers
|upkeep
|turn|36
|
|t:|1729631135
|move|p1a: Gengar|Taunt|p2a: Tri-Tip Dagger
|-start|p2a: Tri-Tip Dagger|move: Taunt
|cant|p2a: Tri-Tip Dagger|move: Taunt|Spikes
|
|-weather|Sandstorm|[upkeep]
|-damage|p1a: Gengar|68/100|[from] Sandstorm
|-heal|p1a: Gengar|74/100|[from] item: Leftovers
|-heal|p2a: Tri-Tip Dagger|45/100|[from] item: Leftovers
|upkeep
|turn|37
|
|t:|1729631138
|switch|p2a: Medkit|Blissey, F|82/100
|-damage|p2a: Medkit|65/100|[from] Spikes
|move|p1a: Gengar|Ice Punch|p2a: Medkit
|-damage|p2a: Medkit|57/100
|
|-weather|Sandstorm|[upkeep]
|-damage|p1a: Gengar|68/100|[from] Sandstorm
|-damage|p2a: Medkit|51/100|[from] Sandstorm
|-heal|p1a: Gengar|74/100|[from] item: Leftovers
|-heal|p2a: Medkit|57/100|[from] item: Leftovers
|upkeep
|turn|38
|
|t:|1729631143
|move|p1a: Gengar|Taunt|p2a: Medkit
|-start|p2a: Medkit|move: Taunt
|move|p2a: Medkit|Ice Beam|p1a: Gengar
|-damage|p1a: Gengar|48/100
|
|-weather|Sandstorm|[upkeep]
|-damage|p1a: Gengar|42/100|[from] Sandstorm
|-damage|p2a: Medkit|51/100|[from] Sandstorm
|-heal|p1a: Gengar|48/100|[from] item: Leftovers
|-heal|p2a: Medkit|57/100|[from] item: Leftovers
|upkeep
|turn|39
|
|t:|1729631146
|switch|p1a: Swampert|Swampert, F|95/100
|-damage|p1a: Swampert|78/100|[from] Spikes
|move|p2a: Medkit|Ice Beam|p1a: Swampert
|-damage|p1a: Swampert|58/100
|
|-weather|Sandstorm|[upkeep]
|-damage|p2a: Medkit|51/100|[from] Sandstorm
|-heal|p1a: Swampert|65/100|[from] item: Leftovers
|-heal|p2a: Medkit|57/100|[from] item: Leftovers
|-end|p2a: Medkit|move: Taunt|[silent]
|upkeep
|turn|40
|
|t:|1729631148
|-singleturn|p1a: Swampert|move: Focus Punch
|move|p2a: Medkit|Soft-Boiled|p2a: Medkit
|-heal|p2a: Medkit|100/100
|move|p1a: Swampert|Focus Punch|p2a: Medkit
|-supereffective|p2a: Medkit
|-damage|p2a: Medkit|34/100
|
|-weather|Sandstorm|[upkeep]
|-damage|p2a: Medkit|28/100|[from] Sandstorm
|-heal|p1a: Swampert|71/100|[from] item: Leftovers
|-heal|p2a: Medkit|34/100|[from] item: Leftovers
|upkeep
|turn|41
|
|t:|1729631154
|-singleturn|p1a: Swampert|move: Focus Punch
|move|p2a: Medkit|Ice Beam|p1a: Swampert
|-crit|p1a: Swampert
|-damage|p1a: Swampert|34/100
|move|p1a: Swampert|Focus Punch||[still]
|cant|p1a: Swampert|Focus Punch|Focus Punch
|
|-weather|Sandstorm|[upkeep]
|-damage|p2a: Medkit|28/100|[from] Sandstorm
|-heal|p1a: Swampert|40/100|[from] item: Leftovers
|-heal|p2a: Medkit|34/100|[from] item: Leftovers
|upkeep
|turn|42
|
|t:|1729631159
|-singleturn|p1a: Swampert|move: Focus Punch
|move|p2a: Medkit|Ice Beam|p1a: Swampert
|-damage|p1a: Swampert|22/100
|move|p1a: Swampert|Focus Punch||[still]
|cant|p1a: Swampert|Focus Punch|Focus Punch
|
|-weather|Sandstorm|[upkeep]
|-damage|p2a: Medkit|28/100|[from] Sandstorm
|-heal|p1a: Swampert|29/100|[from] item: Leftovers
|-heal|p2a: Medkit|34/100|[from] item: Leftovers
|upkeep
|turn|43
|
|t:|1729631165
|move|p1a: Swampert|Surf|p2a: Medkit
|-damage|p2a: Medkit|16/100
|move|p2a: Medkit|Ice Beam|p1a: Swampert
|-damage|p1a: Swampert|9/100
|
|-weather|Sandstorm|[upkeep]
|-damage|p2a: Medkit|9/100|[from] Sandstorm
|-heal|p1a: Swampert|16/100|[from] item: Leftovers
|-heal|p2a: Medkit|16/100|[from] item: Leftovers
|upkeep
|turn|44
|
|t:|1729631170
|move|p1a: Swampert|Surf|p2a: Medkit
|-damage|p2a: Medkit|0 fnt
|faint|p2a: Medkit
|
|t:|1729631199
|switch|p2a: Lepton Daisy|Starmie|100/100
|-damage|p2a: Lepton Daisy|84/100|[from] Spikes
|
|-weather|Sandstorm|[upkeep]
|-damage|p2a: Lepton Daisy|78/100|[from] Sandstorm
|-heal|p2a: Lepton Daisy|84/100|[from] item: Leftovers
|-heal|p1a: Swampert|22/100|[from] item: Leftovers
|upkeep
|turn|45
|
|t:|1729631207
|-singleturn|p1a: Swampert|move: Focus Punch
|move|p2a: Lepton Daisy|Surf|p1a: Swampert
|-damage|p1a: Swampert|0 fnt
|faint|p1a: Swampert
|
|t:|1729631215
|switch|p1a: Gengar|Gengar, F|48/100
|
|-weather|Sandstorm|[upkeep]
|-damage|p2a: Lepton Daisy|78/100|[from] Sandstorm
|-damage|p1a: Gengar|42/100|[from] Sandstorm
|-heal|p2a: Lepton Daisy|84/100|[from] item: Leftovers
|-heal|p1a: Gengar|48/100|[from] item: Leftovers
|upkeep
|turn|46
|
|t:|1729631230
|move|p2a: Lepton Daisy|Surf|p1a: Gengar
|-damage|p1a: Gengar|10/100
|move|p1a: Gengar|Destiny Bond|p1a: Gengar
|-singlemove|p1a: Gengar|Destiny Bond
|
|-weather|Sandstorm|[upkeep]
|-damage|p2a: Lepton Daisy|78/100|[from] Sandstorm
|-damage|p1a: Gengar|4/100|[from] Sandstorm
|-heal|p2a: Lepton Daisy|84/100|[from] item: Leftovers
|-heal|p1a: Gengar|10/100|[from] item: Leftovers
|upkeep
|turn|47
|
|t:|1729631238
|move|p2a: Lepton Daisy|Thunder Wave|p1a: Gengar
|-status|p1a: Gengar|par
|move|p1a: Gengar|Hypnosis|p2a: Lepton Daisy
|-status|p2a: Lepton Daisy|slp|[from] move: Hypnosis
|
|-weather|Sandstorm|[upkeep]
|-damage|p2a: Lepton Daisy|78/100 slp|[from] Sandstorm
|-damage|p1a: Gengar|4/100 par|[from] Sandstorm
|-heal|p2a: Lepton Daisy|84/100 slp|[from] item: Leftovers
|-heal|p1a: Gengar|10/100 par|[from] item: Leftovers
|upkeep
|turn|48
|
|t:|1729631260
|-curestatus|p2a: Lepton Daisy|slp|[from] ability: Natural Cure
|switch|p2a: Old Guillotine|Tyranitar, F|100/100
|-damage|p2a: Old Guillotine|84/100|[from] Spikes
|switch|p1a: Tyranitar|Tyranitar, M|50/100
|-damage|p1a: Tyranitar|34/100|[from] Spikes
|
|-weather|Sandstorm|[upkeep]
|upkeep
|turn|49
|
|t:|1729631269
|move|p1a: Tyranitar|Earthquake|p2a: Old Guillotine
|-supereffective|p2a: Old Guillotine
|-damage|p2a: Old Guillotine|26/100
|move|p2a: Old Guillotine|Earthquake|p1a: Tyranitar
|-supereffective|p1a: Tyranitar
|-damage|p1a: Tyranitar|0 fnt
|faint|p1a: Tyranitar
|
|t:|1729631281
|switch|p1a: Salamence|Salamence, F|94/100 tox
|-ability|p1a: Salamence|Intimidate|boost
|-unboost|p2a: Old Guillotine|atk|1
|
|-weather|Sandstorm|[upkeep]
|-damage|p1a: Salamence|88/100 tox|[from] Sandstorm
|-heal|p1a: Salamence|94/100 tox|[from] item: Leftovers
|-damage|p1a: Salamence|88/100 tox|[from] psn
|upkeep
|turn|50
|
|t:|1729631284
|move|p1a: Salamence|Rock Slide|p2a: Old Guillotine
|-damage|p2a: Old Guillotine|3/100
|move|p2a: Old Guillotine|Ice Beam|p1a: Salamence
|-supereffective|p1a: Salamence
|-damage|p1a: Salamence|0 fnt
|faint|p1a: Salamence
|
|t:|1729631289
|switch|p1a: Skarmory|Skarmory, F|36/100
|
|-weather|Sandstorm|[upkeep]
|-heal|p1a: Skarmory|42/100|[from] item: Leftovers
|upkeep
|turn|51
|
|t:|1729631296
|move|p1a: Skarmory|Drill Peck|p2a: Old Guillotine
|-resisted|p2a: Old Guillotine
|-damage|p2a: Old Guillotine|0 fnt
|faint|p2a: Old Guillotine
|c|☆melninja|gg
|
|t:|1729631318
|switch|p2a: Atg Missile Mk. 1|Aerodactyl, F|100/100
|
|-weather|Sandstorm|[upkeep]
|-heal|p1a: Skarmory|48/100|[from] item: Leftovers
|upkeep
|turn|52
|
|t:|1729631325
|move|p2a: Atg Missile Mk. 1|Rock Slide|p1a: Skarmory
|-crit|p1a: Skarmory
|-damage|p1a: Skarmory|0 fnt
|faint|p1a: Skarmory
|c|☆Skittle_Skity|gg
|inactive|melninja has 270 seconds left.
|c|☆melninja|Do you keep the SD pass for last ?
|
|t:|1729631361
|switch|p1a: Gengar|Gengar, F|10/100 par
|
|-weather|Sandstorm|[upkeep]
|-damage|p1a: Gengar|4/100 par|[from] Sandstorm
|-heal|p1a: Gengar|10/100 par|[from] item: Leftovers
|upkeep
|turn|53
|
|t:|1729631370
|move|p2a: Atg Missile Mk. 1|Rock Slide|p1a: Gengar
|-damage|p1a: Gengar|0 fnt
|faint|p1a: Gengar
|
|win|Skittle_Skity

</script>
<script type="application/json" class="data" id="replaydata-smogtours-gen3ou-801265">
{"id":"smogtours-gen3ou-801265","format":"[Gen 3] OU","players":["melninja","Skittle_Skity"],"uploadtime":1729631370,"views":93,"formatid":"gen3ou","rating":null,"private":0,"password":null}
</script>

<script defer src="js/replays.js?9d40a366"></script>
