<!DOCTYPE html>
<meta charset="utf-8" />
<meta name="viewport" content="width=device-width" />

<title>[Gen 3] OU: Jahim the Cream vs. leoperi99 - Replays - Pok&eacute;mon Showdown!</title>

<meta name="description" content="Watch a replay of a Pok&eacute;mon battle between Jahim the Cream and leoperi99! Format: [Gen 3] OU; Date: Oct 4, 2024" />
<!--

Hey, you! Looking in the source for the replay log?

You can find them in JSON format, just add `.json` at the end of a replay URL.

https://replay.pokemonshowdown.com/gen7randomdoublesbattle-865046831.json

Or, if you only need the log itself, add `.log` instead:

https://replay.pokemonshowdown.com/gen7randomdoublesbattle-865046831.log

-->

<link rel="stylesheet" href="//pokemonshowdown.com/style/global.css?0.023195364461161105" />
<link rel="stylesheet" href="//play.pokemonshowdown.com/style/font-awesome.css?0.13261647063804238" />
<link rel="stylesheet" href="//play.pokemonshowdown.com/style/battle.css?0.8753245789963631" />
<link rel="stylesheet" href="//play.pokemonshowdown.com/style/utilichart.css?0.8627959624976733" />

<!-- Global site tag (gtag.js) - Google Analytics -->
<script async src="https://www.googletagmanager.com/gtag/js?id=UA-26211653-1"></script>
<script>
  window.dataLayer = window.dataLayer || [];
  function gtag(){dataLayer.push(arguments);}
  gtag('js', new Date());

  gtag('config', 'UA-26211653-1');
</script>
<!-- End Google Analytics -->
<!-- Venatus Ad Manager - Install in <HEAD> of page -->
	<script src="https://hb.vntsm.com/v3/live/ad-manager.min.js" type="text/javascript" data-site-id="642aba63ec9a7b11c3c9c1be" data-mode="scan" async></script>
<!-- / Venatus Ad Manager -->

<style>
	@media (max-width:820px) {
		.battle {
			margin: 0 auto;
		}
		.battle-log {
			margin: 7px auto 0;
			max-width: 640px;
			height: 300px;
			position: static;
		}
	}
	.optgroup {
		display: inline-block;
		line-height: 22px;
		font-size: 10pt;
	}
	.optgroup .button {
		height: 25px;
		padding-top: 0;
		padding-bottom: 0;
	}
	.optgroup button.button {
		padding-left: 12px;
		padding-right: 12px;
	}
	.linklist {
		list-style: none;
		margin: 0.5em 0;
		padding: 0;
	}
	.linklist li {
		padding: 2px 0;
	}
	.sidebar {
		float: left;
		width: 320px;
	}
	.bar-wrapper {
		max-width: 1100px;
		margin: 0 auto;
	}
	.bar-wrapper.has-sidebar {
		max-width: 1430px;
	}
	.mainbar {
		margin: 0;
		padding-right: 1px;
	}
	.mainbar.has-sidebar {
		margin-left: 330px;
	}
	@media (min-width: 1511px) {
		.sidebar {
			width: 400px;
		}
		.bar-wrapper.has-sidebar {
			max-width: 1510px;
		}
		.mainbar.has-sidebar {
			margin-left: 410px;
		}
	}
	.section.first-section {
		margin-top: 9px;
	}
	.blocklink small {
		white-space: normal;
	}
	.button {
		vertical-align: middle;
	}
	.replay-controls {
		padding-top: 10px;
	}
	.replay-controls h1 {
		font-size: 16pt;
		font-weight: normal;
		color: #CCC;
	}
	.pagelink {
		text-align: center;
	}
	.pagelink a {
		width: 150px;
	}
	.textbox, .button {
		font-size: 11pt;
		vertical-align: middle;
	}
	@media (max-width: 450px) {
		.button {
			font-size: 9pt;
		}
	}
</style>

<div>

	<header>
		<div class="nav-wrapper"><ul class="nav">
			<li><a class="button nav-first" href="//pokemonshowdown.com/"><img src="//pokemonshowdown.com/images/pokemonshowdownbeta.png" srcset="//pokemonshowdown.com/images/pokemonshowdownbeta.png 1x, //pokemonshowdown.com/images/pokemonshowdownbeta@2x.png 2x" alt="Pok&eacute;mon Showdown" width="146" height="44" /> Home</a></li>
			<li><a class="button" href="//pokemonshowdown.com/dex/">Pok&eacute;dex</a></li>
			<li><a class="button cur" href="/">Replays</a></li>
			<li><a class="button" href="//pokemonshowdown.com/ladder/">Ladder</a></li>
			<li><a class="button nav-last" href="//pokemonshowdown.com/forums/">Forum</a></li>
			<li><a class="button greenbutton nav-first nav-last" href="//play.pokemonshowdown.com/">Play</a></li>
		</ul></div>
	</header>

	<div class="main" id="main">

		<noscript><section class="section">You need to enable JavaScript to use this page; sorry!</section></noscript>

	</div>

</div>

<script defer nomodule src="//play.pokemonshowdown.com/js/lib/ps-polyfill.js"></script>
<script defer src="//play.pokemonshowdown.com/js/lib/preact.min.js"></script>

<script defer src="//play.pokemonshowdown.com/config/config.js?2bddbc15"></script>
<script defer src="//play.pokemonshowdown.com/js/lib/jquery-1.11.0.min.js"></script>
<script defer src="//play.pokemonshowdown.com/js/lib/html-sanitizer-minified.js"></script>
<script defer src="//play.pokemonshowdown.com/js/battle-sound.js"></script>
<script defer src="//play.pokemonshowdown.com/js/battledata.js?0.7209276989879541"></script>
<script defer src="//play.pokemonshowdown.com/data/pokedex-mini.js?0.6111056340867951"></script>
<script defer src="//play.pokemonshowdown.com/data/pokedex-mini-bw.js?0.3532142036491459"></script>
<script defer src="//play.pokemonshowdown.com/data/graphics.js?0.24223875632456182"></script>
<script defer src="//play.pokemonshowdown.com/data/pokedex.js?0.38839984266356864"></script>
<script defer src="//play.pokemonshowdown.com/data/moves.js?0.21866028504024015"></script>
<script defer src="//play.pokemonshowdown.com/data/abilities.js?0.2005157953846628"></script>
<script defer src="//play.pokemonshowdown.com/data/items.js?0.9894211263848525"></script>
<script defer src="//play.pokemonshowdown.com/data/teambuilder-tables.js?0.6008791140282215"></script>
<script defer src="//play.pokemonshowdown.com/js/battle-tooltips.js?0.7580118955022959"></script>
<script defer src="//play.pokemonshowdown.com/js/battle.js?0.6057722274234274"></script>

<script defer src="js/utils.js?e31f9a17"></script>
<script defer src="js/replays-battle.js?7008c182"></script>

<!-- don't scrape this data! just add .json or .log after the URL!
Full API docs: https://github.com/smogon/pokemon-showdown-client/blob/master/WEB-API.md -->
<script type="text/plain" class="log" id="replaylog-smogtours-gen3ou-794616">
|inactive|Battle timer is ON: inactive players will automatically lose when time's up.
|t:|1728064978
|gametype|singles
|player|p1|Jahim the Cream|169|
|player|p2|leoperi99|hala|
|teamsize|p1|6
|teamsize|p2|6
|gen|3
|tier|[Gen 3] OU
|rule|Sleep Clause Mod: Limit one foe put to sleep
|rule|Switch Priority Clause Mod: Faster Pokémon switch first
|rule|Species Clause: Limit one of each Pokémon
|rule|OHKO Clause: OHKO moves are banned
|rule|Evasion Items Clause: Evasion items are banned
|rule|Evasion Moves Clause: Evasion moves are banned
|rule|Endless Battle Clause: Forcing endless battles is banned
|rule|HP Percentage Mod: HP is shown in percentages
|rule|One Boost Passer Clause: Limit one Baton Passer that has a way to boost its stats
|rule|Freeze Clause Mod: Limit one foe frozen
|
|t:|1728064978
|start
|switch|p1a: Medicham|Medicham, M|100/100
|switch|p2a: Big Hands|Hariyama, F, shiny|100/100
|turn|1
|c|☆leoperi99|ill link the mathc
|c|☆leoperi99|glhf
|inactive|Jahim the Cream has 270 seconds left.
|inactive|leoperi99 has 270 seconds left.
|
|t:|1728065031
|switch|p1a: Salamence|Salamence, M|100/100
|-ability|p1a: Salamence|Intimidate|boost
|-unboost|p2a: Big Hands|atk|1
|move|p2a: Big Hands|Hidden Power|p1a: Salamence
|-damage|p1a: Salamence|81/100
|
|-heal|p1a: Salamence|88/100|[from] item: Leftovers
|upkeep
|turn|2
|
|t:|1728065043
|switch|p2a: Kirby|Blissey, F|100/100
|move|p1a: Salamence|Hidden Power|p2a: Kirby
|-damage|p2a: Kirby|58/100
|
|-heal|p1a: Salamence|94/100|[from] item: Leftovers
|-heal|p2a: Kirby|64/100|[from] item: Leftovers
|upkeep
|turn|3
|inactive|Jahim the Cream has 270 seconds left.
|
|t:|1728065081
|switch|p1a: Snorlax|Snorlax, F|100/100
|move|p2a: Kirby|Soft-Boiled|p2a: Kirby
|-heal|p2a: Kirby|100/100
|
|upkeep
|turn|4
|
|t:|1728065087
|switch|p2a: golden pokeball|Forretress, F, shiny|100/100
|move|p1a: Snorlax|Body Slam|p2a: golden pokeball
|-resisted|p2a: golden pokeball
|-damage|p2a: golden pokeball|86/100
|
|-heal|p2a: golden pokeball|92/100|[from] item: Leftovers
|upkeep
|turn|5
|
|t:|1728065091
|switch|p1a: Magneton|Magneton|100/100
|move|p2a: golden pokeball|Spikes|p1a: Magneton
|-sidestart|p1: Jahim the Cream|Spikes
|
|-heal|p2a: golden pokeball|99/100|[from] item: Leftovers
|upkeep
|turn|6
|
|t:|1728065095
|move|p1a: Magneton|Hidden Power|p2a: golden pokeball
|-supereffective|p2a: golden pokeball
|-damage|p2a: golden pokeball|0 fnt
|faint|p2a: golden pokeball
|
|t:|1728065107
|switch|p2a: Big Hands|Hariyama, F, shiny|100/100
|
|upkeep
|turn|7
|
|t:|1728065125
|move|p1a: Magneton|Thunderbolt|p2a: Big Hands
|-damage|p2a: Big Hands|46/100
|move|p2a: Big Hands|Cross Chop|p1a: Magneton
|-supereffective|p1a: Magneton
|-crit|p1a: Magneton
|-damage|p1a: Magneton|0 fnt
|faint|p1a: Magneton
|
|t:|1728065130
|switch|p1a: Salamence|Salamence, M|94/100
|-ability|p1a: Salamence|Intimidate|boost
|-unboost|p2a: Big Hands|atk|1
|
|-heal|p1a: Salamence|99/100|[from] item: Leftovers
|-heal|p2a: Big Hands|52/100|[from] item: Leftovers
|upkeep
|turn|8
|
|t:|1728065136
|switch|p2a: Kirby|Blissey, F|100/100
|move|p1a: Salamence|Hidden Power|p2a: Kirby
|-damage|p2a: Kirby|59/100
|
|-heal|p1a: Salamence|100/100|[from] item: Leftovers
|-heal|p2a: Kirby|65/100|[from] item: Leftovers
|upkeep
|turn|9
|
|t:|1728065142
|switch|p1a: Medicham|Medicham, M|100/100
|-damage|p1a: Medicham|88/100|[from] Spikes
|move|p2a: Kirby|Soft-Boiled|p2a: Kirby
|-heal|p2a: Kirby|100/100
|
|upkeep
|turn|10
|
|t:|1728065152
|switch|p2a: salamander fly|Salamence, F, shiny|100/100
|-ability|p2a: salamander fly|Intimidate|boost
|-unboost|p1a: Medicham|atk|1
|move|p1a: Medicham|Shadow Ball|p2a: salamander fly
|-damage|p2a: salamander fly|83/100
|
|-heal|p2a: salamander fly|89/100|[from] item: Leftovers
|upkeep
|turn|11
|
|t:|1728065161
|switch|p1a: Metagross|Metagross|100/100
|-damage|p1a: Metagross|88/100|[from] Spikes
|switch|p2a: I love sand|Tyranitar, M, shiny|100/100
|-weather|Sandstorm|[from] ability: Sand Stream|[of] p2a: I love sand
|
|-weather|Sandstorm|[upkeep]
|-heal|p1a: Metagross|94/100|[from] item: Leftovers
|upkeep
|turn|12
|
|t:|1728065168
|move|p1a: Metagross|Agility|p1a: Metagross
|-boost|p1a: Metagross|spe|2
|move|p2a: I love sand|Fire Blast|p1a: Metagross
|-supereffective|p1a: Metagross
|-damage|p1a: Metagross|17/100
|
|-weather|Sandstorm|[upkeep]
|-heal|p1a: Metagross|23/100|[from] item: Leftovers
|upkeep
|turn|13
|
|t:|1728065175
|move|p1a: Metagross|Meteor Mash|p2a: I love sand
|-supereffective|p2a: I love sand
|-damage|p2a: I love sand|15/100
|move|p2a: I love sand|Crunch|p1a: Metagross
|-crit|p1a: Metagross
|-damage|p1a: Metagross|0 fnt
|faint|p1a: Metagross
|inactive|Jahim the Cream has 270 seconds left.
|
|t:|1728065208
|switch|p1a: Medicham|Medicham, M|88/100
|-damage|p1a: Medicham|76/100|[from] Spikes
|
|-weather|Sandstorm|[upkeep]
|-damage|p1a: Medicham|70/100|[from] Sandstorm
|-heal|p2a: I love sand|22/100|[from] item: Leftovers
|upkeep
|turn|14
|
|t:|1728065215
|move|p1a: Medicham|Rock Slide|p2a: I love sand
|-damage|p2a: I love sand|0 fnt
|faint|p2a: I love sand
|
|t:|1728065221
|switch|p2a: Jogo do genio|Jirachi, shiny|100/100
|
|-weather|Sandstorm|[upkeep]
|-damage|p1a: Medicham|64/100|[from] Sandstorm
|upkeep
|turn|15
|
|t:|1728065228
|move|p1a: Medicham|Shadow Ball|p2a: Jogo do genio
|-damage|p2a: Jogo do genio|75/100
|move|p2a: Jogo do genio|Fire Punch|p1a: Medicham
|-damage|p1a: Medicham|36/100
|
|-weather|Sandstorm|[upkeep]
|-damage|p1a: Medicham|30/100|[from] Sandstorm
|-heal|p2a: Jogo do genio|81/100|[from] item: Leftovers
|upkeep
|turn|16
|
|t:|1728065233
|move|p1a: Medicham|Brick Break|p2a: Jogo do genio
|-damage|p2a: Jogo do genio|41/100
|move|p2a: Jogo do genio|Wish|p2a: Jogo do genio
|
|-weather|Sandstorm|[upkeep]
|-damage|p1a: Medicham|24/100|[from] Sandstorm
|-enditem|p1a: Medicham|Salac Berry|[eat]
|-boost|p1a: Medicham|spe|1|[from] item: Salac Berry
|-heal|p2a: Jogo do genio|48/100|[from] item: Leftovers
|upkeep
|turn|17
|
|t:|1728065242
|move|p1a: Medicham|Brick Break|p2a: Jogo do genio
|-damage|p2a: Jogo do genio|9/100
|move|p2a: Jogo do genio|Fire Punch|p1a: Medicham
|-damage|p1a: Medicham|0 fnt
|faint|p1a: Medicham
|
|t:|1728065257
|switch|p1a: Salamence|Salamence, M|100/100
|-ability|p1a: Salamence|Intimidate|boost
|-unboost|p2a: Jogo do genio|atk|1
|
|-heal|p2a: Jogo do genio|59/100|[from] move: Wish|[wisher] Jogo do genio
|-weather|Sandstorm|[upkeep]
|-damage|p1a: Salamence|94/100|[from] Sandstorm
|-heal|p1a: Salamence|100/100|[from] item: Leftovers
|-heal|p2a: Jogo do genio|65/100|[from] item: Leftovers
|upkeep
|turn|18
|
|t:|1728065265
|switch|p2a: Kirby|Blissey, F|100/100
|move|p1a: Salamence|Dragon Dance|p1a: Salamence
|-boost|p1a: Salamence|atk|1
|-boost|p1a: Salamence|spe|1
|
|-weather|Sandstorm|[upkeep]
|-damage|p1a: Salamence|94/100|[from] Sandstorm
|-damage|p2a: Kirby|94/100|[from] Sandstorm
|-heal|p1a: Salamence|100/100|[from] item: Leftovers
|-heal|p2a: Kirby|100/100|[from] item: Leftovers
|upkeep
|turn|19
|
|t:|1728065269
|switch|p1a: Snorlax|Snorlax, F|100/100
|-damage|p1a: Snorlax|88/100|[from] Spikes
|move|p2a: Kirby|Ice Beam|p1a: Snorlax
|-damage|p1a: Snorlax|73/100
|
|-weather|Sandstorm|[upkeep]
|-damage|p2a: Kirby|94/100|[from] Sandstorm
|-damage|p1a: Snorlax|67/100|[from] Sandstorm
|-heal|p2a: Kirby|100/100|[from] item: Leftovers
|-heal|p1a: Snorlax|73/100|[from] item: Leftovers
|upkeep
|turn|20
|
|t:|1728065282
|switch|p2a: salamander fly|Salamence, F, shiny|89/100
|-ability|p2a: salamander fly|Intimidate|boost
|-unboost|p1a: Snorlax|atk|1
|move|p1a: Snorlax|Body Slam|p2a: salamander fly
|-damage|p2a: salamander fly|67/100
|
|-weather|Sandstorm|[upkeep]
|-damage|p2a: salamander fly|61/100|[from] Sandstorm
|-damage|p1a: Snorlax|67/100|[from] Sandstorm
|-heal|p2a: salamander fly|67/100|[from] item: Leftovers
|-heal|p1a: Snorlax|73/100|[from] item: Leftovers
|upkeep
|turn|21
|
|t:|1728065289
|move|p2a: salamander fly|Wish|p2a: salamander fly
|move|p1a: Snorlax|Body Slam|p2a: salamander fly
|-damage|p2a: salamander fly|48/100
|-status|p2a: salamander fly|par
|
|-weather|Sandstorm|[upkeep]
|-damage|p1a: Snorlax|67/100|[from] Sandstorm
|-damage|p2a: salamander fly|42/100 par|[from] Sandstorm
|-heal|p1a: Snorlax|73/100|[from] item: Leftovers
|-heal|p2a: salamander fly|48/100 par|[from] item: Leftovers
|upkeep
|turn|22
|
|t:|1728065300
|switch|p1a: Suicune|Suicune|100/100
|-damage|p1a: Suicune|88/100|[from] Spikes
|move|p2a: salamander fly|Hidden Power|p1a: Suicune
|-damage|p1a: Suicune|66/100
|
|-heal|p2a: salamander fly|98/100 par|[from] move: Wish|[wisher] salamander fly
|-weather|Sandstorm|[upkeep]
|-damage|p1a: Suicune|60/100|[from] Sandstorm
|-damage|p2a: salamander fly|92/100 par|[from] Sandstorm
|-heal|p1a: Suicune|66/100|[from] item: Leftovers
|-heal|p2a: salamander fly|98/100 par|[from] item: Leftovers
|upkeep
|turn|23
|
|t:|1728065305
|switch|p2a: Kirby|Blissey, F|100/100
|move|p1a: Suicune|Calm Mind|p1a: Suicune
|-boost|p1a: Suicune|spa|1
|-boost|p1a: Suicune|spd|1
|
|-weather|Sandstorm|[upkeep]
|-damage|p1a: Suicune|60/100|[from] Sandstorm
|-damage|p2a: Kirby|94/100|[from] Sandstorm
|-heal|p1a: Suicune|66/100|[from] item: Leftovers
|-heal|p2a: Kirby|100/100|[from] item: Leftovers
|upkeep
|turn|24
|
|t:|1728065309
|move|p1a: Suicune|Calm Mind|p1a: Suicune
|-boost|p1a: Suicune|spa|1
|-boost|p1a: Suicune|spd|1
|move|p2a: Kirby|Calm Mind|p2a: Kirby
|-boost|p2a: Kirby|spa|1
|-boost|p2a: Kirby|spd|1
|
|-weather|Sandstorm|[upkeep]
|-damage|p1a: Suicune|60/100|[from] Sandstorm
|-damage|p2a: Kirby|94/100|[from] Sandstorm
|-heal|p1a: Suicune|66/100|[from] item: Leftovers
|-heal|p2a: Kirby|100/100|[from] item: Leftovers
|upkeep
|turn|25
|
|t:|1728065313
|switch|p1a: Snorlax|Snorlax, F|73/100
|-damage|p1a: Snorlax|60/100|[from] Spikes
|move|p2a: Kirby|Thunderbolt|p1a: Snorlax
|-damage|p1a: Snorlax|38/100
|
|-weather|Sandstorm|[upkeep]
|-damage|p2a: Kirby|94/100|[from] Sandstorm
|-damage|p1a: Snorlax|31/100|[from] Sandstorm
|-heal|p2a: Kirby|100/100|[from] item: Leftovers
|-heal|p1a: Snorlax|38/100|[from] item: Leftovers
|upkeep
|turn|26
|
|t:|1728065318
|switch|p2a: salamander fly|Salamence, F, shiny|98/100 par
|-ability|p2a: salamander fly|Intimidate|boost
|-unboost|p1a: Snorlax|atk|1
|move|p1a: Snorlax|Self-Destruct|p2a: salamander fly
|-damage|p2a: salamander fly|7/100 par
|faint|p1a: Snorlax
|
|t:|1728065321
|switch|p1a: Salamence|Salamence, M|100/100
|-ability|p1a: Salamence|Intimidate|boost
|-unboost|p2a: salamander fly|atk|1
|
|-weather|Sandstorm|[upkeep]
|-damage|p1a: Salamence|94/100|[from] Sandstorm
|-damage|p2a: salamander fly|1/100 par|[from] Sandstorm
|-heal|p1a: Salamence|100/100|[from] item: Leftovers
|-heal|p2a: salamander fly|7/100 par|[from] item: Leftovers
|upkeep
|turn|27
|
|t:|1728065325
|switch|p2a: Kirby|Blissey, F|100/100
|move|p1a: Salamence|Dragon Dance|p1a: Salamence
|-boost|p1a: Salamence|atk|1
|-boost|p1a: Salamence|spe|1
|
|-weather|Sandstorm|[upkeep]
|-damage|p1a: Salamence|94/100|[from] Sandstorm
|-damage|p2a: Kirby|94/100|[from] Sandstorm
|-heal|p1a: Salamence|100/100|[from] item: Leftovers
|-heal|p2a: Kirby|100/100|[from] item: Leftovers
|upkeep
|turn|28
|
|t:|1728065330
|switch|p2a: salamander fly|Salamence, F, shiny|7/100 par
|-ability|p2a: salamander fly|Intimidate|boost
|-unboost|p1a: Salamence|atk|1
|move|p1a: Salamence|Rock Slide|p2a: salamander fly
|-supereffective|p2a: salamander fly
|-damage|p2a: salamander fly|0 fnt
|faint|p2a: salamander fly
|
|t:|1728065332
|switch|p2a: Kirby|Blissey, F|100/100
|
|-weather|Sandstorm|[upkeep]
|-damage|p1a: Salamence|94/100|[from] Sandstorm
|-damage|p2a: Kirby|94/100|[from] Sandstorm
|-heal|p1a: Salamence|100/100|[from] item: Leftovers
|-heal|p2a: Kirby|100/100|[from] item: Leftovers
|upkeep
|turn|29
|inactive|Jahim the Cream has 270 seconds left.
|
|t:|1728065376
|move|p1a: Salamence|Rock Slide|p2a: Kirby
|-damage|p2a: Kirby|70/100
|move|p2a: Kirby|Ice Beam|p1a: Salamence
|-supereffective|p1a: Salamence
|-damage|p1a: Salamence|0 fnt
|faint|p1a: Salamence
|
|t:|1728065381
|switch|p1a: Suicune|Suicune|66/100
|-damage|p1a: Suicune|53/100|[from] Spikes
|
|-weather|Sandstorm|[upkeep]
|-damage|p1a: Suicune|47/100|[from] Sandstorm
|-damage|p2a: Kirby|64/100|[from] Sandstorm
|-heal|p1a: Suicune|53/100|[from] item: Leftovers
|-heal|p2a: Kirby|70/100|[from] item: Leftovers
|upkeep
|turn|30
|c|☆Jahim the Cream|ggs
|
|t:|1728065385
|move|p1a: Suicune|Calm Mind|p1a: Suicune
|-boost|p1a: Suicune|spa|1
|-boost|p1a: Suicune|spd|1
|move|p2a: Kirby|Thunderbolt|p1a: Suicune
|-supereffective|p1a: Suicune
|-damage|p1a: Suicune|31/100
|
|-weather|Sandstorm|[upkeep]
|-damage|p1a: Suicune|25/100|[from] Sandstorm
|-damage|p2a: Kirby|64/100|[from] Sandstorm
|-heal|p1a: Suicune|31/100|[from] item: Leftovers
|-heal|p2a: Kirby|70/100|[from] item: Leftovers
|upkeep
|turn|31
|c|☆leoperi99|gg
|
|t:|1728065388
|move|p1a: Suicune|Calm Mind|p1a: Suicune
|-boost|p1a: Suicune|spa|1
|-boost|p1a: Suicune|spd|1
|move|p2a: Kirby|Thunderbolt|p1a: Suicune
|-supereffective|p1a: Suicune
|-damage|p1a: Suicune|14/100
|
|-weather|Sandstorm|[upkeep]
|-damage|p1a: Suicune|7/100|[from] Sandstorm
|-damage|p2a: Kirby|64/100|[from] Sandstorm
|-heal|p1a: Suicune|14/100|[from] item: Leftovers
|-heal|p2a: Kirby|70/100|[from] item: Leftovers
|upkeep
|turn|32
|
|t:|1728065390
|move|p1a: Suicune|Rest|p1a: Suicune
|-status|p1a: Suicune|slp|[from] move: Rest
|-heal|p1a: Suicune|100/100 slp|[silent]
|move|p2a: Kirby|Thunderbolt|p1a: Suicune
|-supereffective|p1a: Suicune
|-damage|p1a: Suicune|85/100 slp
|
|-weather|Sandstorm|[upkeep]
|-damage|p1a: Suicune|79/100 slp|[from] Sandstorm
|-damage|p2a: Kirby|64/100|[from] Sandstorm
|-heal|p1a: Suicune|85/100 slp|[from] item: Leftovers
|-heal|p2a: Kirby|70/100|[from] item: Leftovers
|upkeep
|turn|33
|
|t:|1728065392
|cant|p1a: Suicune|slp
|move|p2a: Kirby|Calm Mind|p2a: Kirby
|-boost|p2a: Kirby|spa|1
|-boost|p2a: Kirby|spd|1
|
|-weather|Sandstorm|[upkeep]
|-damage|p1a: Suicune|79/100 slp|[from] Sandstorm
|-damage|p2a: Kirby|64/100|[from] Sandstorm
|-heal|p1a: Suicune|85/100 slp|[from] item: Leftovers
|-heal|p2a: Kirby|70/100|[from] item: Leftovers
|upkeep
|turn|34
|
|t:|1728065395
|cant|p1a: Suicune|slp
|move|p2a: Kirby|Calm Mind|p2a: Kirby
|-boost|p2a: Kirby|spa|1
|-boost|p2a: Kirby|spd|1
|
|-weather|Sandstorm|[upkeep]
|-damage|p1a: Suicune|79/100 slp|[from] Sandstorm
|-damage|p2a: Kirby|64/100|[from] Sandstorm
|-heal|p1a: Suicune|85/100 slp|[from] item: Leftovers
|-heal|p2a: Kirby|70/100|[from] item: Leftovers
|upkeep
|turn|35
|
|t:|1728065396
|-curestatus|p1a: Suicune|slp|[msg]
|move|p1a: Suicune|Calm Mind|p1a: Suicune
|-boost|p1a: Suicune|spa|1
|-boost|p1a: Suicune|spd|1
|move|p2a: Kirby|Calm Mind|p2a: Kirby
|-boost|p2a: Kirby|spa|1
|-boost|p2a: Kirby|spd|1
|
|-weather|Sandstorm|[upkeep]
|-damage|p1a: Suicune|79/100|[from] Sandstorm
|-damage|p2a: Kirby|64/100|[from] Sandstorm
|-heal|p1a: Suicune|85/100|[from] item: Leftovers
|-heal|p2a: Kirby|70/100|[from] item: Leftovers
|upkeep
|turn|36
|
|t:|1728065398
|move|p1a: Suicune|Calm Mind|p1a: Suicune
|-boost|p1a: Suicune|spa|1
|-boost|p1a: Suicune|spd|1
|move|p2a: Kirby|Thunderbolt|p1a: Suicune
|-supereffective|p1a: Suicune
|-damage|p1a: Suicune|59/100
|-status|p1a: Suicune|par
|
|-weather|Sandstorm|[upkeep]
|-damage|p2a: Kirby|64/100|[from] Sandstorm
|-damage|p1a: Suicune|53/100 par|[from] Sandstorm
|-heal|p2a: Kirby|70/100|[from] item: Leftovers
|-heal|p1a: Suicune|59/100 par|[from] item: Leftovers
|upkeep
|turn|37
|
|t:|1728065403
|move|p2a: Kirby|Thunderbolt|p1a: Suicune
|-supereffective|p1a: Suicune
|-damage|p1a: Suicune|32/100 par
|move|p1a: Suicune|Calm Mind|p1a: Suicune
|-boost|p1a: Suicune|spa|1
|-boost|p1a: Suicune|spd|1
|
|-weather|Sandstorm|[upkeep]
|-damage|p2a: Kirby|64/100|[from] Sandstorm
|-damage|p1a: Suicune|26/100 par|[from] Sandstorm
|-heal|p2a: Kirby|70/100|[from] item: Leftovers
|-heal|p1a: Suicune|32/100 par|[from] item: Leftovers
|upkeep
|turn|38
|
|t:|1728065406
|move|p2a: Kirby|Thunderbolt|p1a: Suicune
|-supereffective|p1a: Suicune
|-damage|p1a: Suicune|8/100 par
|move|p1a: Suicune|Rest|p1a: Suicune
|-status|p1a: Suicune|slp|[from] move: Rest
|-heal|p1a: Suicune|100/100 slp|[silent]
|
|-weather|Sandstorm|[upkeep]
|-damage|p1a: Suicune|94/100 slp|[from] Sandstorm
|-damage|p2a: Kirby|64/100|[from] Sandstorm
|-heal|p1a: Suicune|100/100 slp|[from] item: Leftovers
|-heal|p2a: Kirby|70/100|[from] item: Leftovers
|upkeep
|turn|39
|
|t:|1728065408
|cant|p1a: Suicune|slp
|move|p2a: Kirby|Soft-Boiled|p2a: Kirby
|-heal|p2a: Kirby|100/100
|
|-weather|Sandstorm|[upkeep]
|-damage|p1a: Suicune|94/100 slp|[from] Sandstorm
|-damage|p2a: Kirby|94/100|[from] Sandstorm
|-heal|p1a: Suicune|100/100 slp|[from] item: Leftovers
|-heal|p2a: Kirby|100/100|[from] item: Leftovers
|upkeep
|turn|40
|
|t:|1728065410
|cant|p1a: Suicune|slp
|move|p2a: Kirby|Calm Mind|p2a: Kirby
|-boost|p2a: Kirby|spa|1
|-boost|p2a: Kirby|spd|1
|
|-weather|Sandstorm|[upkeep]
|-damage|p1a: Suicune|94/100 slp|[from] Sandstorm
|-damage|p2a: Kirby|94/100|[from] Sandstorm
|-heal|p1a: Suicune|100/100 slp|[from] item: Leftovers
|-heal|p2a: Kirby|100/100|[from] item: Leftovers
|upkeep
|turn|41
|
|t:|1728065412
|-curestatus|p1a: Suicune|slp|[msg]
|move|p1a: Suicune|Surf|p2a: Kirby
|-damage|p2a: Kirby|84/100
|move|p2a: Kirby|Calm Mind|p2a: Kirby
|-boost|p2a: Kirby|spa|1
|-boost|p2a: Kirby|spd|1
|
|-weather|Sandstorm|[upkeep]
|-damage|p1a: Suicune|94/100|[from] Sandstorm
|-damage|p2a: Kirby|78/100|[from] Sandstorm
|-heal|p1a: Suicune|100/100|[from] item: Leftovers
|-heal|p2a: Kirby|84/100|[from] item: Leftovers
|upkeep
|turn|42
|
|t:|1728065415
|move|p1a: Suicune|Calm Mind|p1a: Suicune
|-boost|p1a: Suicune|spa|1
|-boost|p1a: Suicune|spd|1
|move|p2a: Kirby|Thunderbolt|p1a: Suicune
|-supereffective|p1a: Suicune
|-damage|p1a: Suicune|71/100
|
|-weather|Sandstorm|[upkeep]
|-damage|p1a: Suicune|65/100|[from] Sandstorm
|-damage|p2a: Kirby|78/100|[from] Sandstorm
|-heal|p1a: Suicune|71/100|[from] item: Leftovers
|-heal|p2a: Kirby|84/100|[from] item: Leftovers
|upkeep
|turn|43
|
|t:|1728065418
|move|p1a: Suicune|Surf|p2a: Kirby
|-crit|p2a: Kirby
|-damage|p2a: Kirby|0 fnt
|faint|p2a: Kirby
|
|t:|1728065422
|switch|p2a: Jogo do genio|Jirachi, shiny|65/100
|
|-weather|Sandstorm|[upkeep]
|-damage|p1a: Suicune|65/100|[from] Sandstorm
|-heal|p2a: Jogo do genio|72/100|[from] item: Leftovers
|-heal|p1a: Suicune|71/100|[from] item: Leftovers
|upkeep
|turn|44
|
|t:|1728065424
|move|p2a: Jogo do genio|Protect|p2a: Jogo do genio
|-singleturn|p2a: Jogo do genio|Protect
|move|p1a: Suicune|Surf|p2a: Jogo do genio
|-activate|p2a: Jogo do genio|Protect
|
|-weather|Sandstorm|[upkeep]
|-damage|p1a: Suicune|65/100|[from] Sandstorm
|-heal|p2a: Jogo do genio|78/100|[from] item: Leftovers
|-heal|p1a: Suicune|71/100|[from] item: Leftovers
|upkeep
|turn|45
|
|t:|1728065426
|move|p2a: Jogo do genio|Body Slam|p1a: Suicune
|-damage|p1a: Suicune|57/100
|move|p1a: Suicune|Surf|p2a: Jogo do genio
|-damage|p2a: Jogo do genio|0 fnt
|faint|p2a: Jogo do genio
|
|t:|1728065428
|switch|p2a: Big Hands|Hariyama, F, shiny|52/100
|
|-weather|Sandstorm|[upkeep]
|-damage|p1a: Suicune|51/100|[from] Sandstorm
|-damage|p2a: Big Hands|46/100|[from] Sandstorm
|-heal|p1a: Suicune|57/100|[from] item: Leftovers
|-heal|p2a: Big Hands|52/100|[from] item: Leftovers
|upkeep
|turn|46
|
|t:|1728065430
|move|p1a: Suicune|Surf|p2a: Big Hands
|-damage|p2a: Big Hands|0 fnt
|faint|p2a: Big Hands
|
|win|Jahim the Cream

</script>
<script type="application/json" class="data" id="replaydata-smogtours-gen3ou-794616">
{"id":"smogtours-gen3ou-794616","format":"[Gen 3] OU","players":["Jahim the Cream","leoperi99"],"uploadtime":1728065430,"views":117,"formatid":"gen3ou","rating":null,"private":0,"password":null}
</script>

<script defer src="js/replays.js?9d40a366"></script>
