<!DOCTYPE html>
<meta charset="utf-8" />
<meta name="viewport" content="width=device-width" />

<title>[Gen 3] OU: B.B.H00D vs. lt. pickles - Replays - Pok&eacute;mon Showdown!</title>

<meta name="description" content="Watch a replay of a Pok&eacute;mon battle between B.B.H00D and lt. pickles! Format: [Gen 3] OU; Date: Oct 12, 2024" />
<!--

Hey, you! Looking in the source for the replay log?

You can find them in JSON format, just add `.json` at the end of a replay URL.

https://replay.pokemonshowdown.com/gen7randomdoublesbattle-865046831.json

Or, if you only need the log itself, add `.log` instead:

https://replay.pokemonshowdown.com/gen7randomdoublesbattle-865046831.log

-->

<link rel="stylesheet" href="//pokemonshowdown.com/style/global.css?0.023195364461161105" />
<link rel="stylesheet" href="//play.pokemonshowdown.com/style/font-awesome.css?0.13261647063804238" />
<link rel="stylesheet" href="//play.pokemonshowdown.com/style/battle.css?0.8753245789963631" />
<link rel="stylesheet" href="//play.pokemonshowdown.com/style/utilichart.css?0.8627959624976733" />

<!-- Global site tag (gtag.js) - Google Analytics -->
<script async src="https://www.googletagmanager.com/gtag/js?id=UA-26211653-1"></script>
<script>
  window.dataLayer = window.dataLayer || [];
  function gtag(){dataLayer.push(arguments);}
  gtag('js', new Date());

  gtag('config', 'UA-26211653-1');
</script>
<!-- End Google Analytics -->
<!-- Venatus Ad Manager - Install in <HEAD> of page -->
	<script src="https://hb.vntsm.com/v3/live/ad-manager.min.js" type="text/javascript" data-site-id="642aba63ec9a7b11c3c9c1be" data-mode="scan" async></script>
<!-- / Venatus Ad Manager -->

<style>
	@media (max-width:820px) {
		.battle {
			margin: 0 auto;
		}
		.battle-log {
			margin: 7px auto 0;
			max-width: 640px;
			height: 300px;
			position: static;
		}
	}
	.optgroup {
		display: inline-block;
		line-height: 22px;
		font-size: 10pt;
	}
	.optgroup .button {
		height: 25px;
		padding-top: 0;
		padding-bottom: 0;
	}
	.optgroup button.button {
		padding-left: 12px;
		padding-right: 12px;
	}
	.linklist {
		list-style: none;
		margin: 0.5em 0;
		padding: 0;
	}
	.linklist li {
		padding: 2px 0;
	}
	.sidebar {
		float: left;
		width: 320px;
	}
	.bar-wrapper {
		max-width: 1100px;
		margin: 0 auto;
	}
	.bar-wrapper.has-sidebar {
		max-width: 1430px;
	}
	.mainbar {
		margin: 0;
		padding-right: 1px;
	}
	.mainbar.has-sidebar {
		margin-left: 330px;
	}
	@media (min-width: 1511px) {
		.sidebar {
			width: 400px;
		}
		.bar-wrapper.has-sidebar {
			max-width: 1510px;
		}
		.mainbar.has-sidebar {
			margin-left: 410px;
		}
	}
	.section.first-section {
		margin-top: 9px;
	}
	.blocklink small {
		white-space: normal;
	}
	.button {
		vertical-align: middle;
	}
	.replay-controls {
		padding-top: 10px;
	}
	.replay-controls h1 {
		font-size: 16pt;
		font-weight: normal;
		color: #CCC;
	}
	.pagelink {
		text-align: center;
	}
	.pagelink a {
		width: 150px;
	}
	.textbox, .button {
		font-size: 11pt;
		vertical-align: middle;
	}
	@media (max-width: 450px) {
		.button {
			font-size: 9pt;
		}
	}
</style>

<div>

	<header>
		<div class="nav-wrapper"><ul class="nav">
			<li><a class="button nav-first" href="//pokemonshowdown.com/"><img src="//pokemonshowdown.com/images/pokemonshowdownbeta.png" srcset="//pokemonshowdown.com/images/pokemonshowdownbeta.png 1x, //pokemonshowdown.com/images/pokemonshowdownbeta@2x.png 2x" alt="Pok&eacute;mon Showdown" width="146" height="44" /> Home</a></li>
			<li><a class="button" href="//pokemonshowdown.com/dex/">Pok&eacute;dex</a></li>
			<li><a class="button cur" href="/">Replays</a></li>
			<li><a class="button" href="//pokemonshowdown.com/ladder/">Ladder</a></li>
			<li><a class="button nav-last" href="//pokemonshowdown.com/forums/">Forum</a></li>
			<li><a class="button greenbutton nav-first nav-last" href="//play.pokemonshowdown.com/">Play</a></li>
		</ul></div>
	</header>

	<div class="main" id="main">

		<noscript><section class="section">You need to enable JavaScript to use this page; sorry!</section></noscript>

	</div>

</div>

<script defer nomodule src="//play.pokemonshowdown.com/js/lib/ps-polyfill.js"></script>
<script defer src="//play.pokemonshowdown.com/js/lib/preact.min.js"></script>

<script defer src="//play.pokemonshowdown.com/config/config.js?2bddbc15"></script>
<script defer src="//play.pokemonshowdown.com/js/lib/jquery-1.11.0.min.js"></script>
<script defer src="//play.pokemonshowdown.com/js/lib/html-sanitizer-minified.js"></script>
<script defer src="//play.pokemonshowdown.com/js/battle-sound.js"></script>
<script defer src="//play.pokemonshowdown.com/js/battledata.js?0.7209276989879541"></script>
<script defer src="//play.pokemonshowdown.com/data/pokedex-mini.js?0.6111056340867951"></script>
<script defer src="//play.pokemonshowdown.com/data/pokedex-mini-bw.js?0.3532142036491459"></script>
<script defer src="//play.pokemonshowdown.com/data/graphics.js?0.24223875632456182"></script>
<script defer src="//play.pokemonshowdown.com/data/pokedex.js?0.38839984266356864"></script>
<script defer src="//play.pokemonshowdown.com/data/moves.js?0.21866028504024015"></script>
<script defer src="//play.pokemonshowdown.com/data/abilities.js?0.2005157953846628"></script>
<script defer src="//play.pokemonshowdown.com/data/items.js?0.9894211263848525"></script>
<script defer src="//play.pokemonshowdown.com/data/teambuilder-tables.js?0.6008791140282215"></script>
<script defer src="//play.pokemonshowdown.com/js/battle-tooltips.js?0.7580118955022959"></script>
<script defer src="//play.pokemonshowdown.com/js/battle.js?0.6057722274234274"></script>

<script defer src="js/utils.js?e31f9a17"></script>
<script defer src="js/replays-battle.js?7008c182"></script>

<!-- don't scrape this data! just add .json or .log after the URL!
Full API docs: https://github.com/smogon/pokemon-showdown-client/blob/master/WEB-API.md -->
<script type="text/plain" class="log" id="replaylog-smogtours-gen3ou-797667">
|inactive|Battle timer is ON: inactive players will automatically lose when time's up.
|t:|1728758145
|gametype|singles
|player|p1|B.B.H00D|channeler-gen1rb|
|player|p2|lt. pickles|ltsurge|
|teamsize|p1|6
|teamsize|p2|6
|gen|3
|tier|[Gen 3] OU
|rule|Sleep Clause Mod: Limit one foe put to sleep
|rule|Switch Priority Clause Mod: Faster Pokémon switch first
|rule|Species Clause: Limit one of each Pokémon
|rule|OHKO Clause: OHKO moves are banned
|rule|Evasion Items Clause: Evasion items are banned
|rule|Evasion Moves Clause: Evasion moves are banned
|rule|Endless Battle Clause: Forcing endless battles is banned
|rule|HP Percentage Mod: HP is shown in percentages
|rule|One Boost Passer Clause: Limit one Baton Passer that has a way to boost its stats
|rule|Freeze Clause Mod: Limit one foe frozen
|
|t:|1728758145
|start
|switch|p1a: Salamence|Salamence, F|100/100
|switch|p2a: Skarmory|Skarmory, M|100/100
|-ability|p1a: Salamence|Intimidate|boost
|-unboost|p2a: Skarmory|atk|1
|turn|1
|
|t:|1728758163
|switch|p2a: Milotic|Milotic, M|100/100
|move|p1a: Salamence|Fire Blast|p2a: Milotic|[miss]
|-miss|p1a: Salamence|p2a: Milotic
|
|upkeep
|turn|2
|
|t:|1728758181
|switch|p1a: Forretress|Forretress, M|100/100
|move|p2a: Milotic|Toxic|p1a: Forretress
|-immune|p1a: Forretress
|
|upkeep
|turn|3
|
|t:|1728758206
|switch|p2a: Skarmory|Skarmory, M|100/100
|move|p1a: Forretress|Spikes|p2a: Skarmory
|-sidestart|p2: lt. pickles|Spikes
|
|upkeep
|turn|4
|
|t:|1728758211
|move|p2a: Skarmory|Spikes|p1a: Forretress
|-sidestart|p1: B.B.H00D|Spikes
|move|p1a: Forretress|Zap Cannon|p2a: Skarmory|[miss]
|-miss|p1a: Forretress|p2a: Skarmory
|
|upkeep
|turn|5
|inactive|lt. pickles has 270 seconds left.
|
|t:|1728758234
|switch|p2a: Claydol|Claydol|100/100
|move|p1a: Forretress|Zap Cannon|p2a: Claydol
|-immune|p2a: Claydol
|
|upkeep
|turn|6
|inactive|lt. pickles has 270 seconds left.
|
|t:|1728758248
|move|p2a: Claydol|Rapid Spin|p1a: Forretress
|-resisted|p1a: Forretress
|-damage|p1a: Forretress|99/100
|-sideend|p2: lt. pickles|Spikes|[from] move: Rapid Spin|[of] p2a: Claydol
|move|p1a: Forretress|Rapid Spin|p2a: Claydol
|-damage|p2a: Claydol|96/100
|-sideend|p1: B.B.H00D|Spikes|[from] move: Rapid Spin|[of] p1a: Forretress
|
|-heal|p2a: Claydol|100/100|[from] item: Leftovers
|-heal|p1a: Forretress|100/100|[from] item: Leftovers
|upkeep
|turn|7
|inactive|lt. pickles has 270 seconds left.
|
|t:|1728758266
|switch|p1a: Swampert|Swampert, M|100/100
|move|p2a: Claydol|Earthquake|p1a: Swampert
|-damage|p1a: Swampert|81/100
|
|-heal|p1a: Swampert|88/100|[from] item: Leftovers
|upkeep
|turn|8
|inactive|lt. pickles has 270 seconds left.
|
|t:|1728758277
|switch|p2a: Milotic|Milotic, M|100/100
|move|p1a: Swampert|Protect||[still]
|-fail|p1a: Swampert
|
|-heal|p1a: Swampert|94/100|[from] item: Leftovers
|upkeep
|turn|9
|inactive|lt. pickles has 270 seconds left.
|
|t:|1728758286
|switch|p1a: Forretress|Forretress, M|100/100
|move|p2a: Milotic|Surf|p1a: Forretress
|-damage|p1a: Forretress|71/100
|
|-heal|p1a: Forretress|77/100|[from] item: Leftovers
|upkeep
|turn|10
|inactive|lt. pickles has 270 seconds left.
|
|t:|1728758310
|move|p2a: Milotic|Surf|p1a: Forretress
|-damage|p1a: Forretress|45/100
|move|p1a: Forretress|Spikes|p2a: Milotic
|-sidestart|p2: lt. pickles|Spikes
|
|-heal|p1a: Forretress|51/100|[from] item: Leftovers
|upkeep
|turn|11
|
|t:|1728758325
|switch|p1a: Blissey|Blissey, F|100/100
|move|p2a: Milotic|Surf|p1a: Blissey
|-damage|p1a: Blissey|87/100
|
|-heal|p1a: Blissey|93/100|[from] item: Leftovers
|upkeep
|turn|12
|inactive|B.B.H00D has 270 seconds left.
|inactive|lt. pickles has 240 seconds left.
|
|t:|1728758353
|switch|p2a: Blissey|Blissey, F|100/100
|-damage|p2a: Blissey|88/100|[from] Spikes
|move|p1a: Blissey|Thunderbolt|p2a: Blissey
|-crit|p2a: Blissey
|-damage|p2a: Blissey|71/100
|
|-heal|p1a: Blissey|99/100|[from] item: Leftovers
|-heal|p2a: Blissey|77/100|[from] item: Leftovers
|upkeep
|turn|13
|inactive|B.B.H00D has 270 seconds left.
|inactive|lt. pickles has 240 seconds left.
|
|t:|1728758373
|move|p1a: Blissey|Calm Mind|p1a: Blissey
|-boost|p1a: Blissey|spa|1
|-boost|p1a: Blissey|spd|1
|move|p2a: Blissey|Soft-Boiled|p2a: Blissey
|-heal|p2a: Blissey|100/100
|
|-heal|p1a: Blissey|100/100|[from] item: Leftovers
|upkeep
|turn|14
|inactive|lt. pickles has 210 seconds left.
|inactive|B.B.H00D has 240 seconds left.
|
|t:|1728758417
|switch|p2a: Suicune|Suicune|100/100
|-damage|p2a: Suicune|88/100|[from] Spikes
|move|p1a: Blissey|Calm Mind|p1a: Blissey
|-boost|p1a: Blissey|spa|1
|-boost|p1a: Blissey|spd|1
|
|-heal|p2a: Suicune|94/100|[from] item: Leftovers
|upkeep
|turn|15
|
|t:|1728758433
|move|p1a: Blissey|Thunderbolt|p2a: Suicune
|-supereffective|p2a: Suicune
|-damage|p2a: Suicune|31/100
|move|p2a: Suicune|Roar|p1a: Blissey
|drag|p1a: Forretress|Forretress, M|51/100
|
|-heal|p2a: Suicune|37/100|[from] item: Leftovers
|-heal|p1a: Forretress|57/100|[from] item: Leftovers
|upkeep
|turn|16
|inactive|B.B.H00D has 240 seconds left.
|
|t:|1728758462
|switch|p1a: Swampert|Swampert, M|94/100
|move|p2a: Suicune|Rest|p2a: Suicune
|-status|p2a: Suicune|slp|[from] move: Rest
|-heal|p2a: Suicune|100/100 slp|[silent]
|
|-heal|p1a: Swampert|99/100|[from] item: Leftovers
|upkeep
|turn|17
|inactive|B.B.H00D has 240 seconds left.
|
|t:|1728758479
|switch|p2a: Milotic|Milotic, M|100/100
|-damage|p2a: Milotic|88/100|[from] Spikes
|switch|p1a: Forretress|Forretress, M|57/100
|
|-heal|p2a: Milotic|94/100|[from] item: Leftovers
|-heal|p1a: Forretress|64/100|[from] item: Leftovers
|upkeep
|turn|18
|inactive|B.B.H00D has 240 seconds left.
|inactive|lt. pickles has 180 seconds left.
|
|t:|1728758523
|switch|p1a: Swampert|Swampert, M|99/100
|move|p2a: Milotic|Surf|p1a: Swampert
|-damage|p1a: Swampert|70/100
|
|-heal|p2a: Milotic|99/100|[from] item: Leftovers
|-heal|p1a: Swampert|76/100|[from] item: Leftovers
|upkeep
|turn|19
|
|t:|1728758541
|move|p2a: Milotic|Toxic|p1a: Swampert|[miss]
|-miss|p2a: Milotic|p1a: Swampert
|move|p1a: Swampert|Toxic|p2a: Milotic
|-status|p2a: Milotic|tox
|
|-heal|p2a: Milotic|100/100 tox|[from] item: Leftovers
|-damage|p2a: Milotic|94/100 tox|[from] psn
|-heal|p1a: Swampert|83/100|[from] item: Leftovers
|upkeep
|turn|20
|
|t:|1728758550
|switch|p1a: Blissey|Blissey, F|100/100
|move|p2a: Milotic|Refresh|p2a: Milotic
|-curestatus|p2a: Milotic|tox|[msg]
|
|-heal|p2a: Milotic|100/100|[from] item: Leftovers
|upkeep
|turn|21
|
|t:|1728758560
|move|p2a: Milotic|Toxic|p1a: Blissey|[miss]
|-miss|p2a: Milotic|p1a: Blissey
|move|p1a: Blissey|Thunderbolt|p2a: Milotic
|-supereffective|p2a: Milotic
|-damage|p2a: Milotic|66/100
|
|-heal|p2a: Milotic|72/100|[from] item: Leftovers
|upkeep
|turn|22
|
|t:|1728758572
|move|p2a: Milotic|Toxic|p1a: Blissey
|-status|p1a: Blissey|tox
|move|p1a: Blissey|Thunderbolt|p2a: Milotic
|-supereffective|p2a: Milotic
|-damage|p2a: Milotic|36/100
|
|-heal|p2a: Milotic|42/100|[from] item: Leftovers
|-damage|p1a: Blissey|94/100 tox|[from] psn
|upkeep
|turn|23
|
|t:|1728758586
|-curestatus|p1a: Blissey|tox|[from] ability: Natural Cure
|switch|p1a: Swampert|Swampert, M|83/100
|move|p2a: Milotic|Recover|p2a: Milotic
|-heal|p2a: Milotic|92/100
|
|-heal|p2a: Milotic|98/100|[from] item: Leftovers
|-heal|p1a: Swampert|89/100|[from] item: Leftovers
|upkeep
|turn|24
|inactive|lt. pickles has 180 seconds left.
|
|t:|1728758594
|move|p1a: Swampert|Protect|p1a: Swampert
|-singleturn|p1a: Swampert|Protect
|move|p2a: Milotic|Toxic|p1a: Swampert|[miss]
|-miss|p2a: Milotic|p1a: Swampert
|
|-heal|p2a: Milotic|100/100|[from] item: Leftovers
|-heal|p1a: Swampert|95/100|[from] item: Leftovers
|upkeep
|turn|25
|inactive|B.B.H00D has 240 seconds left.
|
|t:|1728758604
|move|p2a: Milotic|Toxic|p1a: Swampert
|-status|p1a: Swampert|tox
|move|p1a: Swampert|Toxic|p2a: Milotic
|-status|p2a: Milotic|tox
|
|-damage|p2a: Milotic|94/100 tox|[from] psn
|-heal|p1a: Swampert|100/100 tox|[from] item: Leftovers
|-damage|p1a: Swampert|94/100 tox|[from] psn
|upkeep
|turn|26
|
|t:|1728758614
|move|p2a: Milotic|Refresh|p2a: Milotic
|-curestatus|p2a: Milotic|tox|[msg]
|move|p1a: Swampert|Refresh|p1a: Swampert
|-curestatus|p1a: Swampert|tox|[msg]
|
|-heal|p2a: Milotic|100/100|[from] item: Leftovers
|-heal|p1a: Swampert|100/100|[from] item: Leftovers
|upkeep
|turn|27
|
|t:|1728758627
|switch|p2a: Skarmory|Skarmory, M|100/100
|switch|p1a: Blissey|Blissey, F|94/100
|
|-heal|p1a: Blissey|100/100|[from] item: Leftovers
|upkeep
|turn|28
|
|t:|1728758637
|move|p1a: Blissey|Calm Mind|p1a: Blissey
|-boost|p1a: Blissey|spa|1
|-boost|p1a: Blissey|spd|1
|move|p2a: Skarmory|Roar|p1a: Blissey
|drag|p1a: Tyranitar|Tyranitar, M|100/100
|-weather|Sandstorm|[from] ability: Sand Stream|[of] p1a: Tyranitar
|
|-weather|Sandstorm|[upkeep]
|upkeep
|turn|29
|
|t:|1728758645
|move|p2a: Skarmory|Spikes|p1a: Tyranitar
|-sidestart|p1: B.B.H00D|Spikes
|move|p1a: Tyranitar|Flamethrower|p2a: Skarmory
|-supereffective|p2a: Skarmory
|-damage|p2a: Skarmory|45/100
|
|-weather|Sandstorm|[upkeep]
|-heal|p2a: Skarmory|51/100|[from] item: Leftovers
|upkeep
|turn|30
|inactive|B.B.H00D has 270 seconds left.
|
|t:|1728758659
|move|p2a: Skarmory|Protect|p2a: Skarmory
|-singleturn|p2a: Skarmory|Protect
|move|p1a: Tyranitar|Pursuit|p2a: Skarmory
|-activate|p2a: Skarmory|Protect
|
|-weather|Sandstorm|[upkeep]
|-heal|p2a: Skarmory|57/100|[from] item: Leftovers
|upkeep
|turn|31
|
|t:|1728758671
|switch|p2a: Milotic|Milotic, M|100/100
|-damage|p2a: Milotic|88/100|[from] Spikes
|move|p1a: Tyranitar|Flamethrower|p2a: Milotic
|-resisted|p2a: Milotic
|-damage|p2a: Milotic|78/100
|
|-weather|Sandstorm|[upkeep]
|-damage|p2a: Milotic|72/100|[from] Sandstorm
|-heal|p2a: Milotic|78/100|[from] item: Leftovers
|upkeep
|turn|32
|
|t:|1728758682
|switch|p1a: Blissey|Blissey, F|100/100
|-damage|p1a: Blissey|88/100|[from] Spikes
|move|p2a: Milotic|Toxic|p1a: Blissey
|-status|p1a: Blissey|tox
|
|-weather|Sandstorm|[upkeep]
|-damage|p2a: Milotic|72/100|[from] Sandstorm
|-damage|p1a: Blissey|82/100 tox|[from] Sandstorm
|-heal|p2a: Milotic|78/100|[from] item: Leftovers
|-heal|p1a: Blissey|88/100 tox|[from] item: Leftovers
|-damage|p1a: Blissey|82/100 tox|[from] psn
|upkeep
|turn|33
|inactive|lt. pickles has 180 seconds left.
|
|t:|1728758715
|switch|p2a: Dugtrio|Dugtrio, F|100/100
|-damage|p2a: Dugtrio|88/100|[from] Spikes
|move|p1a: Blissey|Soft-Boiled|p1a: Blissey
|-heal|p1a: Blissey|100/100 tox
|
|-weather|Sandstorm|[upkeep]
|-damage|p1a: Blissey|94/100 tox|[from] Sandstorm
|-heal|p1a: Blissey|100/100 tox|[from] item: Leftovers
|-damage|p1a: Blissey|88/100 tox|[from] psn
|upkeep
|turn|34
|inactive|lt. pickles has 180 seconds left.
|
|t:|1728758727
|move|p2a: Dugtrio|Earthquake|p1a: Blissey
|-damage|p1a: Blissey|28/100 tox
|move|p1a: Blissey|Ice Beam|p2a: Dugtrio
|-supereffective|p2a: Dugtrio
|-damage|p2a: Dugtrio|0 fnt
|faint|p2a: Dugtrio
|inactive|lt. pickles has 180 seconds left.
|
|t:|1728758750
|switch|p2a: Skarmory|Skarmory, M|57/100
|
|-weather|Sandstorm|[upkeep]
|-damage|p1a: Blissey|21/100 tox|[from] Sandstorm
|-heal|p2a: Skarmory|63/100|[from] item: Leftovers
|-heal|p1a: Blissey|28/100 tox|[from] item: Leftovers
|-damage|p1a: Blissey|9/100 tox|[from] psn
|upkeep
|turn|35
|
|t:|1728758760
|move|p2a: Skarmory|Drill Peck|p1a: Blissey
|-damage|p1a: Blissey|0 fnt
|faint|p1a: Blissey
|
|t:|1728758765
|switch|p1a: Forretress|Forretress, M|64/100
|-damage|p1a: Forretress|51/100|[from] Spikes
|
|-weather|Sandstorm|[upkeep]
|-heal|p2a: Skarmory|69/100|[from] item: Leftovers
|-heal|p1a: Forretress|57/100|[from] item: Leftovers
|upkeep
|turn|36
|inactive|lt. pickles has 180 seconds left.
|
|t:|1728758776
|switch|p2a: Claydol|Claydol|100/100
|move|p1a: Forretress|Rapid Spin|p2a: Claydol
|-crit|p2a: Claydol
|-damage|p2a: Claydol|92/100
|-sideend|p1: B.B.H00D|Spikes|[from] move: Rapid Spin|[of] p1a: Forretress
|
|-weather|Sandstorm|[upkeep]
|-heal|p2a: Claydol|98/100|[from] item: Leftovers
|-heal|p1a: Forretress|64/100|[from] item: Leftovers
|upkeep
|turn|37
|
|t:|1728758785
|switch|p1a: Gengar|Gengar, M|100/100
|move|p2a: Claydol|Rapid Spin|p1a: Gengar
|-immune|p1a: Gengar
|
|-weather|Sandstorm|[upkeep]
|-damage|p1a: Gengar|94/100|[from] Sandstorm
|-heal|p1a: Gengar|100/100|[from] item: Leftovers
|-heal|p2a: Claydol|100/100|[from] item: Leftovers
|upkeep
|turn|38
|inactive|lt. pickles has 180 seconds left.
|
|t:|1728758802
|move|p1a: Gengar|Will-O-Wisp|p2a: Claydol
|-status|p2a: Claydol|brn
|move|p2a: Claydol|Psychic|p1a: Gengar
|-supereffective|p1a: Gengar
|-damage|p1a: Gengar|43/100
|
|-weather|Sandstorm|[upkeep]
|-damage|p1a: Gengar|37/100|[from] Sandstorm
|-heal|p1a: Gengar|43/100|[from] item: Leftovers
|-damage|p2a: Claydol|88/100 brn|[from] brn
|upkeep
|turn|39
|inactive|lt. pickles has 180 seconds left.
|
|t:|1728758825
|move|p1a: Gengar|Giga Drain|p2a: Claydol
|-supereffective|p2a: Claydol
|-damage|p2a: Claydol|56/100 brn
|-heal|p1a: Gengar|61/100|[from] drain|[of] p2a: Claydol
|move|p2a: Claydol|Psychic|p1a: Gengar
|-supereffective|p1a: Gengar
|-damage|p1a: Gengar|0 fnt
|faint|p1a: Gengar
|
|t:|1728758832
|switch|p1a: Tyranitar|Tyranitar, M|100/100
|
|-weather|Sandstorm|[upkeep]
|-heal|p2a: Claydol|62/100 brn|[from] item: Leftovers
|-damage|p2a: Claydol|50/100 brn|[from] brn
|upkeep
|turn|40
|inactive|lt. pickles has 180 seconds left.
|
|t:|1728758853
|move|p2a: Claydol|Rest|p2a: Claydol
|-status|p2a: Claydol|slp|[from] move: Rest
|-heal|p2a: Claydol|100/100 slp|[silent]
|move|p1a: Tyranitar|Pursuit|p2a: Claydol
|-supereffective|p2a: Claydol
|-damage|p2a: Claydol|74/100 slp
|
|-weather|Sandstorm|[upkeep]
|-heal|p2a: Claydol|80/100 slp|[from] item: Leftovers
|upkeep
|turn|41
|
|t:|1728758868
|-activate|p2a: Claydol|move: Pursuit
|move|p1a: Tyranitar|Pursuit|p2a: Claydol|[from]Pursuit
|-supereffective|p2a: Claydol
|-damage|p2a: Claydol|28/100 slp
|switch|p2a: Suicune|Suicune|100/100 slp
|-damage|p2a: Suicune|88/100 slp|[from] Spikes
|
|-weather|Sandstorm|[upkeep]
|-damage|p2a: Suicune|82/100 slp|[from] Sandstorm
|-heal|p2a: Suicune|88/100 slp|[from] item: Leftovers
|upkeep
|turn|42
|
|t:|1728758884
|cant|p2a: Suicune|slp
|move|p1a: Tyranitar|Crunch|p2a: Suicune
|-damage|p2a: Suicune|59/100 slp
|
|-weather|Sandstorm|[upkeep]
|-damage|p2a: Suicune|52/100 slp|[from] Sandstorm
|-heal|p2a: Suicune|59/100 slp|[from] item: Leftovers
|upkeep
|turn|43
|
|t:|1728758894
|cant|p2a: Suicune|slp
|move|p1a: Tyranitar|Crunch|p2a: Suicune
|-damage|p2a: Suicune|30/100 slp
|
|-weather|Sandstorm|[upkeep]
|-damage|p2a: Suicune|24/100 slp|[from] Sandstorm
|-heal|p2a: Suicune|30/100 slp|[from] item: Leftovers
|upkeep
|turn|44
|inactive|lt. pickles has 150 seconds left.
|
|t:|1728758926
|-curestatus|p2a: Suicune|slp|[msg]
|move|p2a: Suicune|Rest|p2a: Suicune
|-status|p2a: Suicune|slp|[from] move: Rest
|-heal|p2a: Suicune|100/100 slp|[silent]
|move|p1a: Tyranitar|Crunch|p2a: Suicune
|-damage|p2a: Suicune|70/100 slp
|-unboost|p2a: Suicune|spd|1
|
|-weather|Sandstorm|[upkeep]
|-damage|p2a: Suicune|64/100 slp|[from] Sandstorm
|-heal|p2a: Suicune|70/100 slp|[from] item: Leftovers
|upkeep
|turn|45
|inactive|lt. pickles has 150 seconds left.
|
|t:|1728758938
|-activate|p2a: Suicune|move: Pursuit
|move|p1a: Tyranitar|Pursuit|p2a: Suicune|[from]Pursuit
|-crit|p2a: Suicune
|-damage|p2a: Suicune|0 fnt
|faint|p2a: Suicune
|-hint|Previously chosen switches continue in Gen 2-4 after a Pursuit target faints.
|switch|p2a: Blissey|Blissey, F|100/100
|-damage|p2a: Blissey|88/100|[from] Spikes
|
|-weather|Sandstorm|[upkeep]
|-damage|p2a: Blissey|82/100|[from] Sandstorm
|-heal|p2a: Blissey|88/100|[from] item: Leftovers
|upkeep
|turn|46
|inactive|lt. pickles has 150 seconds left.
|
|t:|1728758956
|switch|p1a: Swampert|Swampert, M|100/100
|move|p2a: Blissey|Aromatherapy|p2a: Blissey
|-cureteam|p2a: Blissey|[from] move: Aromatherapy
|
|-weather|Sandstorm|[upkeep]
|-damage|p2a: Blissey|82/100|[from] Sandstorm
|-heal|p2a: Blissey|88/100|[from] item: Leftovers
|upkeep
|turn|47
|
|t:|1728758977
|move|p1a: Swampert|Toxic|p2a: Blissey
|-status|p2a: Blissey|tox
|move|p2a: Blissey|Ice Beam|p1a: Swampert
|-damage|p1a: Swampert|81/100
|
|-weather|Sandstorm|[upkeep]
|-damage|p2a: Blissey|82/100 tox|[from] Sandstorm
|-heal|p1a: Swampert|87/100|[from] item: Leftovers
|-heal|p2a: Blissey|88/100 tox|[from] item: Leftovers
|-damage|p2a: Blissey|82/100 tox|[from] psn
|upkeep
|turn|48
|
|t:|1728758991
|switch|p1a: Forretress|Forretress, M|64/100
|-curestatus|p2a: Blissey|tox|[from] ability: Natural Cure
|switch|p2a: Skarmory|Skarmory, M|69/100
|
|-weather|Sandstorm|[upkeep]
|-heal|p2a: Skarmory|75/100|[from] item: Leftovers
|-heal|p1a: Forretress|70/100|[from] item: Leftovers
|upkeep
|turn|49
|
|t:|1728759000
|switch|p2a: Claydol|Claydol|28/100
|move|p1a: Forretress|Zap Cannon|p2a: Claydol
|-immune|p2a: Claydol
|
|-weather|Sandstorm|[upkeep]
|-heal|p2a: Claydol|34/100|[from] item: Leftovers
|-heal|p1a: Forretress|76/100|[from] item: Leftovers
|upkeep
|turn|50
|
|t:|1728759020
|move|p2a: Claydol|Rest|p2a: Claydol
|-status|p2a: Claydol|slp|[from] move: Rest
|-heal|p2a: Claydol|100/100 slp|[silent]
|move|p1a: Forretress|Spikes|p2a: Claydol
|-sidestart|p2: lt. pickles|Spikes
|
|-weather|Sandstorm|[upkeep]
|-heal|p1a: Forretress|82/100|[from] item: Leftovers
|upkeep
|turn|51
|
|t:|1728759031
|switch|p1a: Tyranitar|Tyranitar, M|100/100
|cant|p2a: Claydol|slp
|
|-weather|Sandstorm|[upkeep]
|upkeep
|turn|52
|
|t:|1728759044
|cant|p2a: Claydol|slp
|move|p1a: Tyranitar|Crunch|p2a: Claydol
|-supereffective|p2a: Claydol
|-damage|p2a: Claydol|43/100 slp
|-unboost|p2a: Claydol|spd|1
|
|-weather|Sandstorm|[upkeep]
|-heal|p2a: Claydol|49/100 slp|[from] item: Leftovers
|upkeep
|turn|53
|inactive|lt. pickles has 120 seconds left.
|
|t:|1728759071
|-curestatus|p2a: Claydol|slp|[msg]
|move|p2a: Claydol|Earthquake|p1a: Tyranitar
|-supereffective|p1a: Tyranitar
|-damage|p1a: Tyranitar|64/100
|move|p1a: Tyranitar|Pursuit|p2a: Claydol
|-supereffective|p2a: Claydol
|-damage|p2a: Claydol|5/100
|
|-weather|Sandstorm|[upkeep]
|-heal|p2a: Claydol|11/100|[from] item: Leftovers
|-heal|p1a: Tyranitar|70/100|[from] item: Leftovers
|upkeep
|turn|54
|
|t:|1728759093
|move|p2a: Claydol|Rapid Spin|p1a: Tyranitar
|-resisted|p1a: Tyranitar
|-damage|p1a: Tyranitar|68/100
|-sideend|p2: lt. pickles|Spikes|[from] move: Rapid Spin|[of] p2a: Claydol
|move|p1a: Tyranitar|Pursuit|p2a: Claydol
|-supereffective|p2a: Claydol
|-damage|p2a: Claydol|0 fnt
|faint|p2a: Claydol
|
|t:|1728759101
|switch|p2a: Milotic|Milotic, M|78/100
|
|-weather|Sandstorm|[upkeep]
|-damage|p2a: Milotic|72/100|[from] Sandstorm
|-heal|p2a: Milotic|78/100|[from] item: Leftovers
|-heal|p1a: Tyranitar|75/100|[from] item: Leftovers
|upkeep
|turn|55
|
|t:|1728759127
|switch|p1a: Swampert|Swampert, M|87/100
|move|p2a: Milotic|Surf|p1a: Swampert
|-damage|p1a: Swampert|60/100
|
|-weather|Sandstorm|[upkeep]
|-damage|p2a: Milotic|72/100|[from] Sandstorm
|-heal|p2a: Milotic|78/100|[from] item: Leftovers
|-heal|p1a: Swampert|67/100|[from] item: Leftovers
|upkeep
|turn|56
|
|t:|1728759141
|move|p1a: Swampert|Protect|p1a: Swampert
|-singleturn|p1a: Swampert|Protect
|move|p2a: Milotic|Recover|p2a: Milotic
|-heal|p2a: Milotic|100/100
|
|-weather|Sandstorm|[upkeep]
|-damage|p2a: Milotic|94/100|[from] Sandstorm
|-heal|p2a: Milotic|100/100|[from] item: Leftovers
|-heal|p1a: Swampert|73/100|[from] item: Leftovers
|upkeep
|turn|57
|
|t:|1728759162
|move|p2a: Milotic|Toxic|p1a: Swampert
|-status|p1a: Swampert|tox
|move|p1a: Swampert|Toxic|p2a: Milotic
|-status|p2a: Milotic|tox
|
|-weather|Sandstorm|[upkeep]
|-damage|p2a: Milotic|94/100 tox|[from] Sandstorm
|-heal|p2a: Milotic|100/100 tox|[from] item: Leftovers
|-damage|p2a: Milotic|94/100 tox|[from] psn
|-heal|p1a: Swampert|79/100 tox|[from] item: Leftovers
|-damage|p1a: Swampert|73/100 tox|[from] psn
|upkeep
|turn|58
|inactive|lt. pickles has 90 seconds left.
|
|t:|1728759181
|switch|p2a: Blissey|Blissey, F|82/100
|move|p1a: Swampert|Refresh|p1a: Swampert
|-curestatus|p1a: Swampert|tox|[msg]
|
|-weather|Sandstorm|[upkeep]
|-damage|p2a: Blissey|76/100|[from] Sandstorm
|-heal|p1a: Swampert|79/100|[from] item: Leftovers
|-heal|p2a: Blissey|82/100|[from] item: Leftovers
|upkeep
|turn|59
|inactive|lt. pickles has 90 seconds left.
|
|t:|1728759206
|switch|p1a: Forretress|Forretress, M|82/100
|move|p2a: Blissey|Seismic Toss|p1a: Forretress
|-damage|p1a: Forretress|54/100
|
|-weather|Sandstorm|[upkeep]
|-damage|p2a: Blissey|76/100|[from] Sandstorm
|-heal|p2a: Blissey|82/100|[from] item: Leftovers
|-heal|p1a: Forretress|60/100|[from] item: Leftovers
|upkeep
|turn|60
|inactive|lt. pickles has 60 seconds left.
|
|t:|1728759236
|switch|p2a: Skarmory|Skarmory, M|75/100
|move|p1a: Forretress|Spikes|p2a: Skarmory
|-sidestart|p2: lt. pickles|Spikes
|
|-weather|Sandstorm|[upkeep]
|-heal|p2a: Skarmory|81/100|[from] item: Leftovers
|-heal|p1a: Forretress|67/100|[from] item: Leftovers
|upkeep
|turn|61
|inactive|lt. pickles has 60 seconds left.
|
|t:|1728759250
|move|p2a: Skarmory|Protect|p2a: Skarmory
|-singleturn|p2a: Skarmory|Protect
|move|p1a: Forretress|Zap Cannon|p2a: Skarmory
|-activate|p2a: Skarmory|Protect
|
|-weather|Sandstorm|[upkeep]
|-heal|p2a: Skarmory|87/100|[from] item: Leftovers
|-heal|p1a: Forretress|73/100|[from] item: Leftovers
|upkeep
|turn|62
|inactive|lt. pickles has 60 seconds left.
|
|t:|1728759261
|move|p2a: Skarmory|Spikes|p1a: Forretress
|-sidestart|p1: B.B.H00D|Spikes
|move|p1a: Forretress|Spikes|p2a: Skarmory
|-sidestart|p2: lt. pickles|Spikes
|
|-weather|Sandstorm|[upkeep]
|-heal|p2a: Skarmory|93/100|[from] item: Leftovers
|-heal|p1a: Forretress|79/100|[from] item: Leftovers
|upkeep
|turn|63
|inactive|lt. pickles has 60 seconds left.
|
|t:|1728759277
|move|p2a: Skarmory|Drill Peck|p1a: Forretress
|-damage|p1a: Forretress|63/100
|move|p1a: Forretress|Rapid Spin|p2a: Skarmory
|-resisted|p2a: Skarmory
|-damage|p2a: Skarmory|92/100
|-sideend|p1: B.B.H00D|Spikes|[from] move: Rapid Spin|[of] p1a: Forretress
|
|-weather|Sandstorm|[upkeep]
|-heal|p2a: Skarmory|98/100|[from] item: Leftovers
|-heal|p1a: Forretress|70/100|[from] item: Leftovers
|upkeep
|turn|64
|inactive|lt. pickles has 60 seconds left.
|
|t:|1728759288
|move|p2a: Skarmory|Spikes|p1a: Forretress
|-sidestart|p1: B.B.H00D|Spikes
|move|p1a: Forretress|Zap Cannon|p2a: Skarmory|[miss]
|-miss|p1a: Forretress|p2a: Skarmory
|
|-weather|Sandstorm|[upkeep]
|-heal|p2a: Skarmory|100/100|[from] item: Leftovers
|-heal|p1a: Forretress|76/100|[from] item: Leftovers
|upkeep
|turn|65
|inactive|lt. pickles has 60 seconds left.
|
|t:|1728759305
|move|p2a: Skarmory|Spikes|p1a: Forretress
|-sidestart|p1: B.B.H00D|Spikes
|move|p1a: Forretress|Rapid Spin|p2a: Skarmory
|-resisted|p2a: Skarmory
|-damage|p2a: Skarmory|99/100
|-sideend|p1: B.B.H00D|Spikes|[from] move: Rapid Spin|[of] p1a: Forretress
|
|-weather|Sandstorm|[upkeep]
|-heal|p2a: Skarmory|100/100|[from] item: Leftovers
|-heal|p1a: Forretress|82/100|[from] item: Leftovers
|upkeep
|turn|66
|
|t:|1728759322
|move|p2a: Skarmory|Drill Peck|p1a: Forretress
|-damage|p1a: Forretress|67/100
|move|p1a: Forretress|Spikes|p2a: Skarmory
|-sidestart|p2: lt. pickles|Spikes
|
|-weather|Sandstorm|[upkeep]
|-heal|p1a: Forretress|73/100|[from] item: Leftovers
|upkeep
|turn|67
|
|t:|1728759331
|move|p2a: Skarmory|Drill Peck|p1a: Forretress
|-damage|p1a: Forretress|57/100
|move|p1a: Forretress|Rapid Spin|p2a: Skarmory
|-resisted|p2a: Skarmory
|-crit|p2a: Skarmory
|-damage|p2a: Skarmory|97/100
|
|-weather|Sandstorm|[upkeep]
|-heal|p2a: Skarmory|100/100|[from] item: Leftovers
|-heal|p1a: Forretress|63/100|[from] item: Leftovers
|upkeep
|turn|68
|
|t:|1728759340
|move|p2a: Skarmory|Drill Peck|p1a: Forretress
|-damage|p1a: Forretress|48/100
|move|p1a: Forretress|Zap Cannon|p2a: Skarmory|[miss]
|-miss|p1a: Forretress|p2a: Skarmory
|
|-weather|Sandstorm|[upkeep]
|-heal|p1a: Forretress|54/100|[from] item: Leftovers
|upkeep
|turn|69
|inactive|lt. pickles has 60 seconds left.
|
|t:|1728759348
|move|p2a: Skarmory|Drill Peck|p1a: Forretress
|-damage|p1a: Forretress|36/100
|move|p1a: Forretress|Rapid Spin|p2a: Skarmory
|-resisted|p2a: Skarmory
|-damage|p2a: Skarmory|99/100
|
|-weather|Sandstorm|[upkeep]
|-heal|p2a: Skarmory|100/100|[from] item: Leftovers
|-heal|p1a: Forretress|43/100|[from] item: Leftovers
|upkeep
|turn|70
|
|t:|1728759359
|switch|p1a: Tyranitar|Tyranitar, M|75/100
|move|p2a: Skarmory|Drill Peck|p1a: Tyranitar
|-resisted|p1a: Tyranitar
|-damage|p1a: Tyranitar|66/100
|
|-weather|Sandstorm|[upkeep]
|-heal|p1a: Tyranitar|72/100|[from] item: Leftovers
|upkeep
|turn|71
|inactive|lt. pickles has 60 seconds left.
|
|t:|1728759381
|switch|p2a: Milotic|Milotic, M|94/100 tox
|-damage|p2a: Milotic|70/100 tox|[from] Spikes
|move|p1a: Tyranitar|Roar|p2a: Milotic
|drag|p2a: Skarmory|Skarmory, M|100/100
|
|-weather|Sandstorm|[upkeep]
|-heal|p1a: Tyranitar|79/100|[from] item: Leftovers
|upkeep
|turn|72
|inactive|lt. pickles has 60 seconds left.
|
|t:|1728759399
|move|p2a: Skarmory|Spikes|p1a: Tyranitar
|-sidestart|p1: B.B.H00D|Spikes
|move|p1a: Tyranitar|Flamethrower|p2a: Skarmory
|-supereffective|p2a: Skarmory
|-damage|p2a: Skarmory|42/100
|
|-weather|Sandstorm|[upkeep]
|-heal|p2a: Skarmory|48/100|[from] item: Leftovers
|-heal|p1a: Tyranitar|85/100|[from] item: Leftovers
|upkeep
|turn|73
|
|t:|1728759418
|move|p2a: Skarmory|Protect|p2a: Skarmory
|-singleturn|p2a: Skarmory|Protect
|move|p1a: Tyranitar|Roar|p2a: Skarmory
|-activate|p2a: Skarmory|Protect
|
|-weather|Sandstorm|[upkeep]
|-heal|p2a: Skarmory|54/100|[from] item: Leftovers
|-heal|p1a: Tyranitar|91/100|[from] item: Leftovers
|upkeep
|turn|74
|
|t:|1728759437
|move|p1a: Tyranitar|Flamethrower|p2a: Skarmory
|-supereffective|p2a: Skarmory
|-damage|p2a: Skarmory|3/100
|move|p2a: Skarmory|Roar|p1a: Tyranitar
|drag|p1a: Salamence|Salamence, F|100/100
|-ability|p1a: Salamence|Intimidate|boost
|-unboost|p2a: Skarmory|atk|1
|
|-weather|Sandstorm|[upkeep]
|-damage|p1a: Salamence|94/100|[from] Sandstorm
|-heal|p1a: Salamence|100/100|[from] item: Leftovers
|-heal|p2a: Skarmory|9/100|[from] item: Leftovers
|upkeep
|turn|75
|inactive|lt. pickles has 30 seconds left.
|inactive|lt. pickles has 20 seconds left.
|
|t:|1728759473
|move|p2a: Skarmory|Protect|p2a: Skarmory
|-singleturn|p2a: Skarmory|Protect
|move|p1a: Salamence|Wish|p1a: Salamence
|
|-weather|Sandstorm|[upkeep]
|-damage|p1a: Salamence|94/100|[from] Sandstorm
|-heal|p1a: Salamence|100/100|[from] item: Leftovers
|-heal|p2a: Skarmory|15/100|[from] item: Leftovers
|upkeep
|turn|76
|inactive|lt. pickles has 30 seconds left this turn.
|inactive|lt. pickles has 20 seconds left.
|
|t:|1728759483
|move|p1a: Salamence|Dragon Claw|p2a: Skarmory
|-resisted|p2a: Skarmory
|-damage|p2a: Skarmory|0 fnt
|faint|p2a: Skarmory
|inactive|lt. pickles has 25 seconds left this turn.
|inactive|lt. pickles has 20 seconds left.
|
|t:|1728759489
|switch|p2a: Blissey|Blissey, F|82/100
|-damage|p2a: Blissey|57/100|[from] Spikes
|
|-weather|Sandstorm|[upkeep]
|-damage|p1a: Salamence|94/100|[from] Sandstorm
|-damage|p2a: Blissey|51/100|[from] Sandstorm
|-heal|p1a: Salamence|100/100|[from] item: Leftovers
|-heal|p2a: Blissey|57/100|[from] item: Leftovers
|upkeep
|turn|77
|inactive|lt. pickles has 30 seconds left this turn.
|inactive|lt. pickles has 20 seconds left.
|
|t:|1728759499
|switch|p1a: Swampert|Swampert, M|79/100
|-damage|p1a: Swampert|67/100|[from] Spikes
|move|p2a: Blissey|Soft-Boiled|p2a: Blissey
|-heal|p2a: Blissey|100/100
|
|-weather|Sandstorm|[upkeep]
|-damage|p2a: Blissey|94/100|[from] Sandstorm
|-heal|p1a: Swampert|73/100|[from] item: Leftovers
|-heal|p2a: Blissey|100/100|[from] item: Leftovers
|upkeep
|turn|78
|inactive|lt. pickles has 30 seconds left this turn.
|inactive|lt. pickles has 20 seconds left.
|
|t:|1728759523
|move|p1a: Swampert|Toxic|p2a: Blissey
|-status|p2a: Blissey|tox
|move|p2a: Blissey|Aromatherapy|p2a: Blissey
|-cureteam|p2a: Blissey|[from] move: Aromatherapy
|
|-weather|Sandstorm|[upkeep]
|-damage|p2a: Blissey|94/100|[from] Sandstorm
|-heal|p1a: Swampert|79/100|[from] item: Leftovers
|-heal|p2a: Blissey|100/100|[from] item: Leftovers
|upkeep
|turn|79
|inactive|lt. pickles has 30 seconds left this turn.
|
|t:|1728759532
|move|p1a: Swampert|Toxic|p2a: Blissey|[miss]
|-miss|p1a: Swampert|p2a: Blissey
|move|p2a: Blissey|Seismic Toss|p1a: Swampert
|-damage|p1a: Swampert|54/100
|
|-weather|Sandstorm|[upkeep]
|-damage|p2a: Blissey|94/100|[from] Sandstorm
|-heal|p1a: Swampert|60/100|[from] item: Leftovers
|-heal|p2a: Blissey|100/100|[from] item: Leftovers
|upkeep
|turn|80
|inactive|lt. pickles has 30 seconds left.
|
|t:|1728759545
|move|p1a: Swampert|Protect|p1a: Swampert
|-singleturn|p1a: Swampert|Protect
|move|p2a: Blissey|Seismic Toss|p1a: Swampert
|-activate|p1a: Swampert|Protect
|
|-weather|Sandstorm|[upkeep]
|-damage|p2a: Blissey|94/100|[from] Sandstorm
|-heal|p1a: Swampert|67/100|[from] item: Leftovers
|-heal|p2a: Blissey|100/100|[from] item: Leftovers
|upkeep
|turn|81
|inactive|lt. pickles has 30 seconds left.
|
|t:|1728759555
|switch|p1a: Tyranitar|Tyranitar, M|91/100
|-damage|p1a: Tyranitar|79/100|[from] Spikes
|move|p2a: Blissey|Seismic Toss|p1a: Tyranitar
|-damage|p1a: Tyranitar|54/100
|
|-weather|Sandstorm|[upkeep]
|-damage|p2a: Blissey|94/100|[from] Sandstorm
|-heal|p1a: Tyranitar|60/100|[from] item: Leftovers
|-heal|p2a: Blissey|100/100|[from] item: Leftovers
|upkeep
|turn|82
|inactive|lt. pickles has 30 seconds left.
|
|t:|1728759573
|move|p2a: Blissey|Ice Beam|p1a: Tyranitar
|-damage|p1a: Tyranitar|42/100
|-status|p1a: Tyranitar|frz
|cant|p1a: Tyranitar|frz
|
|-weather|Sandstorm|[upkeep]
|-damage|p2a: Blissey|94/100|[from] Sandstorm
|-heal|p1a: Tyranitar|48/100 frz|[from] item: Leftovers
|-heal|p2a: Blissey|100/100|[from] item: Leftovers
|upkeep
|turn|83
|inactive|lt. pickles has 30 seconds left.
|
|t:|1728759583
|move|p2a: Blissey|Seismic Toss|p1a: Tyranitar
|-damage|p1a: Tyranitar|23/100 frz
|cant|p1a: Tyranitar|frz
|
|-weather|Sandstorm|[upkeep]
|-damage|p2a: Blissey|94/100|[from] Sandstorm
|-heal|p1a: Tyranitar|30/100 frz|[from] item: Leftovers
|-heal|p2a: Blissey|100/100|[from] item: Leftovers
|upkeep
|turn|84
|
|t:|1728759587
|move|p2a: Blissey|Seismic Toss|p1a: Tyranitar
|-damage|p1a: Tyranitar|5/100 frz
|cant|p1a: Tyranitar|frz
|
|-weather|Sandstorm|[upkeep]
|-damage|p2a: Blissey|94/100|[from] Sandstorm
|-heal|p1a: Tyranitar|11/100 frz|[from] item: Leftovers
|-heal|p2a: Blissey|100/100|[from] item: Leftovers
|upkeep
|turn|85
|
|t:|1728759593
|move|p2a: Blissey|Seismic Toss|p1a: Tyranitar
|-damage|p1a: Tyranitar|0 fnt
|faint|p1a: Tyranitar
|
|t:|1728759595
|switch|p1a: Forretress|Forretress, M|43/100
|-damage|p1a: Forretress|30/100|[from] Spikes
|
|-weather|Sandstorm|[upkeep]
|-damage|p2a: Blissey|94/100|[from] Sandstorm
|-heal|p2a: Blissey|100/100|[from] item: Leftovers
|-heal|p1a: Forretress|36/100|[from] item: Leftovers
|upkeep
|turn|86
|inactive|lt. pickles has 60 seconds left.
|
|t:|1728759616
|move|p2a: Blissey|Ice Beam|p1a: Forretress
|-resisted|p1a: Forretress
|-damage|p1a: Forretress|26/100
|move|p1a: Forretress|Rapid Spin|p2a: Blissey
|-damage|p2a: Blissey|97/100
|-sideend|p1: B.B.H00D|Spikes|[from] move: Rapid Spin|[of] p1a: Forretress
|
|-weather|Sandstorm|[upkeep]
|-damage|p2a: Blissey|90/100|[from] Sandstorm
|-heal|p2a: Blissey|97/100|[from] item: Leftovers
|-heal|p1a: Forretress|32/100|[from] item: Leftovers
|upkeep
|turn|87
|inactive|B.B.H00D has 270 seconds left.
|
|t:|1728759650
|switch|p1a: Swampert|Swampert, M|67/100
|move|p2a: Blissey|Seismic Toss|p1a: Swampert
|-damage|p1a: Swampert|42/100
|
|-weather|Sandstorm|[upkeep]
|-damage|p2a: Blissey|90/100|[from] Sandstorm
|-heal|p1a: Swampert|48/100|[from] item: Leftovers
|-heal|p2a: Blissey|97/100|[from] item: Leftovers
|upkeep
|turn|88
|inactive|lt. pickles has 30 seconds left.
|
|t:|1728759673
|switch|p2a: Milotic|Milotic, M|70/100
|-damage|p2a: Milotic|45/100|[from] Spikes
|move|p1a: Swampert|Protect||[still]
|-fail|p1a: Swampert
|
|-weather|Sandstorm|[upkeep]
|-damage|p2a: Milotic|39/100|[from] Sandstorm
|-heal|p2a: Milotic|45/100|[from] item: Leftovers
|-heal|p1a: Swampert|54/100|[from] item: Leftovers
|upkeep
|turn|89
|
|t:|1728759682
|move|p2a: Milotic|Recover|p2a: Milotic
|-heal|p2a: Milotic|95/100
|move|p1a: Swampert|Toxic|p2a: Milotic
|-status|p2a: Milotic|tox
|
|-weather|Sandstorm|[upkeep]
|-damage|p2a: Milotic|89/100 tox|[from] Sandstorm
|-heal|p2a: Milotic|95/100 tox|[from] item: Leftovers
|-damage|p2a: Milotic|89/100 tox|[from] psn
|-heal|p1a: Swampert|60/100|[from] item: Leftovers
|upkeep
|turn|90
|
|t:|1728759693
|switch|p1a: Salamence|Salamence, F|100/100
|-ability|p1a: Salamence|Intimidate|boost
|-unboost|p2a: Milotic|atk|1
|move|p2a: Milotic|Refresh|p2a: Milotic
|-curestatus|p2a: Milotic|tox|[msg]
|
|-weather|Sandstorm|[upkeep]
|-damage|p1a: Salamence|94/100|[from] Sandstorm
|-damage|p2a: Milotic|82/100|[from] Sandstorm
|-heal|p1a: Salamence|100/100|[from] item: Leftovers
|-heal|p2a: Milotic|89/100|[from] item: Leftovers
|upkeep
|turn|91
|
|t:|1728759711
|move|p1a: Salamence|Brick Break|p2a: Milotic
|-damage|p2a: Milotic|73/100
|move|p2a: Milotic|Toxic|p1a: Salamence
|-status|p1a: Salamence|tox
|
|-weather|Sandstorm|[upkeep]
|-damage|p1a: Salamence|94/100 tox|[from] Sandstorm
|-damage|p2a: Milotic|66/100|[from] Sandstorm
|-heal|p1a: Salamence|100/100 tox|[from] item: Leftovers
|-damage|p1a: Salamence|94/100 tox|[from] psn
|-heal|p2a: Milotic|73/100|[from] item: Leftovers
|upkeep
|turn|92
|
|t:|1728759721
|move|p1a: Salamence|Wish|p1a: Salamence
|move|p2a: Milotic|Recover|p2a: Milotic
|-heal|p2a: Milotic|100/100
|
|-weather|Sandstorm|[upkeep]
|-damage|p1a: Salamence|88/100 tox|[from] Sandstorm
|-damage|p2a: Milotic|94/100|[from] Sandstorm
|-heal|p1a: Salamence|94/100 tox|[from] item: Leftovers
|-damage|p1a: Salamence|82/100 tox|[from] psn
|-heal|p2a: Milotic|100/100|[from] item: Leftovers
|upkeep
|turn|93
|
|t:|1728759731
|switch|p1a: Swampert|Swampert, M|60/100
|move|p2a: Milotic|Surf|p1a: Swampert
|-damage|p1a: Swampert|34/100
|
|-heal|p1a: Swampert|83/100|[from] move: Wish|[wisher] Salamence
|-weather|Sandstorm|[upkeep]
|-damage|p2a: Milotic|94/100|[from] Sandstorm
|-heal|p2a: Milotic|100/100|[from] item: Leftovers
|-heal|p1a: Swampert|90/100|[from] item: Leftovers
|upkeep
|turn|94
|
|t:|1728759745
|move|p2a: Milotic|Surf|p1a: Swampert
|-crit|p1a: Swampert
|-damage|p1a: Swampert|33/100
|move|p1a: Swampert|Toxic|p2a: Milotic
|-status|p2a: Milotic|tox
|
|-weather|Sandstorm|[upkeep]
|-damage|p2a: Milotic|94/100 tox|[from] Sandstorm
|-heal|p2a: Milotic|100/100 tox|[from] item: Leftovers
|-damage|p2a: Milotic|94/100 tox|[from] psn
|-heal|p1a: Swampert|39/100|[from] item: Leftovers
|upkeep
|turn|95
|
|t:|1728759757
|switch|p1a: Salamence|Salamence, F|82/100 tox
|-ability|p1a: Salamence|Intimidate|boost
|-unboost|p2a: Milotic|atk|1
|move|p2a: Milotic|Refresh|p2a: Milotic
|-curestatus|p2a: Milotic|tox|[msg]
|
|-weather|Sandstorm|[upkeep]
|-damage|p1a: Salamence|76/100 tox|[from] Sandstorm
|-damage|p2a: Milotic|88/100|[from] Sandstorm
|-heal|p1a: Salamence|82/100 tox|[from] item: Leftovers
|-damage|p1a: Salamence|76/100 tox|[from] psn
|-heal|p2a: Milotic|94/100|[from] item: Leftovers
|upkeep
|turn|96
|inactive|lt. pickles has 30 seconds left.
|inactive|lt. pickles has 20 seconds left.
|
|t:|1728759788
|move|p1a: Salamence|Wish|p1a: Salamence
|move|p2a: Milotic|Surf|p1a: Salamence
|-resisted|p1a: Salamence
|-damage|p1a: Salamence|53/100 tox
|
|-weather|Sandstorm|[upkeep]
|-damage|p1a: Salamence|47/100 tox|[from] Sandstorm
|-damage|p2a: Milotic|88/100|[from] Sandstorm
|-heal|p1a: Salamence|53/100 tox|[from] item: Leftovers
|-damage|p1a: Salamence|41/100 tox|[from] psn
|-heal|p2a: Milotic|94/100|[from] item: Leftovers
|upkeep
|turn|97
|inactive|lt. pickles has 30 seconds left this turn.
|inactive|lt. pickles has 20 seconds left.
|
|t:|1728759801
|switch|p1a: Swampert|Swampert, M|39/100
|move|p2a: Milotic|Surf|p1a: Swampert
|-damage|p1a: Swampert|10/100
|
|-heal|p1a: Swampert|60/100|[from] move: Wish|[wisher] Salamence
|-weather|Sandstorm|[upkeep]
|-damage|p2a: Milotic|88/100|[from] Sandstorm
|-heal|p2a: Milotic|94/100|[from] item: Leftovers
|-heal|p1a: Swampert|67/100|[from] item: Leftovers
|upkeep
|turn|98
|inactive|lt. pickles has 30 seconds left this turn.
|inactive|lt. pickles has 20 seconds left.
|inactive|lt. pickles has 15 seconds left.
|
|t:|1728759818
|switch|p2a: Blissey|Blissey, F|97/100
|-damage|p2a: Blissey|72/100|[from] Spikes
|move|p1a: Swampert|Protect||[still]
|-fail|p1a: Swampert
|
|-weather|Sandstorm|[upkeep]
|-damage|p2a: Blissey|65/100|[from] Sandstorm
|-heal|p1a: Swampert|73/100|[from] item: Leftovers
|-heal|p2a: Blissey|72/100|[from] item: Leftovers
|upkeep
|turn|99
|inactive|lt. pickles has 25 seconds left this turn.
|inactive|lt. pickles has 20 seconds left.
|
|t:|1728759834
|move|p1a: Swampert|Toxic|p2a: Blissey
|-status|p2a: Blissey|tox
|move|p2a: Blissey|Soft-Boiled|p2a: Blissey
|-heal|p2a: Blissey|100/100 tox
|
|-weather|Sandstorm|[upkeep]
|-damage|p2a: Blissey|94/100 tox|[from] Sandstorm
|-heal|p1a: Swampert|79/100|[from] item: Leftovers
|-heal|p2a: Blissey|100/100 tox|[from] item: Leftovers
|-damage|p2a: Blissey|94/100 tox|[from] psn
|upkeep
|turn|100
|inactive|lt. pickles has 30 seconds left this turn.
|inactive|lt. pickles has 20 seconds left.
|inactive|lt. pickles has 15 seconds left.
|
|t:|1728759851
|switch|p1a: Forretress|Forretress, M|32/100
|-curestatus|p2a: Blissey|tox|[from] ability: Natural Cure
|switch|p2a: Milotic|Milotic, M|94/100
|-damage|p2a: Milotic|70/100|[from] Spikes
|
|-weather|Sandstorm|[upkeep]
|-damage|p2a: Milotic|63/100|[from] Sandstorm
|-heal|p2a: Milotic|70/100|[from] item: Leftovers
|-heal|p1a: Forretress|38/100|[from] item: Leftovers
|upkeep
|turn|101
|inactive|lt. pickles has 25 seconds left this turn.
|inactive|lt. pickles has 20 seconds left.
|inactive|lt. pickles has 15 seconds left.
|inactive|lt. pickles has 10 seconds left.
|
|t:|1728759869
|move|p2a: Milotic|Recover|p2a: Milotic
|-heal|p2a: Milotic|100/100
|move|p1a: Forretress|Zap Cannon|p2a: Milotic
|-supereffective|p2a: Milotic
|-damage|p2a: Milotic|82/100
|-status|p2a: Milotic|par
|
|-weather|Sandstorm|[upkeep]
|-damage|p2a: Milotic|76/100 par|[from] Sandstorm
|-heal|p1a: Forretress|45/100|[from] item: Leftovers
|-heal|p2a: Milotic|82/100 par|[from] item: Leftovers
|upkeep
|turn|102
|inactive|lt. pickles has 20 seconds left this turn.
|inactive|lt. pickles has 15 seconds left.
|
|t:|1728759886
|switch|p1a: Salamence|Salamence, F|41/100 tox
|-ability|p1a: Salamence|Intimidate|boost
|-unboost|p2a: Milotic|atk|1
|cant|p2a: Milotic|par
|
|-weather|Sandstorm|[upkeep]
|-damage|p1a: Salamence|35/100 tox|[from] Sandstorm
|-damage|p2a: Milotic|76/100 par|[from] Sandstorm
|-heal|p1a: Salamence|41/100 tox|[from] item: Leftovers
|-damage|p1a: Salamence|35/100 tox|[from] psn
|-heal|p2a: Milotic|82/100 par|[from] item: Leftovers
|upkeep
|turn|103
|inactive|lt. pickles has 25 seconds left this turn.
|inactive|lt. pickles has 20 seconds left.
|
|t:|1728759893
|move|p1a: Salamence|Wish|p1a: Salamence
|move|p2a: Milotic|Refresh|p2a: Milotic
|-curestatus|p2a: Milotic|par|[msg]
|
|-weather|Sandstorm|[upkeep]
|-damage|p1a: Salamence|29/100 tox|[from] Sandstorm
|-damage|p2a: Milotic|76/100|[from] Sandstorm
|-heal|p1a: Salamence|35/100 tox|[from] item: Leftovers
|-damage|p1a: Salamence|23/100 tox|[from] psn
|-heal|p2a: Milotic|82/100|[from] item: Leftovers
|upkeep
|turn|104
|inactive|lt. pickles has 30 seconds left this turn.
|inactive|lt. pickles has 20 seconds left.
|
|t:|1728759907
|switch|p1a: Swampert|Swampert, M|79/100
|move|p2a: Milotic|Surf|p1a: Swampert
|-damage|p1a: Swampert|52/100
|
|-heal|p1a: Swampert|100/100|[from] move: Wish|[wisher] Salamence
|-weather|Sandstorm|[upkeep]
|-damage|p2a: Milotic|76/100|[from] Sandstorm
|-heal|p2a: Milotic|82/100|[from] item: Leftovers
|upkeep
|turn|105
|inactive|lt. pickles has 30 seconds left this turn.
|
|t:|1728759917
|switch|p2a: Blissey|Blissey, F|94/100
|-damage|p2a: Blissey|69/100|[from] Spikes
|move|p1a: Swampert|Toxic|p2a: Blissey
|-status|p2a: Blissey|tox
|
|-weather|Sandstorm|[upkeep]
|-damage|p2a: Blissey|63/100 tox|[from] Sandstorm
|-heal|p2a: Blissey|69/100 tox|[from] item: Leftovers
|-damage|p2a: Blissey|63/100 tox|[from] psn
|upkeep
|turn|106
|
|t:|1728759925
|move|p1a: Swampert|Surf|p2a: Blissey
|-damage|p2a: Blissey|51/100 tox
|move|p2a: Blissey|Soft-Boiled|p2a: Blissey
|-heal|p2a: Blissey|100/100 tox
|
|-weather|Sandstorm|[upkeep]
|-damage|p2a: Blissey|94/100 tox|[from] Sandstorm
|-heal|p2a: Blissey|100/100 tox|[from] item: Leftovers
|-damage|p2a: Blissey|88/100 tox|[from] psn
|upkeep
|turn|107
|
|t:|1728759940
|switch|p1a: Forretress|Forretress, M|45/100
|-curestatus|p2a: Blissey|tox|[from] ability: Natural Cure
|switch|p2a: Milotic|Milotic, M|82/100
|-damage|p2a: Milotic|57/100|[from] Spikes
|
|-weather|Sandstorm|[upkeep]
|-damage|p2a: Milotic|51/100|[from] Sandstorm
|-heal|p2a: Milotic|57/100|[from] item: Leftovers
|-heal|p1a: Forretress|51/100|[from] item: Leftovers
|upkeep
|turn|108
|
|t:|1728759950
|move|p2a: Milotic|Recover|p2a: Milotic
|-heal|p2a: Milotic|100/100
|move|p1a: Forretress|Zap Cannon|p2a: Milotic|[miss]
|-miss|p1a: Forretress|p2a: Milotic
|
|-weather|Sandstorm|[upkeep]
|-damage|p2a: Milotic|94/100|[from] Sandstorm
|-heal|p2a: Milotic|100/100|[from] item: Leftovers
|-heal|p1a: Forretress|57/100|[from] item: Leftovers
|upkeep
|turn|109
|
|t:|1728759969
|switch|p1a: Swampert|Swampert, M|100/100
|move|p2a: Milotic|Surf|p1a: Swampert
|-damage|p1a: Swampert|72/100
|
|-weather|Sandstorm|[upkeep]
|-damage|p2a: Milotic|94/100|[from] Sandstorm
|-heal|p2a: Milotic|100/100|[from] item: Leftovers
|-heal|p1a: Swampert|78/100|[from] item: Leftovers
|upkeep
|turn|110
|
|t:|1728759985
|move|p1a: Swampert|Protect|p1a: Swampert
|-singleturn|p1a: Swampert|Protect
|move|p2a: Milotic|Toxic|p1a: Swampert
|-activate|p1a: Swampert|Protect
|
|-weather|Sandstorm|[upkeep]
|-damage|p2a: Milotic|94/100|[from] Sandstorm
|-heal|p2a: Milotic|100/100|[from] item: Leftovers
|-heal|p1a: Swampert|85/100|[from] item: Leftovers
|upkeep
|turn|111
|
|t:|1728759995
|switch|p2a: Blissey|Blissey, F|88/100
|-damage|p2a: Blissey|63/100|[from] Spikes
|move|p1a: Swampert|Toxic|p2a: Blissey
|-status|p2a: Blissey|tox
|
|-weather|Sandstorm|[upkeep]
|-damage|p2a: Blissey|57/100 tox|[from] Sandstorm
|-heal|p1a: Swampert|91/100|[from] item: Leftovers
|-heal|p2a: Blissey|63/100 tox|[from] item: Leftovers
|-damage|p2a: Blissey|57/100 tox|[from] psn
|upkeep
|turn|112
|
|t:|1728760007
|switch|p1a: Salamence|Salamence, F|23/100 tox
|-ability|p1a: Salamence|Intimidate|boost
|-unboost|p2a: Blissey|atk|1
|move|p2a: Blissey|Soft-Boiled|p2a: Blissey
|-heal|p2a: Blissey|100/100 tox
|
|-weather|Sandstorm|[upkeep]
|-damage|p1a: Salamence|17/100 tox|[from] Sandstorm
|-damage|p2a: Blissey|94/100 tox|[from] Sandstorm
|-heal|p1a: Salamence|23/100 tox|[from] item: Leftovers
|-damage|p1a: Salamence|17/100 tox|[from] psn
|-heal|p2a: Blissey|100/100 tox|[from] item: Leftovers
|-damage|p2a: Blissey|88/100 tox|[from] psn
|upkeep
|turn|113
|
|t:|1728760019
|move|p1a: Salamence|Brick Break|p2a: Blissey
|-supereffective|p2a: Blissey
|-damage|p2a: Blissey|49/100 tox
|move|p2a: Blissey|Ice Beam|p1a: Salamence
|-supereffective|p1a: Salamence
|-crit|p1a: Salamence
|-damage|p1a: Salamence|0 fnt
|faint|p1a: Salamence
|
|t:|1728760025
|switch|p1a: Forretress|Forretress, M|57/100
|
|-weather|Sandstorm|[upkeep]
|-damage|p2a: Blissey|43/100 tox|[from] Sandstorm
|-heal|p2a: Blissey|49/100 tox|[from] item: Leftovers
|-damage|p2a: Blissey|30/100 tox|[from] psn
|-heal|p1a: Forretress|63/100|[from] item: Leftovers
|upkeep
|turn|114
|
|t:|1728760041
|move|p2a: Blissey|Soft-Boiled|p2a: Blissey
|-heal|p2a: Blissey|80/100 tox
|move|p1a: Forretress|Earthquake|p2a: Blissey
|-damage|p2a: Blissey|61/100 tox
|
|-weather|Sandstorm|[upkeep]
|-damage|p2a: Blissey|54/100 tox|[from] Sandstorm
|-heal|p2a: Blissey|61/100 tox|[from] item: Leftovers
|-damage|p2a: Blissey|36/100 tox|[from] psn
|-heal|p1a: Forretress|70/100|[from] item: Leftovers
|upkeep
|turn|115
|
|t:|1728760051
|move|p2a: Blissey|Aromatherapy|p2a: Blissey
|-cureteam|p2a: Blissey|[from] move: Aromatherapy
|move|p1a: Forretress|Earthquake|p2a: Blissey
|-damage|p2a: Blissey|16/100
|
|-weather|Sandstorm|[upkeep]
|-damage|p2a: Blissey|10/100|[from] Sandstorm
|-heal|p2a: Blissey|16/100|[from] item: Leftovers
|-heal|p1a: Forretress|76/100|[from] item: Leftovers
|upkeep
|turn|116
|
|t:|1728760056
|move|p2a: Blissey|Soft-Boiled|p2a: Blissey
|-heal|p2a: Blissey|66/100
|move|p1a: Forretress|Earthquake|p2a: Blissey
|-damage|p2a: Blissey|47/100
|
|-weather|Sandstorm|[upkeep]
|-damage|p2a: Blissey|40/100|[from] Sandstorm
|-heal|p2a: Blissey|47/100|[from] item: Leftovers
|-heal|p1a: Forretress|82/100|[from] item: Leftovers
|upkeep
|turn|117
|
|t:|1728760061
|move|p2a: Blissey|Soft-Boiled|p2a: Blissey
|-heal|p2a: Blissey|97/100
|move|p1a: Forretress|Earthquake|p2a: Blissey
|-damage|p2a: Blissey|75/100
|
|-weather|Sandstorm|[upkeep]
|-damage|p2a: Blissey|69/100|[from] Sandstorm
|-heal|p2a: Blissey|75/100|[from] item: Leftovers
|-heal|p1a: Forretress|88/100|[from] item: Leftovers
|upkeep
|turn|118
|
|t:|1728760066
|move|p2a: Blissey|Seismic Toss|p1a: Forretress
|-damage|p1a: Forretress|60/100
|move|p1a: Forretress|Earthquake|p2a: Blissey
|-damage|p2a: Blissey|56/100
|
|-weather|Sandstorm|[upkeep]
|-damage|p2a: Blissey|50/100|[from] Sandstorm
|-heal|p2a: Blissey|56/100|[from] item: Leftovers
|-heal|p1a: Forretress|66/100|[from] item: Leftovers
|upkeep
|turn|119
|
|t:|1728760071
|move|p2a: Blissey|Soft-Boiled|p2a: Blissey
|-heal|p2a: Blissey|100/100
|move|p1a: Forretress|Earthquake|p2a: Blissey
|-damage|p2a: Blissey|81/100
|
|-weather|Sandstorm|[upkeep]
|-damage|p2a: Blissey|75/100|[from] Sandstorm
|-heal|p2a: Blissey|81/100|[from] item: Leftovers
|-heal|p1a: Forretress|72/100|[from] item: Leftovers
|upkeep
|turn|120
|
|t:|1728760076
|move|p2a: Blissey|Seismic Toss|p1a: Forretress
|-damage|p1a: Forretress|44/100
|move|p1a: Forretress|Earthquake|p2a: Blissey
|-damage|p2a: Blissey|60/100
|
|-weather|Sandstorm|[upkeep]
|-damage|p2a: Blissey|54/100|[from] Sandstorm
|-heal|p2a: Blissey|60/100|[from] item: Leftovers
|-heal|p1a: Forretress|50/100|[from] item: Leftovers
|upkeep
|turn|121
|
|t:|1728760081
|move|p2a: Blissey|Seismic Toss|p1a: Forretress
|-damage|p1a: Forretress|22/100
|move|p1a: Forretress|Earthquake|p2a: Blissey
|-damage|p2a: Blissey|41/100
|
|-weather|Sandstorm|[upkeep]
|-damage|p2a: Blissey|35/100|[from] Sandstorm
|-heal|p2a: Blissey|41/100|[from] item: Leftovers
|-heal|p1a: Forretress|28/100|[from] item: Leftovers
|upkeep
|turn|122
|
|t:|1728760091
|move|p2a: Blissey|Seismic Toss|p1a: Forretress
|-damage|p1a: Forretress|0 fnt
|faint|p1a: Forretress
|
|t:|1728760094
|switch|p1a: Swampert|Swampert, M|91/100
|
|-weather|Sandstorm|[upkeep]
|-damage|p2a: Blissey|35/100|[from] Sandstorm
|-heal|p1a: Swampert|97/100|[from] item: Leftovers
|-heal|p2a: Blissey|41/100|[from] item: Leftovers
|upkeep
|turn|123
|
|t:|1728760102
|move|p1a: Swampert|Surf|p2a: Blissey
|-damage|p2a: Blissey|29/100
|move|p2a: Blissey|Soft-Boiled|p2a: Blissey
|-heal|p2a: Blissey|79/100
|
|-weather|Sandstorm|[upkeep]
|-damage|p2a: Blissey|73/100|[from] Sandstorm
|-heal|p1a: Swampert|100/100|[from] item: Leftovers
|-heal|p2a: Blissey|79/100|[from] item: Leftovers
|upkeep
|turn|124
|inactive|lt. pickles has 120 seconds left.
|
|t:|1728760110
|move|p1a: Swampert|Toxic|p2a: Blissey
|-status|p2a: Blissey|tox
|move|p2a: Blissey|Seismic Toss|p1a: Swampert
|-damage|p1a: Swampert|76/100
|
|-weather|Sandstorm|[upkeep]
|-damage|p2a: Blissey|73/100 tox|[from] Sandstorm
|-heal|p1a: Swampert|82/100|[from] item: Leftovers
|-heal|p2a: Blissey|79/100 tox|[from] item: Leftovers
|-damage|p2a: Blissey|73/100 tox|[from] psn
|upkeep
|turn|125
|
|t:|1728760118
|-curestatus|p2a: Blissey|tox|[from] ability: Natural Cure
|switch|p2a: Milotic|Milotic, M|100/100
|-damage|p2a: Milotic|76/100|[from] Spikes
|move|p1a: Swampert|Surf|p2a: Milotic
|-resisted|p2a: Milotic
|-damage|p2a: Milotic|66/100
|
|-weather|Sandstorm|[upkeep]
|-damage|p2a: Milotic|60/100|[from] Sandstorm
|-heal|p2a: Milotic|66/100|[from] item: Leftovers
|-heal|p1a: Swampert|88/100|[from] item: Leftovers
|upkeep
|turn|126
|
|t:|1728760128
|move|p1a: Swampert|Protect|p1a: Swampert
|-singleturn|p1a: Swampert|Protect
|move|p2a: Milotic|Recover|p2a: Milotic
|-heal|p2a: Milotic|100/100
|
|-weather|Sandstorm|[upkeep]
|-damage|p2a: Milotic|94/100|[from] Sandstorm
|-heal|p2a: Milotic|100/100|[from] item: Leftovers
|-heal|p1a: Swampert|94/100|[from] item: Leftovers
|upkeep
|turn|127
|
|t:|1728760140
|move|p2a: Milotic|Surf|p1a: Swampert
|-damage|p1a: Swampert|66/100
|move|p1a: Swampert|Refresh||[still]
|-fail|p1a: Swampert
|
|-weather|Sandstorm|[upkeep]
|-damage|p2a: Milotic|94/100|[from] Sandstorm
|-heal|p2a: Milotic|100/100|[from] item: Leftovers
|-heal|p1a: Swampert|72/100|[from] item: Leftovers
|upkeep
|turn|128
|
|t:|1728760153
|move|p1a: Swampert|Protect|p1a: Swampert
|-singleturn|p1a: Swampert|Protect
|move|p2a: Milotic|Refresh||[still]
|-fail|p2a: Milotic
|
|-weather|Sandstorm|[upkeep]
|-damage|p2a: Milotic|94/100|[from] Sandstorm
|-heal|p2a: Milotic|100/100|[from] item: Leftovers
|-heal|p1a: Swampert|79/100|[from] item: Leftovers
|upkeep
|turn|129
|inactive|lt. pickles has 150 seconds left.
|
|t:|1728760161
|move|p2a: Milotic|Refresh||[still]
|-fail|p2a: Milotic
|move|p1a: Swampert|Surf|p2a: Milotic
|-resisted|p2a: Milotic
|-damage|p2a: Milotic|89/100
|
|-weather|Sandstorm|[upkeep]
|-damage|p2a: Milotic|83/100|[from] Sandstorm
|-heal|p2a: Milotic|89/100|[from] item: Leftovers
|-heal|p1a: Swampert|85/100|[from] item: Leftovers
|upkeep
|turn|130
|
|t:|1728760168
|move|p2a: Milotic|Refresh||[still]
|-fail|p2a: Milotic
|move|p1a: Swampert|Surf|p2a: Milotic
|-resisted|p2a: Milotic
|-damage|p2a: Milotic|79/100
|
|-weather|Sandstorm|[upkeep]
|-damage|p2a: Milotic|73/100|[from] Sandstorm
|-heal|p2a: Milotic|79/100|[from] item: Leftovers
|-heal|p1a: Swampert|91/100|[from] item: Leftovers
|upkeep
|turn|131
|
|t:|1728760174
|move|p2a: Milotic|Recover|p2a: Milotic
|-heal|p2a: Milotic|100/100
|move|p1a: Swampert|Surf|p2a: Milotic
|-resisted|p2a: Milotic
|-damage|p2a: Milotic|90/100
|
|-weather|Sandstorm|[upkeep]
|-damage|p2a: Milotic|84/100|[from] Sandstorm
|-heal|p2a: Milotic|90/100|[from] item: Leftovers
|-heal|p1a: Swampert|97/100|[from] item: Leftovers
|upkeep
|turn|132
|
|t:|1728760183
|move|p2a: Milotic|Refresh||[still]
|-fail|p2a: Milotic
|move|p1a: Swampert|Surf|p2a: Milotic
|-resisted|p2a: Milotic
|-damage|p2a: Milotic|80/100
|
|-weather|Sandstorm|[upkeep]
|-damage|p2a: Milotic|74/100|[from] Sandstorm
|-heal|p2a: Milotic|80/100|[from] item: Leftovers
|-heal|p1a: Swampert|100/100|[from] item: Leftovers
|upkeep
|turn|133
|
|t:|1728760189
|move|p2a: Milotic|Refresh||[still]
|-fail|p2a: Milotic
|move|p1a: Swampert|Surf|p2a: Milotic
|-resisted|p2a: Milotic
|-damage|p2a: Milotic|70/100
|
|-weather|Sandstorm|[upkeep]
|-damage|p2a: Milotic|64/100|[from] Sandstorm
|-heal|p2a: Milotic|70/100|[from] item: Leftovers
|upkeep
|turn|134
|
|t:|1728760193
|move|p2a: Milotic|Recover|p2a: Milotic
|-heal|p2a: Milotic|100/100
|move|p1a: Swampert|Surf|p2a: Milotic
|-resisted|p2a: Milotic
|-damage|p2a: Milotic|91/100
|
|-weather|Sandstorm|[upkeep]
|-damage|p2a: Milotic|85/100|[from] Sandstorm
|-heal|p2a: Milotic|91/100|[from] item: Leftovers
|upkeep
|turn|135
|
|t:|1728760199
|move|p2a: Milotic|Refresh||[still]
|-fail|p2a: Milotic
|move|p1a: Swampert|Surf|p2a: Milotic
|-resisted|p2a: Milotic
|-damage|p2a: Milotic|81/100
|
|-weather|Sandstorm|[upkeep]
|-damage|p2a: Milotic|75/100|[from] Sandstorm
|-heal|p2a: Milotic|81/100|[from] item: Leftovers
|upkeep
|turn|136
|
|t:|1728760204
|move|p2a: Milotic|Refresh||[still]
|-fail|p2a: Milotic
|move|p1a: Swampert|Surf|p2a: Milotic
|-resisted|p2a: Milotic
|-damage|p2a: Milotic|71/100
|
|-weather|Sandstorm|[upkeep]
|-damage|p2a: Milotic|65/100|[from] Sandstorm
|-heal|p2a: Milotic|71/100|[from] item: Leftovers
|upkeep
|turn|137
|
|t:|1728760216
|move|p2a: Milotic|Recover|p2a: Milotic
|-heal|p2a: Milotic|100/100
|move|p1a: Swampert|Surf|p2a: Milotic
|-resisted|p2a: Milotic
|-damage|p2a: Milotic|91/100
|
|-weather|Sandstorm|[upkeep]
|-damage|p2a: Milotic|85/100|[from] Sandstorm
|-heal|p2a: Milotic|91/100|[from] item: Leftovers
|upkeep
|turn|138
|
|t:|1728760221
|move|p2a: Milotic|Refresh||[still]
|-fail|p2a: Milotic
|move|p1a: Swampert|Surf|p2a: Milotic
|-resisted|p2a: Milotic
|-damage|p2a: Milotic|80/100
|
|-weather|Sandstorm|[upkeep]
|-damage|p2a: Milotic|74/100|[from] Sandstorm
|-heal|p2a: Milotic|80/100|[from] item: Leftovers
|upkeep
|turn|139
|
|t:|1728760230
|move|p2a: Milotic|Refresh||[still]
|-fail|p2a: Milotic
|move|p1a: Swampert|Surf|p2a: Milotic
|-resisted|p2a: Milotic
|-damage|p2a: Milotic|70/100
|
|-weather|Sandstorm|[upkeep]
|-damage|p2a: Milotic|64/100|[from] Sandstorm
|-heal|p2a: Milotic|70/100|[from] item: Leftovers
|upkeep
|turn|140
|
|t:|1728760234
|move|p2a: Milotic|Recover|p2a: Milotic
|-heal|p2a: Milotic|100/100
|move|p1a: Swampert|Refresh||[still]
|-fail|p1a: Swampert
|
|-weather|Sandstorm|[upkeep]
|-damage|p2a: Milotic|94/100|[from] Sandstorm
|-heal|p2a: Milotic|100/100|[from] item: Leftovers
|upkeep
|turn|141
|inactive|lt. pickles has 240 seconds left.
|
|t:|1728760245
|switch|p2a: Blissey|Blissey, F|73/100
|-damage|p2a: Blissey|48/100|[from] Spikes
|move|p1a: Swampert|Surf|p2a: Blissey
|-damage|p2a: Blissey|37/100
|
|-weather|Sandstorm|[upkeep]
|-damage|p2a: Blissey|31/100|[from] Sandstorm
|-heal|p2a: Blissey|37/100|[from] item: Leftovers
|upkeep
|turn|142
|
|t:|1728760252
|move|p1a: Swampert|Toxic|p2a: Blissey
|-status|p2a: Blissey|tox
|move|p2a: Blissey|Soft-Boiled|p2a: Blissey
|-heal|p2a: Blissey|87/100 tox
|
|-weather|Sandstorm|[upkeep]
|-damage|p2a: Blissey|81/100 tox|[from] Sandstorm
|-heal|p2a: Blissey|87/100 tox|[from] item: Leftovers
|-damage|p2a: Blissey|81/100 tox|[from] psn
|upkeep
|turn|143
|
|t:|1728760258
|-curestatus|p2a: Blissey|tox|[from] ability: Natural Cure
|switch|p2a: Milotic|Milotic, M|100/100
|-damage|p2a: Milotic|76/100|[from] Spikes
|move|p1a: Swampert|Surf|p2a: Milotic
|-resisted|p2a: Milotic
|-damage|p2a: Milotic|66/100
|
|-weather|Sandstorm|[upkeep]
|-damage|p2a: Milotic|60/100|[from] Sandstorm
|-heal|p2a: Milotic|66/100|[from] item: Leftovers
|upkeep
|turn|144
|
|t:|1728760265
|move|p2a: Milotic|Refresh||[still]
|-fail|p2a: Milotic
|move|p1a: Swampert|Refresh||[still]
|-fail|p1a: Swampert
|
|-weather|Sandstorm|[upkeep]
|-damage|p2a: Milotic|60/100|[from] Sandstorm
|-heal|p2a: Milotic|66/100|[from] item: Leftovers
|upkeep
|turn|145
|
|t:|1728760270
|move|p2a: Milotic|Recover|p2a: Milotic
|-heal|p2a: Milotic|100/100
|move|p1a: Swampert|Refresh||[still]
|-fail|p1a: Swampert
|
|-weather|Sandstorm|[upkeep]
|-damage|p2a: Milotic|94/100|[from] Sandstorm
|-heal|p2a: Milotic|100/100|[from] item: Leftovers
|upkeep
|turn|146
|
|t:|1728760278
|switch|p2a: Blissey|Blissey, F|81/100
|-damage|p2a: Blissey|56/100|[from] Spikes
|move|p1a: Swampert|Surf|p2a: Blissey
|-damage|p2a: Blissey|45/100
|
|-weather|Sandstorm|[upkeep]
|-damage|p2a: Blissey|39/100|[from] Sandstorm
|-heal|p2a: Blissey|45/100|[from] item: Leftovers
|upkeep
|turn|147
|
|t:|1728760283
|move|p1a: Swampert|Refresh||[still]
|-fail|p1a: Swampert
|move|p2a: Blissey|Soft-Boiled|p2a: Blissey
|-heal|p2a: Blissey|95/100
|
|-weather|Sandstorm|[upkeep]
|-damage|p2a: Blissey|89/100|[from] Sandstorm
|-heal|p2a: Blissey|95/100|[from] item: Leftovers
|upkeep
|turn|148
|
|t:|1728760298
|move|p1a: Swampert|Refresh||[still]
|-fail|p1a: Swampert
|move|p2a: Blissey|Ice Beam|p1a: Swampert
|-damage|p1a: Swampert|81/100
|
|-weather|Sandstorm|[upkeep]
|-damage|p2a: Blissey|89/100|[from] Sandstorm
|-heal|p1a: Swampert|87/100|[from] item: Leftovers
|-heal|p2a: Blissey|95/100|[from] item: Leftovers
|upkeep
|turn|149
|
|t:|1728760309
|switch|p2a: Milotic|Milotic, M|100/100
|-damage|p2a: Milotic|76/100|[from] Spikes
|move|p1a: Swampert|Refresh||[still]
|-fail|p1a: Swampert
|
|-weather|Sandstorm|[upkeep]
|-damage|p2a: Milotic|70/100|[from] Sandstorm
|-heal|p2a: Milotic|76/100|[from] item: Leftovers
|-heal|p1a: Swampert|93/100|[from] item: Leftovers
|upkeep
|turn|150
|
|t:|1728760318
|move|p2a: Milotic|Refresh||[still]
|-fail|p2a: Milotic
|move|p1a: Swampert|Refresh||[still]
|-fail|p1a: Swampert
|
|-weather|Sandstorm|[upkeep]
|-damage|p2a: Milotic|70/100|[from] Sandstorm
|-heal|p2a: Milotic|76/100|[from] item: Leftovers
|-heal|p1a: Swampert|99/100|[from] item: Leftovers
|upkeep
|turn|151
|
|t:|1728760325
|move|p2a: Milotic|Refresh||[still]
|-fail|p2a: Milotic
|move|p1a: Swampert|Refresh||[still]
|-fail|p1a: Swampert
|
|-weather|Sandstorm|[upkeep]
|-damage|p2a: Milotic|70/100|[from] Sandstorm
|-heal|p2a: Milotic|76/100|[from] item: Leftovers
|-heal|p1a: Swampert|100/100|[from] item: Leftovers
|upkeep
|turn|152
|
|t:|1728760335
|move|p2a: Milotic|Toxic|p1a: Swampert
|-status|p1a: Swampert|tox
|move|p1a: Swampert|Refresh|p1a: Swampert
|-curestatus|p1a: Swampert|tox|[msg]
|
|-weather|Sandstorm|[upkeep]
|-damage|p2a: Milotic|70/100|[from] Sandstorm
|-heal|p2a: Milotic|76/100|[from] item: Leftovers
|upkeep
|turn|153
|
|t:|1728760340
|move|p2a: Milotic|Refresh||[still]
|-fail|p2a: Milotic
|move|p1a: Swampert|Refresh||[still]
|-fail|p1a: Swampert
|
|-weather|Sandstorm|[upkeep]
|-damage|p2a: Milotic|70/100|[from] Sandstorm
|-heal|p2a: Milotic|76/100|[from] item: Leftovers
|upkeep
|turn|154
|
|t:|1728760346
|move|p2a: Milotic|Recover|p2a: Milotic
|-heal|p2a: Milotic|100/100
|move|p1a: Swampert|Refresh||[still]
|-fail|p1a: Swampert
|
|-weather|Sandstorm|[upkeep]
|-damage|p2a: Milotic|94/100|[from] Sandstorm
|-heal|p2a: Milotic|100/100|[from] item: Leftovers
|upkeep
|turn|155
|
|t:|1728760351
|switch|p2a: Blissey|Blissey, F|95/100
|-damage|p2a: Blissey|70/100|[from] Spikes
|move|p1a: Swampert|Refresh||[still]
|-fail|p1a: Swampert
|
|-weather|Sandstorm|[upkeep]
|-damage|p2a: Blissey|64/100|[from] Sandstorm
|-heal|p2a: Blissey|70/100|[from] item: Leftovers
|upkeep
|turn|156
|
|t:|1728760356
|move|p1a: Swampert|Refresh||[still]
|-fail|p1a: Swampert
|move|p2a: Blissey|Seismic Toss|p1a: Swampert
|-damage|p1a: Swampert|76/100
|
|-weather|Sandstorm|[upkeep]
|-damage|p2a: Blissey|64/100|[from] Sandstorm
|-heal|p1a: Swampert|82/100|[from] item: Leftovers
|-heal|p2a: Blissey|70/100|[from] item: Leftovers
|upkeep
|turn|157
|
|t:|1728760360
|move|p1a: Swampert|Surf|p2a: Blissey
|-damage|p2a: Blissey|58/100
|move|p2a: Blissey|Ice Beam|p1a: Swampert
|-damage|p1a: Swampert|63/100
|
|-weather|Sandstorm|[upkeep]
|-damage|p2a: Blissey|52/100|[from] Sandstorm
|-heal|p1a: Swampert|69/100|[from] item: Leftovers
|-heal|p2a: Blissey|58/100|[from] item: Leftovers
|upkeep
|turn|158
|
|t:|1728760370
|move|p1a: Swampert|Refresh||[still]
|-fail|p1a: Swampert
|move|p2a: Blissey|Seismic Toss|p1a: Swampert
|-damage|p1a: Swampert|44/100
|
|-weather|Sandstorm|[upkeep]
|-damage|p2a: Blissey|52/100|[from] Sandstorm
|-heal|p1a: Swampert|51/100|[from] item: Leftovers
|-heal|p2a: Blissey|58/100|[from] item: Leftovers
|upkeep
|turn|159
|
|t:|1728760382
|move|p1a: Swampert|Protect|p1a: Swampert
|-singleturn|p1a: Swampert|Protect
|move|p2a: Blissey|Ice Beam|p1a: Swampert
|-activate|p1a: Swampert|Protect
|
|-weather|Sandstorm|[upkeep]
|-damage|p2a: Blissey|52/100|[from] Sandstorm
|-heal|p1a: Swampert|57/100|[from] item: Leftovers
|-heal|p2a: Blissey|58/100|[from] item: Leftovers
|upkeep
|turn|160
|
|t:|1728760389
|move|p1a: Swampert|Surf|p2a: Blissey
|-damage|p2a: Blissey|46/100
|move|p2a: Blissey|Seismic Toss|p1a: Swampert
|-damage|p1a: Swampert|32/100
|
|-weather|Sandstorm|[upkeep]
|-damage|p2a: Blissey|40/100|[from] Sandstorm
|-heal|p1a: Swampert|38/100|[from] item: Leftovers
|-heal|p2a: Blissey|46/100|[from] item: Leftovers
|upkeep
|turn|161
|
|t:|1728760398
|move|p1a: Swampert|Toxic|p2a: Blissey
|-status|p2a: Blissey|tox
|move|p2a: Blissey|Soft-Boiled|p2a: Blissey
|-heal|p2a: Blissey|96/100 tox
|
|-weather|Sandstorm|[upkeep]
|-damage|p2a: Blissey|90/100 tox|[from] Sandstorm
|-heal|p1a: Swampert|44/100|[from] item: Leftovers
|-heal|p2a: Blissey|96/100 tox|[from] item: Leftovers
|-damage|p2a: Blissey|90/100 tox|[from] psn
|upkeep
|turn|162
|
|t:|1728760402
|move|p1a: Swampert|Refresh||[still]
|-fail|p1a: Swampert
|move|p2a: Blissey|Aromatherapy|p2a: Blissey
|-cureteam|p2a: Blissey|[from] move: Aromatherapy
|
|-weather|Sandstorm|[upkeep]
|-damage|p2a: Blissey|84/100|[from] Sandstorm
|-heal|p1a: Swampert|51/100|[from] item: Leftovers
|-heal|p2a: Blissey|90/100|[from] item: Leftovers
|upkeep
|turn|163
|
|t:|1728760409
|move|p1a: Swampert|Protect|p1a: Swampert
|-singleturn|p1a: Swampert|Protect
|move|p2a: Blissey|Seismic Toss|p1a: Swampert
|-activate|p1a: Swampert|Protect
|
|-weather|Sandstorm|[upkeep]
|-damage|p2a: Blissey|84/100|[from] Sandstorm
|-heal|p1a: Swampert|57/100|[from] item: Leftovers
|-heal|p2a: Blissey|90/100|[from] item: Leftovers
|upkeep
|turn|164
|
|t:|1728760419
|move|p1a: Swampert|Surf|p2a: Blissey
|-damage|p2a: Blissey|78/100
|move|p2a: Blissey|Seismic Toss|p1a: Swampert
|-damage|p1a: Swampert|32/100
|
|-weather|Sandstorm|[upkeep]
|-damage|p2a: Blissey|72/100|[from] Sandstorm
|-heal|p1a: Swampert|38/100|[from] item: Leftovers
|-heal|p2a: Blissey|78/100|[from] item: Leftovers
|upkeep
|turn|165
|
|t:|1728760425
|move|p1a: Swampert|Protect|p1a: Swampert
|-singleturn|p1a: Swampert|Protect
|move|p2a: Blissey|Seismic Toss|p1a: Swampert
|-activate|p1a: Swampert|Protect
|
|-weather|Sandstorm|[upkeep]
|-damage|p2a: Blissey|72/100|[from] Sandstorm
|-heal|p1a: Swampert|44/100|[from] item: Leftovers
|-heal|p2a: Blissey|78/100|[from] item: Leftovers
|upkeep
|turn|166
|
|t:|1728760431
|move|p1a: Swampert|Surf|p2a: Blissey
|-damage|p2a: Blissey|67/100
|move|p2a: Blissey|Seismic Toss|p1a: Swampert
|-damage|p1a: Swampert|20/100
|
|-weather|Sandstorm|[upkeep]
|-damage|p2a: Blissey|60/100|[from] Sandstorm
|-heal|p1a: Swampert|26/100|[from] item: Leftovers
|-heal|p2a: Blissey|67/100|[from] item: Leftovers
|upkeep
|turn|167
|
|t:|1728760435
|move|p1a: Swampert|Protect|p1a: Swampert
|-singleturn|p1a: Swampert|Protect
|move|p2a: Blissey|Soft-Boiled|p2a: Blissey
|-heal|p2a: Blissey|100/100
|
|-weather|Sandstorm|[upkeep]
|-damage|p2a: Blissey|94/100|[from] Sandstorm
|-heal|p1a: Swampert|32/100|[from] item: Leftovers
|-heal|p2a: Blissey|100/100|[from] item: Leftovers
|upkeep
|turn|168
|
|t:|1728760441
|move|p1a: Swampert|Toxic|p2a: Blissey
|-status|p2a: Blissey|tox
|move|p2a: Blissey|Seismic Toss|p1a: Swampert
|-damage|p1a: Swampert|7/100
|
|-weather|Sandstorm|[upkeep]
|-damage|p2a: Blissey|94/100 tox|[from] Sandstorm
|-heal|p1a: Swampert|13/100|[from] item: Leftovers
|-heal|p2a: Blissey|100/100 tox|[from] item: Leftovers
|-damage|p2a: Blissey|94/100 tox|[from] psn
|upkeep
|turn|169
|
|t:|1728760446
|move|p1a: Swampert|Surf|p2a: Blissey
|-damage|p2a: Blissey|77/100 tox
|move|p2a: Blissey|Seismic Toss|p1a: Swampert
|-damage|p1a: Swampert|0 fnt
|faint|p1a: Swampert
|
|win|lt. pickles
|c|☆B.B.H00D|gg
|player|p1|
|c|☆lt. pickles|ggs

</script>
<script type="application/json" class="data" id="replaydata-smogtours-gen3ou-797667">
{"id":"smogtours-gen3ou-797667","format":"[Gen 3] OU","players":["B.B.H00D","lt. pickles"],"uploadtime":1728760446,"views":98,"formatid":"gen3ou","rating":null,"private":0,"password":null}
</script>

<script defer src="js/replays.js?9d40a366"></script>
