<!DOCTYPE html>
<meta charset="utf-8" />
<meta name="viewport" content="width=device-width" />

<title>[Gen 3] OU: Oskari SOSA vs. ThisGuyMuks - Replays - Pok&eacute;mon Showdown!</title>

<meta name="description" content="Watch a replay of a Pok&eacute;mon battle between Oskari SOSA and ThisGuyMuks! Format: [Gen 3] OU; Date: Oct 23, 2024" />
<!--

Hey, you! Looking in the source for the replay log?

You can find them in JSON format, just add `.json` at the end of a replay URL.

https://replay.pokemonshowdown.com/gen7randomdoublesbattle-865046831.json

Or, if you only need the log itself, add `.log` instead:

https://replay.pokemonshowdown.com/gen7randomdoublesbattle-865046831.log

-->

<link rel="stylesheet" href="//pokemonshowdown.com/style/global.css?0.023195364461161105" />
<link rel="stylesheet" href="//play.pokemonshowdown.com/style/font-awesome.css?0.13261647063804238" />
<link rel="stylesheet" href="//play.pokemonshowdown.com/style/battle.css?0.8753245789963631" />
<link rel="stylesheet" href="//play.pokemonshowdown.com/style/utilichart.css?0.8627959624976733" />

<!-- Global site tag (gtag.js) - Google Analytics -->
<script async src="https://www.googletagmanager.com/gtag/js?id=UA-26211653-1"></script>
<script>
  window.dataLayer = window.dataLayer || [];
  function gtag(){dataLayer.push(arguments);}
  gtag('js', new Date());

  gtag('config', 'UA-26211653-1');
</script>
<!-- End Google Analytics -->
<!-- Venatus Ad Manager - Install in <HEAD> of page -->
	<script src="https://hb.vntsm.com/v3/live/ad-manager.min.js" type="text/javascript" data-site-id="642aba63ec9a7b11c3c9c1be" data-mode="scan" async></script>
<!-- / Venatus Ad Manager -->

<style>
	@media (max-width:820px) {
		.battle {
			margin: 0 auto;
		}
		.battle-log {
			margin: 7px auto 0;
			max-width: 640px;
			height: 300px;
			position: static;
		}
	}
	.optgroup {
		display: inline-block;
		line-height: 22px;
		font-size: 10pt;
	}
	.optgroup .button {
		height: 25px;
		padding-top: 0;
		padding-bottom: 0;
	}
	.optgroup button.button {
		padding-left: 12px;
		padding-right: 12px;
	}
	.linklist {
		list-style: none;
		margin: 0.5em 0;
		padding: 0;
	}
	.linklist li {
		padding: 2px 0;
	}
	.sidebar {
		float: left;
		width: 320px;
	}
	.bar-wrapper {
		max-width: 1100px;
		margin: 0 auto;
	}
	.bar-wrapper.has-sidebar {
		max-width: 1430px;
	}
	.mainbar {
		margin: 0;
		padding-right: 1px;
	}
	.mainbar.has-sidebar {
		margin-left: 330px;
	}
	@media (min-width: 1511px) {
		.sidebar {
			width: 400px;
		}
		.bar-wrapper.has-sidebar {
			max-width: 1510px;
		}
		.mainbar.has-sidebar {
			margin-left: 410px;
		}
	}
	.section.first-section {
		margin-top: 9px;
	}
	.blocklink small {
		white-space: normal;
	}
	.button {
		vertical-align: middle;
	}
	.replay-controls {
		padding-top: 10px;
	}
	.replay-controls h1 {
		font-size: 16pt;
		font-weight: normal;
		color: #CCC;
	}
	.pagelink {
		text-align: center;
	}
	.pagelink a {
		width: 150px;
	}
	.textbox, .button {
		font-size: 11pt;
		vertical-align: middle;
	}
	@media (max-width: 450px) {
		.button {
			font-size: 9pt;
		}
	}
</style>

<div>

	<header>
		<div class="nav-wrapper"><ul class="nav">
			<li><a class="button nav-first" href="//pokemonshowdown.com/"><img src="//pokemonshowdown.com/images/pokemonshowdownbeta.png" srcset="//pokemonshowdown.com/images/pokemonshowdownbeta.png 1x, //pokemonshowdown.com/images/pokemonshowdownbeta@2x.png 2x" alt="Pok&eacute;mon Showdown" width="146" height="44" /> Home</a></li>
			<li><a class="button" href="//pokemonshowdown.com/dex/">Pok&eacute;dex</a></li>
			<li><a class="button cur" href="/">Replays</a></li>
			<li><a class="button" href="//pokemonshowdown.com/ladder/">Ladder</a></li>
			<li><a class="button nav-last" href="//pokemonshowdown.com/forums/">Forum</a></li>
			<li><a class="button greenbutton nav-first nav-last" href="//play.pokemonshowdown.com/">Play</a></li>
		</ul></div>
	</header>

	<div class="main" id="main">

		<noscript><section class="section">You need to enable JavaScript to use this page; sorry!</section></noscript>

	</div>

</div>

<script defer nomodule src="//play.pokemonshowdown.com/js/lib/ps-polyfill.js"></script>
<script defer src="//play.pokemonshowdown.com/js/lib/preact.min.js"></script>

<script defer src="//play.pokemonshowdown.com/config/config.js?2bddbc15"></script>
<script defer src="//play.pokemonshowdown.com/js/lib/jquery-1.11.0.min.js"></script>
<script defer src="//play.pokemonshowdown.com/js/lib/html-sanitizer-minified.js"></script>
<script defer src="//play.pokemonshowdown.com/js/battle-sound.js"></script>
<script defer src="//play.pokemonshowdown.com/js/battledata.js?0.7209276989879541"></script>
<script defer src="//play.pokemonshowdown.com/data/pokedex-mini.js?0.6111056340867951"></script>
<script defer src="//play.pokemonshowdown.com/data/pokedex-mini-bw.js?0.3532142036491459"></script>
<script defer src="//play.pokemonshowdown.com/data/graphics.js?0.24223875632456182"></script>
<script defer src="//play.pokemonshowdown.com/data/pokedex.js?0.38839984266356864"></script>
<script defer src="//play.pokemonshowdown.com/data/moves.js?0.21866028504024015"></script>
<script defer src="//play.pokemonshowdown.com/data/abilities.js?0.2005157953846628"></script>
<script defer src="//play.pokemonshowdown.com/data/items.js?0.9894211263848525"></script>
<script defer src="//play.pokemonshowdown.com/data/teambuilder-tables.js?0.6008791140282215"></script>
<script defer src="//play.pokemonshowdown.com/js/battle-tooltips.js?0.7580118955022959"></script>
<script defer src="//play.pokemonshowdown.com/js/battle.js?0.6057722274234274"></script>

<script defer src="js/utils.js?e31f9a17"></script>
<script defer src="js/replays-battle.js?7008c182"></script>

<!-- don't scrape this data! just add .json or .log after the URL!
Full API docs: https://github.com/smogon/pokemon-showdown-client/blob/master/WEB-API.md -->
<script type="text/plain" class="log" id="replaylog-smogtours-gen3ou-801337">
|inactive|Battle timer is ON: inactive players will automatically lose when time's up.
|t:|1729650037
|gametype|singles
|player|p1|Oskari SOSA|giovanni|
|player|p2|ThisGuyMuks|2|
|teamsize|p1|6
|teamsize|p2|6
|gen|3
|tier|[Gen 3] OU
|rule|Sleep Clause Mod: Limit one foe put to sleep
|rule|Switch Priority Clause Mod: Faster Pokémon switch first
|rule|Species Clause: Limit one of each Pokémon
|rule|OHKO Clause: OHKO moves are banned
|rule|Evasion Items Clause: Evasion items are banned
|rule|Evasion Moves Clause: Evasion moves are banned
|rule|Endless Battle Clause: Forcing endless battles is banned
|rule|HP Percentage Mod: HP is shown in percentages
|rule|One Boost Passer Clause: Limit one Baton Passer that has a way to boost its stats
|rule|Freeze Clause Mod: Limit one foe frozen
|
|t:|1729650037
|start
|switch|p1a: Tyranitar|Tyranitar, F|100/100
|switch|p2a: Tyranitar|Tyranitar, M|100/100
|-weather|Sandstorm|[from] ability: Sand Stream|[of] p1a: Tyranitar
|turn|1
|
|t:|1729650049
|switch|p1a: Skarmory|Skarmory, F|100/100
|switch|p2a: Skarmory|Skarmory, M|100/100
|
|-weather|Sandstorm|[upkeep]
|upkeep
|turn|2
|
|t:|1729650056
|move|p2a: Skarmory|Spikes|p1a: Skarmory
|-sidestart|p1: Oskari SOSA|Spikes
|move|p1a: Skarmory|Spikes|p2a: Skarmory
|-sidestart|p2: ThisGuyMuks|Spikes
|
|-weather|Sandstorm|[upkeep]
|upkeep
|turn|3
|
|t:|1729650062
|move|p1a: Skarmory|Spikes|p2a: Skarmory
|-sidestart|p2: ThisGuyMuks|Spikes
|move|p2a: Skarmory|Spikes|p1a: Skarmory
|-sidestart|p1: Oskari SOSA|Spikes
|
|-weather|Sandstorm|[upkeep]
|upkeep
|turn|4
|
|t:|1729650067
|move|p2a: Skarmory|Spikes|p1a: Skarmory
|-sidestart|p1: Oskari SOSA|Spikes
|move|p1a: Skarmory|Spikes|p2a: Skarmory
|-sidestart|p2: ThisGuyMuks|Spikes
|
|-weather|Sandstorm|[upkeep]
|upkeep
|turn|5
|
|t:|1729650073
|move|p2a: Skarmory|Roar|p1a: Skarmory
|drag|p1a: Swampert|Swampert, F|100/100
|-damage|p1a: Swampert|75/100|[from] Spikes
|
|-weather|Sandstorm|[upkeep]
|-heal|p1a: Swampert|82/100|[from] item: Leftovers
|upkeep
|turn|6
|
|t:|1729650082
|move|p1a: Swampert|Surf|p2a: Skarmory
|-damage|p2a: Skarmory|72/100
|move|p2a: Skarmory|Roar|p1a: Swampert
|drag|p1a: Aerodactyl|Aerodactyl, F|100/100
|
|-weather|Sandstorm|[upkeep]
|-heal|p2a: Skarmory|78/100|[from] item: Leftovers
|upkeep
|turn|7
|
|t:|1729650090
|switch|p1a: Skarmory|Skarmory, F|100/100
|move|p2a: Skarmory|Toxic|p1a: Skarmory
|-immune|p1a: Skarmory
|
|-weather|Sandstorm|[upkeep]
|-heal|p2a: Skarmory|84/100|[from] item: Leftovers
|upkeep
|turn|8
|
|t:|1729650095
|move|p2a: Skarmory|Roar|p1a: Skarmory
|drag|p1a: Tyranitar|Tyranitar, F|100/100
|-damage|p1a: Tyranitar|75/100|[from] Spikes
|
|-weather|Sandstorm|[upkeep]
|-heal|p1a: Tyranitar|82/100|[from] item: Leftovers
|-heal|p2a: Skarmory|90/100|[from] item: Leftovers
|upkeep
|turn|9
|
|t:|1729650103
|switch|p1a: Zapdos|Zapdos|100/100
|move|p2a: Skarmory|Toxic|p1a: Zapdos|[miss]
|-miss|p2a: Skarmory|p1a: Zapdos
|
|-weather|Sandstorm|[upkeep]
|-damage|p1a: Zapdos|94/100|[from] Sandstorm
|-heal|p1a: Zapdos|100/100|[from] item: Leftovers
|-heal|p2a: Skarmory|96/100|[from] item: Leftovers
|upkeep
|turn|10
|
|t:|1729650112
|switch|p2a: Claydol|Claydol|100/100
|move|p1a: Zapdos|Thunderbolt|p2a: Claydol
|-immune|p2a: Claydol
|
|-weather|Sandstorm|[upkeep]
|-damage|p1a: Zapdos|94/100|[from] Sandstorm
|-heal|p1a: Zapdos|100/100|[from] item: Leftovers
|upkeep
|turn|11
|
|t:|1729650123
|move|p1a: Zapdos|Toxic|p2a: Claydol|[miss]
|-miss|p1a: Zapdos|p2a: Claydol
|move|p2a: Claydol|Shadow Ball|p1a: Zapdos
|-damage|p1a: Zapdos|81/100
|
|-weather|Sandstorm|[upkeep]
|-damage|p1a: Zapdos|75/100|[from] Sandstorm
|-heal|p1a: Zapdos|81/100|[from] item: Leftovers
|upkeep
|turn|12
|
|t:|1729650129
|move|p1a: Zapdos|Toxic|p2a: Claydol
|-status|p2a: Claydol|tox
|move|p2a: Claydol|Rapid Spin|p1a: Zapdos
|-damage|p1a: Zapdos|76/100
|-sideend|p2: ThisGuyMuks|Spikes|[from] move: Rapid Spin|[of] p2a: Claydol
|
|-weather|Sandstorm|[upkeep]
|-damage|p1a: Zapdos|70/100|[from] Sandstorm
|-heal|p1a: Zapdos|76/100|[from] item: Leftovers
|-damage|p2a: Claydol|95/100 tox|[from] psn
|upkeep
|turn|13
|
|t:|1729650136
|move|p1a: Zapdos|Hidden Power|p2a: Claydol
|-supereffective|p2a: Claydol
|-damage|p2a: Claydol|53/100 tox
|move|p2a: Claydol|Refresh|p2a: Claydol
|-curestatus|p2a: Claydol|tox|[msg]
|
|-weather|Sandstorm|[upkeep]
|-damage|p1a: Zapdos|70/100|[from] Sandstorm
|-heal|p1a: Zapdos|76/100|[from] item: Leftovers
|-heal|p2a: Claydol|59/100|[from] item: Leftovers
|upkeep
|turn|14
|
|t:|1729650145
|switch|p2a: Blissey|Blissey, F|100/100
|move|p1a: Zapdos|Hidden Power|p2a: Blissey
|-damage|p2a: Blissey|91/100
|
|-weather|Sandstorm|[upkeep]
|-damage|p1a: Zapdos|70/100|[from] Sandstorm
|-damage|p2a: Blissey|85/100|[from] Sandstorm
|-heal|p1a: Zapdos|76/100|[from] item: Leftovers
|-heal|p2a: Blissey|91/100|[from] item: Leftovers
|upkeep
|turn|15
|
|t:|1729650152
|switch|p1a: Skarmory|Skarmory, F|100/100
|move|p2a: Blissey|Calm Mind|p2a: Blissey
|-boost|p2a: Blissey|spa|1
|-boost|p2a: Blissey|spd|1
|
|-weather|Sandstorm|[upkeep]
|-damage|p2a: Blissey|85/100|[from] Sandstorm
|-heal|p2a: Blissey|91/100|[from] item: Leftovers
|upkeep
|turn|16
|
|t:|1729650158
|switch|p1a: Tyranitar|Tyranitar, F|82/100
|-damage|p1a: Tyranitar|57/100|[from] Spikes
|move|p2a: Blissey|Thunderbolt|p1a: Tyranitar
|-damage|p1a: Tyranitar|25/100
|
|-weather|Sandstorm|[upkeep]
|-damage|p2a: Blissey|85/100|[from] Sandstorm
|-heal|p1a: Tyranitar|31/100|[from] item: Leftovers
|-heal|p2a: Blissey|91/100|[from] item: Leftovers
|upkeep
|turn|17
|
|t:|1729650164
|move|p1a: Tyranitar|Rock Slide|p2a: Blissey
|-damage|p2a: Blissey|50/100
|move|p2a: Blissey|Ice Beam|p1a: Tyranitar
|-damage|p1a: Tyranitar|0 fnt
|faint|p1a: Tyranitar
|
|t:|1729650169
|switch|p1a: Aerodactyl|Aerodactyl, F|100/100
|
|-weather|Sandstorm|[upkeep]
|-damage|p2a: Blissey|44/100|[from] Sandstorm
|-heal|p2a: Blissey|50/100|[from] item: Leftovers
|upkeep
|turn|18
|
|t:|1729650175
|switch|p2a: Skarmory|Skarmory, M|96/100
|move|p1a: Aerodactyl|Rock Slide|p2a: Skarmory
|-damage|p2a: Skarmory|59/100
|
|-weather|Sandstorm|[upkeep]
|-heal|p2a: Skarmory|65/100|[from] item: Leftovers
|upkeep
|turn|19
|
|t:|1729650182
|switch|p1a: Gengar|Gengar, F|100/100
|move|p2a: Skarmory|Toxic|p1a: Gengar
|-immune|p1a: Gengar
|
|-weather|Sandstorm|[upkeep]
|-damage|p1a: Gengar|94/100|[from] Sandstorm
|-heal|p1a: Gengar|100/100|[from] item: Leftovers
|-heal|p2a: Skarmory|71/100|[from] item: Leftovers
|upkeep
|turn|20
|
|t:|1729650204
|move|p1a: Gengar|Will-O-Wisp|p2a: Skarmory
|-status|p2a: Skarmory|brn
|move|p2a: Skarmory|Roar|p1a: Gengar
|drag|p1a: Skarmory|Skarmory, F|100/100
|
|-weather|Sandstorm|[upkeep]
|-heal|p2a: Skarmory|77/100 brn|[from] item: Leftovers
|-damage|p2a: Skarmory|65/100 brn|[from] brn
|upkeep
|turn|21
|
|t:|1729650214
|switch|p2a: Blissey|Blissey, F|50/100
|move|p1a: Skarmory|Spikes|p2a: Blissey
|-sidestart|p2: ThisGuyMuks|Spikes
|
|-weather|Sandstorm|[upkeep]
|-damage|p2a: Blissey|44/100|[from] Sandstorm
|-heal|p2a: Blissey|50/100|[from] item: Leftovers
|upkeep
|turn|22
|
|t:|1729650223
|move|p2a: Blissey|Soft-Boiled|p2a: Blissey
|-heal|p2a: Blissey|99/100
|move|p1a: Skarmory|Roar|p2a: Blissey
|drag|p2a: Tyranitar|Tyranitar, M|100/100
|-damage|p2a: Tyranitar|88/100|[from] Spikes
|
|-weather|Sandstorm|[upkeep]
|-heal|p2a: Tyranitar|94/100|[from] item: Leftovers
|upkeep
|turn|23
|
|t:|1729650230
|switch|p1a: Swampert|Swampert, F|82/100
|-damage|p1a: Swampert|57/100|[from] Spikes
|switch|p2a: Skarmory|Skarmory, M|65/100 brn
|
|-weather|Sandstorm|[upkeep]
|-heal|p2a: Skarmory|71/100 brn|[from] item: Leftovers
|-damage|p2a: Skarmory|59/100 brn|[from] brn
|-heal|p1a: Swampert|63/100|[from] item: Leftovers
|upkeep
|turn|24
|
|t:|1729650235
|move|p1a: Swampert|Protect|p1a: Swampert
|-singleturn|p1a: Swampert|Protect
|move|p2a: Skarmory|Roar|p1a: Swampert
|-activate|p1a: Swampert|Protect
|
|-weather|Sandstorm|[upkeep]
|-heal|p2a: Skarmory|65/100 brn|[from] item: Leftovers
|-damage|p2a: Skarmory|52/100 brn|[from] brn
|-heal|p1a: Swampert|69/100|[from] item: Leftovers
|upkeep
|turn|25
|
|t:|1729650240
|move|p1a: Swampert|Surf|p2a: Skarmory
|-damage|p2a: Skarmory|28/100 brn
|move|p2a: Skarmory|Roar|p1a: Swampert
|drag|p1a: Skarmory|Skarmory, F|100/100
|
|-weather|Sandstorm|[upkeep]
|-heal|p2a: Skarmory|34/100 brn|[from] item: Leftovers
|-damage|p2a: Skarmory|21/100 brn|[from] brn
|upkeep
|turn|26
|
|t:|1729650245
|move|p1a: Skarmory|Spikes|p2a: Skarmory
|-sidestart|p2: ThisGuyMuks|Spikes
|move|p2a: Skarmory|Roar|p1a: Skarmory
|drag|p1a: Gengar|Gengar, F|100/100
|
|-weather|Sandstorm|[upkeep]
|-damage|p1a: Gengar|94/100|[from] Sandstorm
|-heal|p1a: Gengar|100/100|[from] item: Leftovers
|-heal|p2a: Skarmory|27/100 brn|[from] item: Leftovers
|-damage|p2a: Skarmory|15/100 brn|[from] brn
|upkeep
|turn|27
|
|t:|1729650253
|move|p1a: Gengar|Thunderbolt|p2a: Skarmory
|-supereffective|p2a: Skarmory
|-crit|p2a: Skarmory
|-damage|p2a: Skarmory|0 fnt
|faint|p2a: Skarmory
|
|t:|1729650256
|switch|p2a: Blissey|Blissey, F|99/100
|-damage|p2a: Blissey|83/100|[from] Spikes
|
|-weather|Sandstorm|[upkeep]
|-damage|p1a: Gengar|94/100|[from] Sandstorm
|-damage|p2a: Blissey|77/100|[from] Sandstorm
|-heal|p1a: Gengar|100/100|[from] item: Leftovers
|-heal|p2a: Blissey|83/100|[from] item: Leftovers
|upkeep
|turn|28
|
|t:|1729650261
|move|p1a: Gengar|Taunt|p2a: Blissey
|-start|p2a: Blissey|move: Taunt
|move|p2a: Blissey|Ice Beam|p1a: Gengar
|-damage|p1a: Gengar|71/100
|
|-weather|Sandstorm|[upkeep]
|-damage|p1a: Gengar|65/100|[from] Sandstorm
|-damage|p2a: Blissey|77/100|[from] Sandstorm
|-heal|p1a: Gengar|71/100|[from] item: Leftovers
|-heal|p2a: Blissey|83/100|[from] item: Leftovers
|upkeep
|turn|29
|
|t:|1729650271
|switch|p1a: Swampert|Swampert, F|69/100
|-damage|p1a: Swampert|44/100|[from] Spikes
|move|p2a: Blissey|Ice Beam|p1a: Swampert
|-crit|p1a: Swampert
|-damage|p1a: Swampert|4/100
|
|-weather|Sandstorm|[upkeep]
|-damage|p2a: Blissey|77/100|[from] Sandstorm
|-heal|p1a: Swampert|10/100|[from] item: Leftovers
|-heal|p2a: Blissey|83/100|[from] item: Leftovers
|-end|p2a: Blissey|move: Taunt|[silent]
|upkeep
|turn|30
|
|t:|1729650275
|move|p1a: Swampert|Toxic|p2a: Blissey
|-status|p2a: Blissey|tox
|move|p2a: Blissey|Ice Beam|p1a: Swampert
|-damage|p1a: Swampert|0 fnt
|faint|p1a: Swampert
|
|t:|1729650278
|switch|p1a: Aerodactyl|Aerodactyl, F|100/100
|
|-weather|Sandstorm|[upkeep]
|-damage|p2a: Blissey|77/100 tox|[from] Sandstorm
|-heal|p2a: Blissey|83/100 tox|[from] item: Leftovers
|-damage|p2a: Blissey|77/100 tox|[from] psn
|upkeep
|turn|31
|
|t:|1729650298
|-curestatus|p2a: Blissey|tox|[from] ability: Natural Cure
|switch|p2a: Dugtrio|Dugtrio, F|100/100
|-damage|p2a: Dugtrio|84/100|[from] Spikes
|move|p1a: Aerodactyl|Double-Edge|p2a: Dugtrio
|-damage|p2a: Dugtrio|0 fnt
|faint|p2a: Dugtrio
|
|t:|1729650306
|switch|p2a: Tyranitar|Tyranitar, M|94/100
|-damage|p2a: Tyranitar|78/100|[from] Spikes
|
|-weather|Sandstorm|[upkeep]
|-heal|p2a: Tyranitar|84/100|[from] item: Leftovers
|upkeep
|turn|32
|
|t:|1729650310
|switch|p1a: Skarmory|Skarmory, F|100/100
|move|p2a: Tyranitar|Rock Slide|p1a: Skarmory
|-damage|p1a: Skarmory|67/100
|
|-weather|Sandstorm|[upkeep]
|-heal|p1a: Skarmory|73/100|[from] item: Leftovers
|-heal|p2a: Tyranitar|90/100|[from] item: Leftovers
|upkeep
|turn|33
|
|t:|1729650317
|switch|p2a: Claydol|Claydol|59/100
|move|p1a: Skarmory|Protect||[still]
|-fail|p1a: Skarmory
|
|-weather|Sandstorm|[upkeep]
|-heal|p2a: Claydol|65/100|[from] item: Leftovers
|-heal|p1a: Skarmory|79/100|[from] item: Leftovers
|upkeep
|turn|34
|
|t:|1729650323
|move|p2a: Claydol|Rapid Spin|p1a: Skarmory
|-resisted|p1a: Skarmory
|-damage|p1a: Skarmory|77/100
|-sideend|p2: ThisGuyMuks|Spikes|[from] move: Rapid Spin|[of] p2a: Claydol
|move|p1a: Skarmory|Drill Peck|p2a: Claydol
|-damage|p2a: Claydol|42/100
|
|-weather|Sandstorm|[upkeep]
|-heal|p2a: Claydol|48/100|[from] item: Leftovers
|-heal|p1a: Skarmory|83/100|[from] item: Leftovers
|upkeep
|turn|35
|
|t:|1729650327
|switch|p2a: Milotic|Milotic, M|100/100
|move|p1a: Skarmory|Spikes|p2a: Milotic
|-sidestart|p2: ThisGuyMuks|Spikes
|
|-weather|Sandstorm|[upkeep]
|-damage|p2a: Milotic|94/100|[from] Sandstorm
|-heal|p2a: Milotic|100/100|[from] item: Leftovers
|-heal|p1a: Skarmory|89/100|[from] item: Leftovers
|upkeep
|turn|36
|
|t:|1729650331
|move|p1a: Skarmory|Protect|p1a: Skarmory
|-singleturn|p1a: Skarmory|Protect
|move|p2a: Milotic|Surf|p1a: Skarmory
|-activate|p1a: Skarmory|Protect
|
|-weather|Sandstorm|[upkeep]
|-damage|p2a: Milotic|94/100|[from] Sandstorm
|-heal|p2a: Milotic|100/100|[from] item: Leftovers
|-heal|p1a: Skarmory|95/100|[from] item: Leftovers
|upkeep
|turn|37
|
|t:|1729650334
|move|p2a: Milotic|Surf|p1a: Skarmory
|-damage|p1a: Skarmory|67/100
|move|p1a: Skarmory|Spikes|p2a: Milotic
|-sidestart|p2: ThisGuyMuks|Spikes
|
|-weather|Sandstorm|[upkeep]
|-damage|p2a: Milotic|94/100|[from] Sandstorm
|-heal|p2a: Milotic|100/100|[from] item: Leftovers
|-heal|p1a: Skarmory|73/100|[from] item: Leftovers
|upkeep
|turn|38
|
|t:|1729650339
|move|p1a: Skarmory|Protect|p1a: Skarmory
|-singleturn|p1a: Skarmory|Protect
|move|p2a: Milotic|Surf|p1a: Skarmory
|-activate|p1a: Skarmory|Protect
|
|-weather|Sandstorm|[upkeep]
|-damage|p2a: Milotic|94/100|[from] Sandstorm
|-heal|p2a: Milotic|100/100|[from] item: Leftovers
|-heal|p1a: Skarmory|79/100|[from] item: Leftovers
|upkeep
|turn|39
|
|t:|1729650342
|move|p2a: Milotic|Surf|p1a: Skarmory
|-damage|p1a: Skarmory|47/100
|move|p1a: Skarmory|Spikes|p2a: Milotic
|-sidestart|p2: ThisGuyMuks|Spikes
|
|-weather|Sandstorm|[upkeep]
|-damage|p2a: Milotic|94/100|[from] Sandstorm
|-heal|p2a: Milotic|100/100|[from] item: Leftovers
|-heal|p1a: Skarmory|53/100|[from] item: Leftovers
|upkeep
|turn|40
|
|t:|1729650347
|move|p1a: Skarmory|Protect|p1a: Skarmory
|-singleturn|p1a: Skarmory|Protect
|move|p2a: Milotic|Surf|p1a: Skarmory
|-activate|p1a: Skarmory|Protect
|
|-weather|Sandstorm|[upkeep]
|-damage|p2a: Milotic|94/100|[from] Sandstorm
|-heal|p2a: Milotic|100/100|[from] item: Leftovers
|-heal|p1a: Skarmory|59/100|[from] item: Leftovers
|upkeep
|turn|41
|
|t:|1729650350
|switch|p1a: Zapdos|Zapdos|76/100
|move|p2a: Milotic|Surf|p1a: Zapdos
|-damage|p1a: Zapdos|44/100
|
|-weather|Sandstorm|[upkeep]
|-damage|p1a: Zapdos|38/100|[from] Sandstorm
|-damage|p2a: Milotic|94/100|[from] Sandstorm
|-heal|p1a: Zapdos|44/100|[from] item: Leftovers
|-heal|p2a: Milotic|100/100|[from] item: Leftovers
|upkeep
|turn|42
|
|t:|1729650357
|switch|p2a: Blissey|Blissey, F|77/100
|-damage|p2a: Blissey|52/100|[from] Spikes
|move|p1a: Zapdos|Thunderbolt|p2a: Blissey
|-crit|p2a: Blissey
|-damage|p2a: Blissey|18/100
|
|-weather|Sandstorm|[upkeep]
|-damage|p1a: Zapdos|38/100|[from] Sandstorm
|-damage|p2a: Blissey|12/100|[from] Sandstorm
|-heal|p1a: Zapdos|44/100|[from] item: Leftovers
|-heal|p2a: Blissey|18/100|[from] item: Leftovers
|upkeep
|turn|43
|
|t:|1729650364
|move|p1a: Zapdos|Thunderbolt|p2a: Blissey
|-damage|p2a: Blissey|0 fnt
|faint|p2a: Blissey
|c|☆Oskari SOSA|mb
|
|t:|1729650368
|switch|p2a: Tyranitar|Tyranitar, M|90/100
|-damage|p2a: Tyranitar|65/100|[from] Spikes
|
|-weather|Sandstorm|[upkeep]
|-damage|p1a: Zapdos|38/100|[from] Sandstorm
|-heal|p1a: Zapdos|44/100|[from] item: Leftovers
|-heal|p2a: Tyranitar|72/100|[from] item: Leftovers
|upkeep
|turn|44
|
|t:|1729650377
|move|p1a: Zapdos|Toxic|p2a: Tyranitar
|-status|p2a: Tyranitar|tox
|move|p2a: Tyranitar|Rock Slide|p1a: Zapdos
|-supereffective|p1a: Zapdos
|-damage|p1a: Zapdos|0 fnt
|faint|p1a: Zapdos
|
|t:|1729650385
|switch|p1a: Aerodactyl|Aerodactyl, F|100/100
|
|-weather|Sandstorm|[upkeep]
|-heal|p2a: Tyranitar|78/100 tox|[from] item: Leftovers
|-damage|p2a: Tyranitar|72/100 tox|[from] psn
|upkeep
|turn|45
|
|t:|1729650415
|move|p1a: Aerodactyl|Earthquake|p2a: Tyranitar
|-supereffective|p2a: Tyranitar
|-damage|p2a: Tyranitar|5/100 tox
|move|p2a: Tyranitar|Rock Slide|p1a: Aerodactyl
|-supereffective|p1a: Aerodactyl
|-damage|p1a: Aerodactyl|0 fnt
|faint|p1a: Aerodactyl
|
|t:|1729650418
|switch|p1a: Gengar|Gengar, F|71/100
|
|-weather|Sandstorm|[upkeep]
|-damage|p1a: Gengar|65/100|[from] Sandstorm
|-heal|p1a: Gengar|71/100|[from] item: Leftovers
|-heal|p2a: Tyranitar|11/100 tox|[from] item: Leftovers
|-damage|p2a: Tyranitar|0 fnt|[from] psn
|faint|p2a: Tyranitar
|upkeep
|
|t:|1729650428
|switch|p2a: Claydol|Claydol|48/100
|turn|46
|inactive|Oskari SOSA disconnected and has 300 seconds to reconnect!
|player|p1|
|inactive|Oskari SOSA has 270 seconds to reconnect!
|inactive|Oskari SOSA reconnected and has 290 seconds left.
|player|p1|Oskari SOSA|giovanni|
|
|t:|1729650485
|move|p1a: Gengar|Giga Drain|p2a: Claydol
|-supereffective|p2a: Claydol
|-damage|p2a: Claydol|13/100
|-heal|p1a: Gengar|91/100|[from] drain|[of] p2a: Claydol
|move|p2a: Claydol|Shadow Ball|p1a: Gengar
|-supereffective|p1a: Gengar
|-damage|p1a: Gengar|17/100
|
|-weather|Sandstorm|[upkeep]
|-damage|p1a: Gengar|11/100|[from] Sandstorm
|-heal|p1a: Gengar|17/100|[from] item: Leftovers
|-heal|p2a: Claydol|19/100|[from] item: Leftovers
|upkeep
|turn|47
|
|t:|1729650498
|move|p1a: Gengar|Giga Drain|p2a: Claydol
|-supereffective|p2a: Claydol
|-damage|p2a: Claydol|0 fnt
|-heal|p1a: Gengar|27/100|[from] drain|[of] p2a: Claydol
|faint|p2a: Claydol
|
|t:|1729650501
|switch|p2a: Milotic|Milotic, M|100/100
|-damage|p2a: Milotic|76/100|[from] Spikes
|
|-weather|Sandstorm|[upkeep]
|-damage|p1a: Gengar|21/100|[from] Sandstorm
|-damage|p2a: Milotic|69/100|[from] Sandstorm
|-heal|p1a: Gengar|27/100|[from] item: Leftovers
|-heal|p2a: Milotic|76/100|[from] item: Leftovers
|upkeep
|turn|48
|
|t:|1729650504
|move|p1a: Gengar|Giga Drain|p2a: Milotic
|-supereffective|p2a: Milotic
|-damage|p2a: Milotic|45/100
|-heal|p1a: Gengar|49/100|[from] drain|[of] p2a: Milotic
|move|p2a: Milotic|Surf|p1a: Gengar
|-damage|p1a: Gengar|10/100
|
|-weather|Sandstorm|[upkeep]
|-damage|p1a: Gengar|4/100|[from] Sandstorm
|-damage|p2a: Milotic|39/100|[from] Sandstorm
|-heal|p1a: Gengar|10/100|[from] item: Leftovers
|-heal|p2a: Milotic|45/100|[from] item: Leftovers
|upkeep
|turn|49
|
|t:|1729650513
|move|p1a: Gengar|Thunderbolt|p2a: Milotic
|-supereffective|p2a: Milotic
|-damage|p2a: Milotic|4/100
|move|p2a: Milotic|Surf|p1a: Gengar
|-damage|p1a: Gengar|0 fnt
|faint|p1a: Gengar
|
|t:|1729650518
|switch|p1a: Skarmory|Skarmory, F|59/100
|
|-weather|Sandstorm|[upkeep]
|-damage|p2a: Milotic|0 fnt|[from] Sandstorm
|faint|p2a: Milotic
|
|win|Oskari SOSA
|upkeep
|c|☆Oskari SOSA|gg
|c|☆ThisGuyMuks|wp

</script>
<script type="application/json" class="data" id="replaydata-smogtours-gen3ou-801337">
{"id":"smogtours-gen3ou-801337","format":"[Gen 3] OU","players":["Oskari SOSA","ThisGuyMuks"],"uploadtime":1729650518,"views":118,"formatid":"gen3ou","rating":null,"private":0,"password":null}
</script>

<script defer src="js/replays.js?9d40a366"></script>
