<!DOCTYPE html>
<meta charset="utf-8" />
<meta name="viewport" content="width=device-width" />

<title>[Gen 3] OU: CostcoCustomer vs. Mugua - Replays - Pok&eacute;mon Showdown!</title>

<meta name="description" content="Watch a replay of a Pok&eacute;mon battle between CostcoCustomer and Mugua! Format: [Gen 3] OU; Date: Oct 8, 2024" />
<!--

Hey, you! Looking in the source for the replay log?

You can find them in JSON format, just add `.json` at the end of a replay URL.

https://replay.pokemonshowdown.com/gen7randomdoublesbattle-865046831.json

Or, if you only need the log itself, add `.log` instead:

https://replay.pokemonshowdown.com/gen7randomdoublesbattle-865046831.log

-->

<link rel="stylesheet" href="//pokemonshowdown.com/style/global.css?0.023195364461161105" />
<link rel="stylesheet" href="//play.pokemonshowdown.com/style/font-awesome.css?0.13261647063804238" />
<link rel="stylesheet" href="//play.pokemonshowdown.com/style/battle.css?0.8753245789963631" />
<link rel="stylesheet" href="//play.pokemonshowdown.com/style/utilichart.css?0.8627959624976733" />

<!-- Global site tag (gtag.js) - Google Analytics -->
<script async src="https://www.googletagmanager.com/gtag/js?id=UA-26211653-1"></script>
<script>
  window.dataLayer = window.dataLayer || [];
  function gtag(){dataLayer.push(arguments);}
  gtag('js', new Date());

  gtag('config', 'UA-26211653-1');
</script>
<!-- End Google Analytics -->
<!-- Venatus Ad Manager - Install in <HEAD> of page -->
	<script src="https://hb.vntsm.com/v3/live/ad-manager.min.js" type="text/javascript" data-site-id="642aba63ec9a7b11c3c9c1be" data-mode="scan" async></script>
<!-- / Venatus Ad Manager -->

<style>
	@media (max-width:820px) {
		.battle {
			margin: 0 auto;
		}
		.battle-log {
			margin: 7px auto 0;
			max-width: 640px;
			height: 300px;
			position: static;
		}
	}
	.optgroup {
		display: inline-block;
		line-height: 22px;
		font-size: 10pt;
	}
	.optgroup .button {
		height: 25px;
		padding-top: 0;
		padding-bottom: 0;
	}
	.optgroup button.button {
		padding-left: 12px;
		padding-right: 12px;
	}
	.linklist {
		list-style: none;
		margin: 0.5em 0;
		padding: 0;
	}
	.linklist li {
		padding: 2px 0;
	}
	.sidebar {
		float: left;
		width: 320px;
	}
	.bar-wrapper {
		max-width: 1100px;
		margin: 0 auto;
	}
	.bar-wrapper.has-sidebar {
		max-width: 1430px;
	}
	.mainbar {
		margin: 0;
		padding-right: 1px;
	}
	.mainbar.has-sidebar {
		margin-left: 330px;
	}
	@media (min-width: 1511px) {
		.sidebar {
			width: 400px;
		}
		.bar-wrapper.has-sidebar {
			max-width: 1510px;
		}
		.mainbar.has-sidebar {
			margin-left: 410px;
		}
	}
	.section.first-section {
		margin-top: 9px;
	}
	.blocklink small {
		white-space: normal;
	}
	.button {
		vertical-align: middle;
	}
	.replay-controls {
		padding-top: 10px;
	}
	.replay-controls h1 {
		font-size: 16pt;
		font-weight: normal;
		color: #CCC;
	}
	.pagelink {
		text-align: center;
	}
	.pagelink a {
		width: 150px;
	}
	.textbox, .button {
		font-size: 11pt;
		vertical-align: middle;
	}
	@media (max-width: 450px) {
		.button {
			font-size: 9pt;
		}
	}
</style>

<div>

	<header>
		<div class="nav-wrapper"><ul class="nav">
			<li><a class="button nav-first" href="//pokemonshowdown.com/"><img src="//pokemonshowdown.com/images/pokemonshowdownbeta.png" srcset="//pokemonshowdown.com/images/pokemonshowdownbeta.png 1x, //pokemonshowdown.com/images/pokemonshowdownbeta@2x.png 2x" alt="Pok&eacute;mon Showdown" width="146" height="44" /> Home</a></li>
			<li><a class="button" href="//pokemonshowdown.com/dex/">Pok&eacute;dex</a></li>
			<li><a class="button cur" href="/">Replays</a></li>
			<li><a class="button" href="//pokemonshowdown.com/ladder/">Ladder</a></li>
			<li><a class="button nav-last" href="//pokemonshowdown.com/forums/">Forum</a></li>
			<li><a class="button greenbutton nav-first nav-last" href="//play.pokemonshowdown.com/">Play</a></li>
		</ul></div>
	</header>

	<div class="main" id="main">

		<noscript><section class="section">You need to enable JavaScript to use this page; sorry!</section></noscript>

	</div>

</div>

<script defer nomodule src="//play.pokemonshowdown.com/js/lib/ps-polyfill.js"></script>
<script defer src="//play.pokemonshowdown.com/js/lib/preact.min.js"></script>

<script defer src="//play.pokemonshowdown.com/config/config.js?2bddbc15"></script>
<script defer src="//play.pokemonshowdown.com/js/lib/jquery-1.11.0.min.js"></script>
<script defer src="//play.pokemonshowdown.com/js/lib/html-sanitizer-minified.js"></script>
<script defer src="//play.pokemonshowdown.com/js/battle-sound.js"></script>
<script defer src="//play.pokemonshowdown.com/js/battledata.js?0.7209276989879541"></script>
<script defer src="//play.pokemonshowdown.com/data/pokedex-mini.js?0.6111056340867951"></script>
<script defer src="//play.pokemonshowdown.com/data/pokedex-mini-bw.js?0.3532142036491459"></script>
<script defer src="//play.pokemonshowdown.com/data/graphics.js?0.24223875632456182"></script>
<script defer src="//play.pokemonshowdown.com/data/pokedex.js?0.38839984266356864"></script>
<script defer src="//play.pokemonshowdown.com/data/moves.js?0.21866028504024015"></script>
<script defer src="//play.pokemonshowdown.com/data/abilities.js?0.2005157953846628"></script>
<script defer src="//play.pokemonshowdown.com/data/items.js?0.9894211263848525"></script>
<script defer src="//play.pokemonshowdown.com/data/teambuilder-tables.js?0.6008791140282215"></script>
<script defer src="//play.pokemonshowdown.com/js/battle-tooltips.js?0.7580118955022959"></script>
<script defer src="//play.pokemonshowdown.com/js/battle.js?0.6057722274234274"></script>

<script defer src="js/utils.js?e31f9a17"></script>
<script defer src="js/replays-battle.js?7008c182"></script>

<!-- don't scrape this data! just add .json or .log after the URL!
Full API docs: https://github.com/smogon/pokemon-showdown-client/blob/master/WEB-API.md -->
<script type="text/plain" class="log" id="replaylog-smogtours-gen3ou-796352">
|inactive|Battle timer is ON: inactive players will automatically lose when time's up.
|t:|1728396823
|gametype|singles
|player|p1|CostcoCustomer|mina|
|player|p2|Mugua|infielder|
|teamsize|p1|6
|teamsize|p2|6
|gen|3
|tier|[Gen 3] OU
|rule|Sleep Clause Mod: Limit one foe put to sleep
|rule|Switch Priority Clause Mod: Faster Pokémon switch first
|rule|Species Clause: Limit one of each Pokémon
|rule|OHKO Clause: OHKO moves are banned
|rule|Evasion Items Clause: Evasion items are banned
|rule|Evasion Moves Clause: Evasion moves are banned
|rule|Endless Battle Clause: Forcing endless battles is banned
|rule|HP Percentage Mod: HP is shown in percentages
|rule|One Boost Passer Clause: Limit one Baton Passer that has a way to boost its stats
|rule|Freeze Clause Mod: Limit one foe frozen
|
|t:|1728396823
|start
|switch|p1a: Tyrantar|Tyranitar, M|100/100
|switch|p2a: Skarmory|Skarmory, M|100/100
|-weather|Sandstorm|[from] ability: Sand Stream|[of] p1a: Tyrantar
|turn|1
|
|t:|1728396831
|-singleturn|p1a: Tyrantar|move: Focus Punch
|move|p2a: Skarmory|Spikes|p1a: Tyrantar
|-sidestart|p1: CostcoCustomer|Spikes
|move|p1a: Tyrantar|Focus Punch|p2a: Skarmory
|-crit|p2a: Skarmory
|-damage|p2a: Skarmory|0 fnt
|faint|p2a: Skarmory
|c|☆Mugua|glhf
|c|☆CostcoCustomer|gl hf
|c|☆Mugua|ouch
|
|t:|1728396849
|switch|p2a: Flygon|Flygon, M|100/100
|
|-weather|Sandstorm|[upkeep]
|upkeep
|turn|2
|
|t:|1728396856
|switch|p1a: Skamory|Skarmory, M|100/100
|move|p2a: Flygon|Earthquake|p1a: Skamory
|-immune|p1a: Skamory
|
|-weather|Sandstorm|[upkeep]
|upkeep
|turn|3
|
|t:|1728396866
|switch|p2a: Moltres|Moltres|100/100
|move|p1a: Skamory|Toxic|p2a: Moltres
|-status|p2a: Moltres|tox
|
|-weather|Sandstorm|[upkeep]
|-damage|p2a: Moltres|94/100 tox|[from] Sandstorm
|-heal|p2a: Moltres|100/100 tox|[from] item: Leftovers
|-damage|p2a: Moltres|94/100 tox|[from] psn
|upkeep
|turn|4
|
|t:|1728396874
|switch|p1a: Blisey|Blissey, F|100/100
|-damage|p1a: Blisey|88/100|[from] Spikes
|move|p2a: Moltres|Will-O-Wisp|p1a: Blisey
|-status|p1a: Blisey|brn
|
|-weather|Sandstorm|[upkeep]
|-damage|p2a: Moltres|88/100 tox|[from] Sandstorm
|-damage|p1a: Blisey|82/100 brn|[from] Sandstorm
|-heal|p2a: Moltres|94/100 tox|[from] item: Leftovers
|-damage|p2a: Moltres|82/100 tox|[from] psn
|-heal|p1a: Blisey|88/100 brn|[from] item: Leftovers
|-damage|p1a: Blisey|76/100 brn|[from] brn
|upkeep
|turn|5
|
|t:|1728396897
|switch|p2a: Misdreavus|Misdreavus, F|100/100
|move|p1a: Blisey|Soft-Boiled|p1a: Blisey
|-heal|p1a: Blisey|100/100 brn
|
|-weather|Sandstorm|[upkeep]
|-damage|p2a: Misdreavus|94/100|[from] Sandstorm
|-damage|p1a: Blisey|94/100 brn|[from] Sandstorm
|-heal|p2a: Misdreavus|100/100|[from] item: Leftovers
|-heal|p1a: Blisey|100/100 brn|[from] item: Leftovers
|-damage|p1a: Blisey|88/100 brn|[from] brn
|upkeep
|turn|6
|
|t:|1728396905
|-curestatus|p1a: Blisey|brn|[from] ability: Natural Cure
|switch|p1a: Zados|Zapdos|100/100
|move|p2a: Misdreavus|Mean Look|p1a: Zados
|-activate|p1a: Zados|trapped
|
|-weather|Sandstorm|[upkeep]
|-damage|p1a: Zados|94/100|[from] Sandstorm
|-damage|p2a: Misdreavus|94/100|[from] Sandstorm
|-heal|p1a: Zados|100/100|[from] item: Leftovers
|-heal|p2a: Misdreavus|100/100|[from] item: Leftovers
|upkeep
|turn|7
|
|t:|1728396912
|move|p2a: Misdreavus|Perish Song|p2a: Misdreavus
|-start|p1a: Zados|perish3|[silent]
|-start|p2a: Misdreavus|perish3|[silent]
|-fieldactivate|move: Perish Song
|move|p1a: Zados|Roar|p2a: Misdreavus
|drag|p2a: Flygon|Flygon, M|100/100
|
|-weather|Sandstorm|[upkeep]
|-damage|p1a: Zados|94/100|[from] Sandstorm
|-heal|p1a: Zados|100/100|[from] item: Leftovers
|-start|p1a: Zados|perish3
|upkeep
|turn|8
|
|t:|1728396923
|switch|p1a: Skamory|Skarmory, M|100/100
|move|p2a: Flygon|Protect||[still]
|-fail|p2a: Flygon
|
|-weather|Sandstorm|[upkeep]
|upkeep
|turn|9
|
|t:|1728396930
|switch|p2a: Moltres|Moltres|82/100 tox
|move|p1a: Skamory|Roar|p2a: Moltres
|drag|p2a: Zapdos|Zapdos|100/100
|
|-weather|Sandstorm|[upkeep]
|-damage|p2a: Zapdos|94/100|[from] Sandstorm
|-heal|p2a: Zapdos|100/100|[from] item: Leftovers
|upkeep
|turn|10
|
|t:|1728396938
|switch|p1a: Blisey|Blissey, F|88/100
|-damage|p1a: Blisey|76/100|[from] Spikes
|move|p2a: Zapdos|Thunderbolt|p1a: Blisey
|-damage|p1a: Blisey|58/100
|
|-weather|Sandstorm|[upkeep]
|-damage|p2a: Zapdos|94/100|[from] Sandstorm
|-damage|p1a: Blisey|52/100|[from] Sandstorm
|-heal|p2a: Zapdos|100/100|[from] item: Leftovers
|-heal|p1a: Blisey|58/100|[from] item: Leftovers
|upkeep
|turn|11
|
|t:|1728396946
|move|p1a: Blisey|Wish|p1a: Blisey
|move|p2a: Zapdos|Roar|p1a: Blisey
|drag|p1a: Zados|Zapdos|100/100
|
|-weather|Sandstorm|[upkeep]
|-damage|p2a: Zapdos|94/100|[from] Sandstorm
|-damage|p1a: Zados|94/100|[from] Sandstorm
|-heal|p2a: Zapdos|100/100|[from] item: Leftovers
|-heal|p1a: Zados|100/100|[from] item: Leftovers
|upkeep
|turn|12
|
|t:|1728396953
|switch|p1a: Blisey|Blissey, F|58/100
|-damage|p1a: Blisey|46/100|[from] Spikes
|move|p2a: Zapdos|Thunderbolt|p1a: Blisey
|-damage|p1a: Blisey|31/100
|
|-heal|p1a: Blisey|81/100|[from] move: Wish|[wisher] Blisey
|-weather|Sandstorm|[upkeep]
|-damage|p2a: Zapdos|94/100|[from] Sandstorm
|-damage|p1a: Blisey|75/100|[from] Sandstorm
|-heal|p2a: Zapdos|100/100|[from] item: Leftovers
|-heal|p1a: Blisey|81/100|[from] item: Leftovers
|upkeep
|turn|13
|
|t:|1728396965
|move|p1a: Blisey|Wish|p1a: Blisey
|move|p2a: Zapdos|Roar|p1a: Blisey
|drag|p1a: Tyrantar|Tyranitar, M|100/100
|-damage|p1a: Tyrantar|88/100|[from] Spikes
|
|-weather|Sandstorm|[upkeep]
|-damage|p2a: Zapdos|94/100|[from] Sandstorm
|-heal|p2a: Zapdos|100/100|[from] item: Leftovers
|upkeep
|turn|14
|
|t:|1728396980
|-singleturn|p1a: Tyrantar|move: Focus Punch
|switch|p2a: Flygon|Flygon, M|100/100
|move|p1a: Tyrantar|Focus Punch|p2a: Flygon
|-damage|p2a: Flygon|36/100
|
|-heal|p1a: Tyrantar|100/100|[from] move: Wish|[wisher] Blisey
|-weather|Sandstorm|[upkeep]
|-heal|p2a: Flygon|42/100|[from] item: Leftovers
|upkeep
|turn|15
|
|t:|1728396989
|switch|p1a: Gegar|Gengar, M|100/100
|move|p2a: Flygon|Earthquake|p1a: Gegar
|-immune|p1a: Gegar
|
|-weather|Sandstorm|[upkeep]
|-damage|p1a: Gegar|95/100|[from] Sandstorm
|-heal|p1a: Gegar|100/100|[from] item: Leftovers
|-heal|p2a: Flygon|48/100|[from] item: Leftovers
|upkeep
|turn|16
|
|t:|1728396995
|move|p2a: Flygon|Protect|p2a: Flygon
|-singleturn|p2a: Flygon|Protect
|move|p1a: Gegar|Will-O-Wisp|p2a: Flygon|[miss]
|-miss|p1a: Gegar|p2a: Flygon
|
|-weather|Sandstorm|[upkeep]
|-damage|p1a: Gegar|95/100|[from] Sandstorm
|-heal|p1a: Gegar|100/100|[from] item: Leftovers
|-heal|p2a: Flygon|54/100|[from] item: Leftovers
|upkeep
|turn|17
|
|t:|1728397012
|switch|p2a: Misdreavus|Misdreavus, F|100/100
|move|p1a: Gegar|Ice Punch|p2a: Misdreavus
|-damage|p2a: Misdreavus|80/100
|
|-weather|Sandstorm|[upkeep]
|-damage|p1a: Gegar|95/100|[from] Sandstorm
|-damage|p2a: Misdreavus|74/100|[from] Sandstorm
|-heal|p1a: Gegar|100/100|[from] item: Leftovers
|-heal|p2a: Misdreavus|80/100|[from] item: Leftovers
|upkeep
|turn|18
|
|t:|1728397023
|move|p1a: Gegar|Will-O-Wisp|p2a: Misdreavus|[miss]
|-miss|p1a: Gegar|p2a: Misdreavus
|move|p2a: Misdreavus|Thunderbolt|p1a: Gegar
|-crit|p1a: Gegar
|-damage|p1a: Gegar|36/100
|
|-weather|Sandstorm|[upkeep]
|-damage|p1a: Gegar|30/100|[from] Sandstorm
|-damage|p2a: Misdreavus|74/100|[from] Sandstorm
|-heal|p1a: Gegar|36/100|[from] item: Leftovers
|-heal|p2a: Misdreavus|80/100|[from] item: Leftovers
|upkeep
|turn|19
|
|t:|1728397035
|switch|p1a: Zados|Zapdos|100/100
|move|p2a: Misdreavus|Thunderbolt|p1a: Zados
|-damage|p1a: Zados|87/100
|
|-weather|Sandstorm|[upkeep]
|-damage|p1a: Zados|81/100|[from] Sandstorm
|-damage|p2a: Misdreavus|74/100|[from] Sandstorm
|-heal|p1a: Zados|87/100|[from] item: Leftovers
|-heal|p2a: Misdreavus|80/100|[from] item: Leftovers
|upkeep
|turn|20
|
|t:|1728397046
|switch|p1a: Skamory|Skarmory, M|100/100
|move|p2a: Misdreavus|Perish Song|p2a: Misdreavus
|-start|p1a: Skamory|perish3|[silent]
|-start|p2a: Misdreavus|perish3|[silent]
|-fieldactivate|move: Perish Song
|
|-weather|Sandstorm|[upkeep]
|-damage|p2a: Misdreavus|74/100|[from] Sandstorm
|-heal|p2a: Misdreavus|80/100|[from] item: Leftovers
|-start|p2a: Misdreavus|perish3
|-start|p1a: Skamory|perish3
|upkeep
|turn|21
|
|t:|1728397051
|move|p2a: Misdreavus|Thunderbolt|p1a: Skamory
|-supereffective|p1a: Skamory
|-damage|p1a: Skamory|54/100
|move|p1a: Skamory|Roar|p2a: Misdreavus
|drag|p2a: Blissey|Blissey, F|100/100
|
|-weather|Sandstorm|[upkeep]
|-damage|p2a: Blissey|94/100|[from] Sandstorm
|-heal|p1a: Skamory|60/100|[from] item: Leftovers
|-heal|p2a: Blissey|100/100|[from] item: Leftovers
|-start|p1a: Skamory|perish2
|upkeep
|turn|22
|
|t:|1728397074
|switch|p1a: Blisey|Blissey, F|81/100
|-damage|p1a: Blisey|68/100|[from] Spikes
|move|p2a: Blissey|Ice Beam|p1a: Blisey
|-damage|p1a: Blisey|59/100
|
|-weather|Sandstorm|[upkeep]
|-damage|p2a: Blissey|94/100|[from] Sandstorm
|-damage|p1a: Blisey|53/100|[from] Sandstorm
|-heal|p2a: Blissey|100/100|[from] item: Leftovers
|-heal|p1a: Blisey|59/100|[from] item: Leftovers
|upkeep
|turn|23
|
|t:|1728397087
|switch|p2a: Moltres|Moltres|82/100 tox
|move|p1a: Blisey|Wish|p1a: Blisey
|
|-weather|Sandstorm|[upkeep]
|-damage|p2a: Moltres|76/100 tox|[from] Sandstorm
|-damage|p1a: Blisey|53/100|[from] Sandstorm
|-heal|p2a: Moltres|82/100 tox|[from] item: Leftovers
|-damage|p2a: Moltres|76/100 tox|[from] psn
|-heal|p1a: Blisey|59/100|[from] item: Leftovers
|upkeep
|turn|24
|
|t:|1728397097
|move|p2a: Moltres|Flamethrower|p1a: Blisey
|-damage|p1a: Blisey|38/100
|move|p1a: Blisey|Seismic Toss|p2a: Moltres
|-damage|p2a: Moltres|44/100 tox
|
|-heal|p1a: Blisey|88/100|[from] move: Wish|[wisher] Blisey
|-weather|Sandstorm|[upkeep]
|-damage|p2a: Moltres|38/100 tox|[from] Sandstorm
|-damage|p1a: Blisey|81/100|[from] Sandstorm
|-heal|p2a: Moltres|44/100 tox|[from] item: Leftovers
|-damage|p2a: Moltres|32/100 tox|[from] psn
|-heal|p1a: Blisey|88/100|[from] item: Leftovers
|upkeep
|turn|25
|
|t:|1728397104
|move|p2a: Moltres|Rest|p2a: Moltres
|-status|p2a: Moltres|slp|[from] move: Rest
|-heal|p2a: Moltres|100/100 slp|[silent]
|move|p1a: Blisey|Wish|p1a: Blisey
|
|-weather|Sandstorm|[upkeep]
|-damage|p2a: Moltres|94/100 slp|[from] Sandstorm
|-damage|p1a: Blisey|81/100|[from] Sandstorm
|-heal|p2a: Moltres|100/100 slp|[from] item: Leftovers
|-heal|p1a: Blisey|88/100|[from] item: Leftovers
|upkeep
|turn|26
|
|t:|1728397112
|switch|p2a: Blissey|Blissey, F|100/100
|switch|p1a: Gegar|Gengar, M|36/100
|
|-heal|p1a: Gegar|86/100|[from] move: Wish|[wisher] Blisey
|-weather|Sandstorm|[upkeep]
|-damage|p1a: Gegar|80/100|[from] Sandstorm
|-damage|p2a: Blissey|94/100|[from] Sandstorm
|-heal|p1a: Gegar|86/100|[from] item: Leftovers
|-heal|p2a: Blissey|100/100|[from] item: Leftovers
|upkeep
|turn|27
|
|t:|1728397128
|switch|p2a: Misdreavus|Misdreavus, F|80/100
|move|p1a: Gegar|Taunt|p2a: Misdreavus
|-start|p2a: Misdreavus|move: Taunt
|
|-weather|Sandstorm|[upkeep]
|-damage|p1a: Gegar|80/100|[from] Sandstorm
|-damage|p2a: Misdreavus|74/100|[from] Sandstorm
|-heal|p1a: Gegar|86/100|[from] item: Leftovers
|-heal|p2a: Misdreavus|80/100|[from] item: Leftovers
|upkeep
|turn|28
|
|t:|1728397132
|switch|p1a: Tyrantar|Tyranitar, M|100/100
|-damage|p1a: Tyrantar|88/100|[from] Spikes
|move|p2a: Misdreavus|Thunderbolt|p1a: Tyrantar
|-damage|p1a: Tyrantar|70/100
|
|-weather|Sandstorm|[upkeep]
|-damage|p2a: Misdreavus|74/100|[from] Sandstorm
|-heal|p2a: Misdreavus|80/100|[from] item: Leftovers
|-end|p2a: Misdreavus|move: Taunt|[silent]
|upkeep
|turn|29
|inactive|Mugua has 270 seconds left.
|
|t:|1728397164
|move|p2a: Misdreavus|Thunderbolt|p1a: Tyrantar
|-damage|p1a: Tyrantar|50/100
|move|p1a: Tyrantar|Rock Slide|p2a: Misdreavus
|-damage|p2a: Misdreavus|0 fnt
|faint|p2a: Misdreavus
|inactive|Mugua has 270 seconds left.
|
|t:|1728397171
|switch|p2a: Flygon|Flygon, M|54/100
|
|-weather|Sandstorm|[upkeep]
|-heal|p2a: Flygon|61/100|[from] item: Leftovers
|upkeep
|turn|30
|
|t:|1728397186
|switch|p1a: Skamory|Skarmory, M|60/100
|move|p2a: Flygon|Rock Slide|p1a: Skamory
|-damage|p1a: Skamory|48/100
|
|-weather|Sandstorm|[upkeep]
|-heal|p2a: Flygon|67/100|[from] item: Leftovers
|-heal|p1a: Skamory|54/100|[from] item: Leftovers
|upkeep
|turn|31
|
|t:|1728397194
|switch|p2a: Zapdos|Zapdos|100/100
|move|p1a: Skamory|Protect||[still]
|-fail|p1a: Skamory
|
|-weather|Sandstorm|[upkeep]
|-damage|p2a: Zapdos|94/100|[from] Sandstorm
|-heal|p2a: Zapdos|100/100|[from] item: Leftovers
|-heal|p1a: Skamory|60/100|[from] item: Leftovers
|upkeep
|turn|32
|
|t:|1728397205
|move|p1a: Skamory|Protect|p1a: Skamory
|-singleturn|p1a: Skamory|Protect
|move|p2a: Zapdos|Roar|p1a: Skamory
|-activate|p1a: Skamory|Protect
|
|-weather|Sandstorm|[upkeep]
|-damage|p2a: Zapdos|94/100|[from] Sandstorm
|-heal|p2a: Zapdos|100/100|[from] item: Leftovers
|-heal|p1a: Skamory|66/100|[from] item: Leftovers
|upkeep
|turn|33
|
|t:|1728397209
|switch|p1a: Fygon|Flygon, M|100/100
|move|p2a: Zapdos|Thunderbolt|p1a: Fygon
|-immune|p1a: Fygon
|
|-weather|Sandstorm|[upkeep]
|-damage|p2a: Zapdos|94/100|[from] Sandstorm
|-heal|p2a: Zapdos|100/100|[from] item: Leftovers
|upkeep
|turn|34
|
|t:|1728397218
|switch|p2a: Flygon|Flygon, M|67/100
|move|p1a: Fygon|Rock Slide|p2a: Flygon
|-resisted|p2a: Flygon
|-damage|p2a: Flygon|54/100
|
|-weather|Sandstorm|[upkeep]
|-heal|p2a: Flygon|60/100|[from] item: Leftovers
|upkeep
|turn|35
|
|t:|1728397224
|switch|p1a: Skamory|Skarmory, M|66/100
|move|p2a: Flygon|Protect||[still]
|-fail|p2a: Flygon
|
|-weather|Sandstorm|[upkeep]
|-heal|p2a: Flygon|66/100|[from] item: Leftovers
|-heal|p1a: Skamory|72/100|[from] item: Leftovers
|upkeep
|turn|36
|
|t:|1728397232
|switch|p2a: Blissey|Blissey, F|100/100
|switch|p1a: Blisey|Blissey, F|88/100
|-damage|p1a: Blisey|75/100|[from] Spikes
|
|-weather|Sandstorm|[upkeep]
|-damage|p2a: Blissey|94/100|[from] Sandstorm
|-damage|p1a: Blisey|69/100|[from] Sandstorm
|-heal|p2a: Blissey|100/100|[from] item: Leftovers
|-heal|p1a: Blisey|75/100|[from] item: Leftovers
|upkeep
|turn|37
|
|t:|1728397238
|move|p1a: Blisey|Wish|p1a: Blisey
|move|p2a: Blissey|Aromatherapy|p2a: Blissey
|-cureteam|p2a: Blissey|[from] move: Aromatherapy
|
|-weather|Sandstorm|[upkeep]
|-damage|p2a: Blissey|94/100|[from] Sandstorm
|-damage|p1a: Blisey|69/100|[from] Sandstorm
|-heal|p1a: Blisey|75/100|[from] item: Leftovers
|-heal|p2a: Blissey|100/100|[from] item: Leftovers
|upkeep
|turn|38
|
|t:|1728397246
|switch|p1a: Tyrantar|Tyranitar, M|50/100
|-damage|p1a: Tyrantar|38/100|[from] Spikes
|switch|p2a: Flygon|Flygon, M|66/100
|
|-heal|p1a: Tyrantar|88/100|[from] move: Wish|[wisher] Blisey
|-weather|Sandstorm|[upkeep]
|-heal|p2a: Flygon|72/100|[from] item: Leftovers
|upkeep
|turn|39
|
|t:|1728397253
|switch|p1a: Fygon|Flygon, M|100/100
|move|p2a: Flygon|Toxic|p1a: Fygon
|-status|p1a: Fygon|tox
|
|-weather|Sandstorm|[upkeep]
|-damage|p1a: Fygon|95/100 tox|[from] psn
|-heal|p2a: Flygon|78/100|[from] item: Leftovers
|upkeep
|turn|40
|
|t:|1728397262
|move|p2a: Flygon|Protect|p2a: Flygon
|-singleturn|p2a: Flygon|Protect
|move|p1a: Fygon|Hidden Power|p2a: Flygon
|-activate|p2a: Flygon|Protect
|
|-weather|Sandstorm|[upkeep]
|-damage|p1a: Fygon|83/100 tox|[from] psn
|-heal|p2a: Flygon|84/100|[from] item: Leftovers
|upkeep
|turn|41
|
|t:|1728397273
|switch|p1a: Skamory|Skarmory, M|72/100
|switch|p2a: Moltres|Moltres|100/100
|
|-weather|Sandstorm|[upkeep]
|-damage|p2a: Moltres|94/100|[from] Sandstorm
|-heal|p2a: Moltres|100/100|[from] item: Leftovers
|-heal|p1a: Skamory|78/100|[from] item: Leftovers
|upkeep
|turn|42
|
|t:|1728397280
|move|p1a: Skamory|Protect|p1a: Skamory
|-singleturn|p1a: Skamory|Protect
|move|p2a: Moltres|Flamethrower|p1a: Skamory
|-activate|p1a: Skamory|Protect
|
|-weather|Sandstorm|[upkeep]
|-damage|p2a: Moltres|94/100|[from] Sandstorm
|-heal|p2a: Moltres|100/100|[from] item: Leftovers
|-heal|p1a: Skamory|84/100|[from] item: Leftovers
|upkeep
|turn|43
|
|t:|1728397285
|switch|p1a: Blisey|Blissey, F|75/100
|-damage|p1a: Blisey|63/100|[from] Spikes
|move|p2a: Moltres|Will-O-Wisp|p1a: Blisey
|-status|p1a: Blisey|brn
|
|-weather|Sandstorm|[upkeep]
|-damage|p2a: Moltres|94/100|[from] Sandstorm
|-damage|p1a: Blisey|57/100 brn|[from] Sandstorm
|-heal|p2a: Moltres|100/100|[from] item: Leftovers
|-heal|p1a: Blisey|63/100 brn|[from] item: Leftovers
|-damage|p1a: Blisey|50/100 brn|[from] brn
|upkeep
|turn|44
|
|t:|1728397295
|move|p2a: Moltres|Flamethrower|p1a: Blisey
|-damage|p1a: Blisey|29/100 brn
|move|p1a: Blisey|Soft-Boiled|p1a: Blisey
|-heal|p1a: Blisey|79/100 brn
|
|-weather|Sandstorm|[upkeep]
|-damage|p2a: Moltres|94/100|[from] Sandstorm
|-damage|p1a: Blisey|73/100 brn|[from] Sandstorm
|-heal|p2a: Moltres|100/100|[from] item: Leftovers
|-heal|p1a: Blisey|79/100 brn|[from] item: Leftovers
|-damage|p1a: Blisey|67/100 brn|[from] brn
|upkeep
|turn|45
|
|t:|1728397305
|move|p2a: Moltres|Flamethrower|p1a: Blisey
|-damage|p1a: Blisey|46/100 brn
|move|p1a: Blisey|Soft-Boiled|p1a: Blisey
|-heal|p1a: Blisey|96/100 brn
|
|-weather|Sandstorm|[upkeep]
|-damage|p2a: Moltres|94/100|[from] Sandstorm
|-damage|p1a: Blisey|90/100 brn|[from] Sandstorm
|-heal|p2a: Moltres|100/100|[from] item: Leftovers
|-heal|p1a: Blisey|96/100 brn|[from] item: Leftovers
|-damage|p1a: Blisey|83/100 brn|[from] brn
|upkeep
|turn|46
|
|t:|1728397310
|move|p2a: Moltres|Flamethrower|p1a: Blisey
|-damage|p1a: Blisey|64/100 brn
|move|p1a: Blisey|Wish|p1a: Blisey
|
|-weather|Sandstorm|[upkeep]
|-damage|p2a: Moltres|94/100|[from] Sandstorm
|-damage|p1a: Blisey|58/100 brn|[from] Sandstorm
|-heal|p2a: Moltres|100/100|[from] item: Leftovers
|-heal|p1a: Blisey|64/100 brn|[from] item: Leftovers
|-damage|p1a: Blisey|51/100 brn|[from] brn
|upkeep
|turn|47
|
|t:|1728397321
|move|p2a: Moltres|Will-O-Wisp|p1a: Blisey
|-fail|p1a: Blisey|brn
|move|p1a: Blisey|Seismic Toss|p2a: Moltres
|-damage|p2a: Moltres|69/100
|
|-heal|p1a: Blisey|100/100 brn|[from] move: Wish|[wisher] Blisey
|-weather|Sandstorm|[upkeep]
|-damage|p2a: Moltres|63/100|[from] Sandstorm
|-damage|p1a: Blisey|94/100 brn|[from] Sandstorm
|-heal|p2a: Moltres|69/100|[from] item: Leftovers
|-heal|p1a: Blisey|100/100 brn|[from] item: Leftovers
|-damage|p1a: Blisey|88/100 brn|[from] brn
|upkeep
|turn|48
|
|t:|1728397333
|move|p2a: Moltres|Flamethrower|p1a: Blisey
|-damage|p1a: Blisey|66/100 brn
|move|p1a: Blisey|Seismic Toss|p2a: Moltres
|-damage|p2a: Moltres|38/100
|
|-weather|Sandstorm|[upkeep]
|-damage|p2a: Moltres|32/100|[from] Sandstorm
|-damage|p1a: Blisey|59/100 brn|[from] Sandstorm
|-heal|p2a: Moltres|38/100|[from] item: Leftovers
|-heal|p1a: Blisey|66/100 brn|[from] item: Leftovers
|-damage|p1a: Blisey|53/100 brn|[from] brn
|upkeep
|turn|49
|
|t:|1728397352
|move|p2a: Moltres|Rest|p2a: Moltres
|-status|p2a: Moltres|slp|[from] move: Rest
|-heal|p2a: Moltres|100/100 slp|[silent]
|move|p1a: Blisey|Soft-Boiled|p1a: Blisey
|-heal|p1a: Blisey|100/100 brn
|
|-weather|Sandstorm|[upkeep]
|-damage|p2a: Moltres|94/100 slp|[from] Sandstorm
|-damage|p1a: Blisey|94/100 brn|[from] Sandstorm
|-heal|p2a: Moltres|100/100 slp|[from] item: Leftovers
|-heal|p1a: Blisey|100/100 brn|[from] item: Leftovers
|-damage|p1a: Blisey|88/100 brn|[from] brn
|upkeep
|turn|50
|
|t:|1728397357
|switch|p2a: Flygon|Flygon, M|84/100
|-curestatus|p1a: Blisey|brn|[from] ability: Natural Cure
|switch|p1a: Tyrantar|Tyranitar, M|88/100
|-damage|p1a: Tyrantar|75/100|[from] Spikes
|
|-weather|Sandstorm|[upkeep]
|-heal|p2a: Flygon|90/100|[from] item: Leftovers
|upkeep
|turn|51
|
|t:|1728397363
|switch|p1a: Skamory|Skarmory, M|84/100
|move|p2a: Flygon|Toxic|p1a: Skamory
|-immune|p1a: Skamory
|
|-weather|Sandstorm|[upkeep]
|-heal|p2a: Flygon|96/100|[from] item: Leftovers
|-heal|p1a: Skamory|90/100|[from] item: Leftovers
|upkeep
|turn|52
|
|t:|1728397366
|switch|p2a: Zapdos|Zapdos|100/100
|move|p1a: Skamory|Spikes|p2a: Zapdos
|-sidestart|p2: Mugua|Spikes
|
|-weather|Sandstorm|[upkeep]
|-damage|p2a: Zapdos|94/100|[from] Sandstorm
|-heal|p2a: Zapdos|100/100|[from] item: Leftovers
|-heal|p1a: Skamory|96/100|[from] item: Leftovers
|upkeep
|turn|53
|
|t:|1728397371
|switch|p1a: Fygon|Flygon, M|83/100 tox
|move|p2a: Zapdos|Thunderbolt|p1a: Fygon
|-immune|p1a: Fygon
|
|-weather|Sandstorm|[upkeep]
|-damage|p2a: Zapdos|94/100|[from] Sandstorm
|-damage|p1a: Fygon|77/100 tox|[from] psn
|-heal|p2a: Zapdos|100/100|[from] item: Leftovers
|upkeep
|turn|54
|
|t:|1728397377
|switch|p1a: Skamory|Skarmory, M|96/100
|move|p2a: Zapdos|Roar|p1a: Skamory
|drag|p1a: Blisey|Blissey, F|88/100
|-damage|p1a: Blisey|76/100|[from] Spikes
|
|-weather|Sandstorm|[upkeep]
|-damage|p2a: Zapdos|94/100|[from] Sandstorm
|-damage|p1a: Blisey|70/100|[from] Sandstorm
|-heal|p2a: Zapdos|100/100|[from] item: Leftovers
|-heal|p1a: Blisey|76/100|[from] item: Leftovers
|upkeep
|turn|55
|
|t:|1728397384
|move|p1a: Blisey|Ice Beam|p2a: Zapdos
|-supereffective|p2a: Zapdos
|-damage|p2a: Zapdos|65/100
|move|p2a: Zapdos|Roar|p1a: Blisey
|drag|p1a: Skamory|Skarmory, M|96/100
|
|-weather|Sandstorm|[upkeep]
|-damage|p2a: Zapdos|59/100|[from] Sandstorm
|-heal|p2a: Zapdos|65/100|[from] item: Leftovers
|-heal|p1a: Skamory|100/100|[from] item: Leftovers
|upkeep
|turn|56
|
|t:|1728397392
|switch|p1a: Blisey|Blissey, F|76/100
|-damage|p1a: Blisey|63/100|[from] Spikes
|move|p2a: Zapdos|Thunderbolt|p1a: Blisey
|-damage|p1a: Blisey|49/100
|
|-weather|Sandstorm|[upkeep]
|-damage|p2a: Zapdos|59/100|[from] Sandstorm
|-damage|p1a: Blisey|42/100|[from] Sandstorm
|-heal|p2a: Zapdos|65/100|[from] item: Leftovers
|-heal|p1a: Blisey|49/100|[from] item: Leftovers
|upkeep
|turn|57
|
|t:|1728397399
|switch|p2a: Blissey|Blissey, F|100/100
|-damage|p2a: Blissey|88/100|[from] Spikes
|move|p1a: Blisey|Soft-Boiled|p1a: Blisey
|-heal|p1a: Blisey|99/100
|
|-weather|Sandstorm|[upkeep]
|-damage|p1a: Blisey|92/100|[from] Sandstorm
|-damage|p2a: Blissey|82/100|[from] Sandstorm
|-heal|p1a: Blisey|99/100|[from] item: Leftovers
|-heal|p2a: Blissey|88/100|[from] item: Leftovers
|upkeep
|turn|58
|
|t:|1728397402
|switch|p1a: Tyrantar|Tyranitar, M|75/100
|-damage|p1a: Tyrantar|63/100|[from] Spikes
|move|p2a: Blissey|Aromatherapy|p2a: Blissey
|-cureteam|p2a: Blissey|[from] move: Aromatherapy
|
|-weather|Sandstorm|[upkeep]
|-damage|p2a: Blissey|82/100|[from] Sandstorm
|-heal|p2a: Blissey|88/100|[from] item: Leftovers
|upkeep
|turn|59
|
|t:|1728397411
|move|p1a: Tyrantar|Rock Slide|p2a: Blissey|[miss]
|-miss|p1a: Tyrantar|p2a: Blissey
|move|p2a: Blissey|Ice Beam|p1a: Tyrantar
|-damage|p1a: Tyrantar|37/100
|
|-weather|Sandstorm|[upkeep]
|-damage|p2a: Blissey|82/100|[from] Sandstorm
|-heal|p2a: Blissey|88/100|[from] item: Leftovers
|upkeep
|turn|60
|
|t:|1728397415
|switch|p2a: Flygon|Flygon, M|96/100
|move|p1a: Tyrantar|Rock Slide|p2a: Flygon
|-resisted|p2a: Flygon
|-damage|p2a: Flygon|72/100
|
|-weather|Sandstorm|[upkeep]
|-heal|p2a: Flygon|78/100|[from] item: Leftovers
|upkeep
|turn|61
|
|t:|1728397428
|switch|p1a: Gegar|Gengar, M|86/100
|move|p2a: Flygon|Rock Slide|p1a: Gegar
|-damage|p1a: Gegar|60/100
|
|-weather|Sandstorm|[upkeep]
|-damage|p1a: Gegar|54/100|[from] Sandstorm
|-heal|p1a: Gegar|60/100|[from] item: Leftovers
|-heal|p2a: Flygon|84/100|[from] item: Leftovers
|upkeep
|turn|62
|
|t:|1728397438
|switch|p2a: Blissey|Blissey, F|88/100
|-damage|p2a: Blissey|76/100|[from] Spikes
|move|p1a: Gegar|Will-O-Wisp|p2a: Blissey
|-status|p2a: Blissey|brn
|
|-weather|Sandstorm|[upkeep]
|-damage|p1a: Gegar|54/100|[from] Sandstorm
|-damage|p2a: Blissey|69/100 brn|[from] Sandstorm
|-heal|p1a: Gegar|60/100|[from] item: Leftovers
|-heal|p2a: Blissey|76/100 brn|[from] item: Leftovers
|-damage|p2a: Blissey|63/100 brn|[from] brn
|upkeep
|turn|63
|
|t:|1728397445
|move|p1a: Gegar|Taunt|p2a: Blissey
|-start|p2a: Blissey|move: Taunt
|move|p2a: Blissey|Ice Beam|p1a: Gegar
|-damage|p1a: Gegar|21/100
|
|-weather|Sandstorm|[upkeep]
|-damage|p1a: Gegar|15/100|[from] Sandstorm
|-damage|p2a: Blissey|57/100 brn|[from] Sandstorm
|-heal|p1a: Gegar|21/100|[from] item: Leftovers
|-heal|p2a: Blissey|63/100 brn|[from] item: Leftovers
|-damage|p2a: Blissey|51/100 brn|[from] brn
|upkeep
|turn|64
|
|t:|1728397464
|move|p1a: Gegar|Thunderbolt|p2a: Blissey
|-damage|p2a: Blissey|40/100 brn
|move|p2a: Blissey|Ice Beam|p1a: Gegar
|-damage|p1a: Gegar|0 fnt
|faint|p1a: Gegar
|
|t:|1728397471
|switch|p1a: Fygon|Flygon, M|77/100 tox
|
|-weather|Sandstorm|[upkeep]
|-damage|p2a: Blissey|34/100 brn|[from] Sandstorm
|-damage|p1a: Fygon|71/100 tox|[from] psn
|-heal|p2a: Blissey|40/100 brn|[from] item: Leftovers
|-damage|p2a: Blissey|27/100 brn|[from] brn
|-end|p2a: Blissey|move: Taunt|[silent]
|upkeep
|turn|65
|
|t:|1728397477
|-curestatus|p2a: Blissey|brn|[from] ability: Natural Cure
|switch|p2a: Flygon|Flygon, M|84/100
|move|p1a: Fygon|Earthquake|p2a: Flygon
|-immune|p2a: Flygon
|
|-weather|Sandstorm|[upkeep]
|-damage|p1a: Fygon|59/100 tox|[from] psn
|-heal|p2a: Flygon|90/100|[from] item: Leftovers
|upkeep
|turn|66
|
|t:|1728397495
|switch|p1a: Skamory|Skarmory, M|100/100
|switch|p2a: Moltres|Moltres|100/100
|
|-weather|Sandstorm|[upkeep]
|-damage|p2a: Moltres|94/100|[from] Sandstorm
|-heal|p2a: Moltres|100/100|[from] item: Leftovers
|upkeep
|turn|67
|
|t:|1728397505
|move|p1a: Skamory|Protect|p1a: Skamory
|-singleturn|p1a: Skamory|Protect
|move|p2a: Moltres|Will-O-Wisp|p1a: Skamory
|-activate|p1a: Skamory|Protect
|
|-weather|Sandstorm|[upkeep]
|-damage|p2a: Moltres|94/100|[from] Sandstorm
|-heal|p2a: Moltres|100/100|[from] item: Leftovers
|upkeep
|turn|68
|
|t:|1728397510
|switch|p1a: Blisey|Blissey, F|99/100
|-damage|p1a: Blisey|86/100|[from] Spikes
|move|p2a: Moltres|Flamethrower|p1a: Blisey
|-damage|p1a: Blisey|64/100
|
|-weather|Sandstorm|[upkeep]
|-damage|p2a: Moltres|94/100|[from] Sandstorm
|-damage|p1a: Blisey|57/100|[from] Sandstorm
|-heal|p2a: Moltres|100/100|[from] item: Leftovers
|-heal|p1a: Blisey|64/100|[from] item: Leftovers
|upkeep
|turn|69
|
|t:|1728397518
|switch|p2a: Blissey|Blissey, F|27/100
|-damage|p2a: Blissey|15/100|[from] Spikes
|move|p1a: Blisey|Wish|p1a: Blisey
|
|-weather|Sandstorm|[upkeep]
|-damage|p2a: Blissey|9/100|[from] Sandstorm
|-damage|p1a: Blisey|57/100|[from] Sandstorm
|-heal|p1a: Blisey|64/100|[from] item: Leftovers
|-heal|p2a: Blissey|15/100|[from] item: Leftovers
|upkeep
|turn|70
|
|t:|1728397523
|switch|p1a: Tyrantar|Tyranitar, M|37/100
|-damage|p1a: Tyrantar|24/100|[from] Spikes
|move|p2a: Blissey|Soft-Boiled|p2a: Blissey
|-heal|p2a: Blissey|65/100
|
|-heal|p1a: Tyrantar|74/100|[from] move: Wish|[wisher] Blisey
|-weather|Sandstorm|[upkeep]
|-damage|p2a: Blissey|59/100|[from] Sandstorm
|-heal|p2a: Blissey|65/100|[from] item: Leftovers
|upkeep
|turn|71
|inactive|Mugua has 270 seconds left.
|inactive|Mugua has 240 seconds left.
|
|t:|1728397584
|switch|p2a: Flygon|Flygon, M|90/100
|move|p1a: Tyrantar|Rock Slide|p2a: Flygon
|-resisted|p2a: Flygon
|-damage|p2a: Flygon|65/100
|
|-weather|Sandstorm|[upkeep]
|-heal|p2a: Flygon|71/100|[from] item: Leftovers
|upkeep
|turn|72
|inactive|Mugua has 240 seconds left.
|
|t:|1728397594
|switch|p1a: Skamory|Skarmory, M|100/100
|move|p2a: Flygon|Protect||[still]
|-fail|p2a: Flygon
|
|-weather|Sandstorm|[upkeep]
|-heal|p2a: Flygon|77/100|[from] item: Leftovers
|upkeep
|turn|73
|
|t:|1728397602
|switch|p2a: Zapdos|Zapdos|65/100
|move|p1a: Skamory|Toxic|p2a: Zapdos
|-status|p2a: Zapdos|tox
|
|-weather|Sandstorm|[upkeep]
|-damage|p2a: Zapdos|59/100 tox|[from] Sandstorm
|-heal|p2a: Zapdos|65/100 tox|[from] item: Leftovers
|-damage|p2a: Zapdos|59/100 tox|[from] psn
|upkeep
|turn|74
|
|t:|1728397611
|move|p1a: Skamory|Protect|p1a: Skamory
|-singleturn|p1a: Skamory|Protect
|move|p2a: Zapdos|Rest|p2a: Zapdos
|-status|p2a: Zapdos|slp|[from] move: Rest
|-heal|p2a: Zapdos|100/100 slp|[silent]
|
|-weather|Sandstorm|[upkeep]
|-damage|p2a: Zapdos|94/100 slp|[from] Sandstorm
|-heal|p2a: Zapdos|100/100 slp|[from] item: Leftovers
|upkeep
|turn|75
|
|t:|1728397615
|switch|p1a: Blisey|Blissey, F|64/100
|-damage|p1a: Blisey|51/100|[from] Spikes
|cant|p2a: Zapdos|slp
|move|p2a: Zapdos|Sleep Talk|p2a: Zapdos
|move|p2a: Zapdos|Thunderbolt|p1a: Blisey|[from]Sleep Talk
|-damage|p1a: Blisey|35/100
|
|-weather|Sandstorm|[upkeep]
|-damage|p2a: Zapdos|94/100 slp|[from] Sandstorm
|-damage|p1a: Blisey|29/100|[from] Sandstorm
|-heal|p2a: Zapdos|100/100 slp|[from] item: Leftovers
|-heal|p1a: Blisey|35/100|[from] item: Leftovers
|upkeep
|turn|76
|
|t:|1728397633
|switch|p2a: Blissey|Blissey, F|65/100
|-damage|p2a: Blissey|52/100|[from] Spikes
|move|p1a: Blisey|Soft-Boiled|p1a: Blisey
|-heal|p1a: Blisey|85/100
|
|-weather|Sandstorm|[upkeep]
|-damage|p2a: Blissey|46/100|[from] Sandstorm
|-damage|p1a: Blisey|79/100|[from] Sandstorm
|-heal|p2a: Blissey|52/100|[from] item: Leftovers
|-heal|p1a: Blisey|85/100|[from] item: Leftovers
|upkeep
|turn|77
|
|t:|1728397640
|move|p1a: Blisey|Wish|p1a: Blisey
|move|p2a: Blissey|Soft-Boiled|p2a: Blissey
|-heal|p2a: Blissey|100/100
|
|-weather|Sandstorm|[upkeep]
|-damage|p1a: Blisey|79/100|[from] Sandstorm
|-damage|p2a: Blissey|94/100|[from] Sandstorm
|-heal|p1a: Blisey|85/100|[from] item: Leftovers
|-heal|p2a: Blissey|100/100|[from] item: Leftovers
|upkeep
|turn|78
|
|t:|1728397656
|switch|p1a: Tyrantar|Tyranitar, M|74/100
|-damage|p1a: Tyrantar|62/100|[from] Spikes
|move|p2a: Blissey|Ice Beam|p1a: Tyrantar
|-damage|p1a: Tyrantar|39/100
|
|-heal|p1a: Tyrantar|89/100|[from] move: Wish|[wisher] Blisey
|-weather|Sandstorm|[upkeep]
|-damage|p2a: Blissey|94/100|[from] Sandstorm
|-heal|p2a: Blissey|100/100|[from] item: Leftovers
|upkeep
|turn|79
|
|t:|1728397666
|-singleturn|p1a: Tyrantar|move: Focus Punch
|switch|p2a: Flygon|Flygon, M|77/100
|move|p1a: Tyrantar|Focus Punch|p2a: Flygon
|-damage|p2a: Flygon|2/100
|
|-weather|Sandstorm|[upkeep]
|-heal|p2a: Flygon|8/100|[from] item: Leftovers
|upkeep
|turn|80
|
|t:|1728397681
|switch|p1a: Skamory|Skarmory, M|100/100
|move|p2a: Flygon|Protect||[still]
|-fail|p2a: Flygon
|
|-weather|Sandstorm|[upkeep]
|-heal|p2a: Flygon|15/100|[from] item: Leftovers
|upkeep
|turn|81
|
|t:|1728397688
|move|p2a: Flygon|Protect|p2a: Flygon
|-singleturn|p2a: Flygon|Protect
|move|p1a: Skamory|Spikes|p2a: Flygon
|-sidestart|p2: Mugua|Spikes
|
|-weather|Sandstorm|[upkeep]
|-heal|p2a: Flygon|21/100|[from] item: Leftovers
|upkeep
|turn|82
|
|t:|1728397694
|switch|p2a: Moltres|Moltres|100/100
|move|p1a: Skamory|Toxic|p2a: Moltres|[miss]
|-miss|p1a: Skamory|p2a: Moltres
|
|-weather|Sandstorm|[upkeep]
|-damage|p2a: Moltres|94/100|[from] Sandstorm
|-heal|p2a: Moltres|100/100|[from] item: Leftovers
|upkeep
|turn|83
|
|t:|1728397707
|move|p1a: Skamory|Protect|p1a: Skamory
|-singleturn|p1a: Skamory|Protect
|move|p2a: Moltres|Will-O-Wisp|p1a: Skamory
|-activate|p1a: Skamory|Protect
|
|-weather|Sandstorm|[upkeep]
|-damage|p2a: Moltres|94/100|[from] Sandstorm
|-heal|p2a: Moltres|100/100|[from] item: Leftovers
|upkeep
|turn|84
|
|t:|1728397713
|switch|p1a: Blisey|Blissey, F|85/100
|-damage|p1a: Blisey|72/100|[from] Spikes
|move|p2a: Moltres|Will-O-Wisp|p1a: Blisey
|-status|p1a: Blisey|brn
|
|-weather|Sandstorm|[upkeep]
|-damage|p2a: Moltres|94/100|[from] Sandstorm
|-damage|p1a: Blisey|66/100 brn|[from] Sandstorm
|-heal|p2a: Moltres|100/100|[from] item: Leftovers
|-heal|p1a: Blisey|72/100 brn|[from] item: Leftovers
|-damage|p1a: Blisey|60/100 brn|[from] brn
|upkeep
|turn|85
|
|t:|1728397723
|switch|p2a: Blissey|Blissey, F|100/100
|-damage|p2a: Blissey|84/100|[from] Spikes
|move|p1a: Blisey|Soft-Boiled|p1a: Blisey
|-heal|p1a: Blisey|100/100 brn
|
|-weather|Sandstorm|[upkeep]
|-damage|p1a: Blisey|94/100 brn|[from] Sandstorm
|-damage|p2a: Blissey|78/100|[from] Sandstorm
|-heal|p1a: Blisey|100/100 brn|[from] item: Leftovers
|-heal|p2a: Blissey|84/100|[from] item: Leftovers
|-damage|p1a: Blisey|88/100 brn|[from] brn
|upkeep
|turn|86
|
|t:|1728397731
|-curestatus|p1a: Blisey|brn|[from] ability: Natural Cure
|switch|p1a: Skamory|Skarmory, M|100/100
|move|p2a: Blissey|Aromatherapy|p2a: Blissey
|-cureteam|p2a: Blissey|[from] move: Aromatherapy
|
|-weather|Sandstorm|[upkeep]
|-damage|p2a: Blissey|78/100|[from] Sandstorm
|-heal|p2a: Blissey|84/100|[from] item: Leftovers
|upkeep
|turn|87
|
|t:|1728397739
|switch|p2a: Moltres|Moltres|100/100
|move|p1a: Skamory|Spikes|p2a: Moltres
|-sidestart|p2: Mugua|Spikes
|
|-weather|Sandstorm|[upkeep]
|-damage|p2a: Moltres|94/100|[from] Sandstorm
|-heal|p2a: Moltres|100/100|[from] item: Leftovers
|upkeep
|turn|88
|
|t:|1728397745
|move|p1a: Skamory|Protect|p1a: Skamory
|-singleturn|p1a: Skamory|Protect
|move|p2a: Moltres|Will-O-Wisp|p1a: Skamory
|-activate|p1a: Skamory|Protect
|
|-weather|Sandstorm|[upkeep]
|-damage|p2a: Moltres|94/100|[from] Sandstorm
|-heal|p2a: Moltres|100/100|[from] item: Leftovers
|upkeep
|turn|89
|
|t:|1728397749
|switch|p1a: Blisey|Blissey, F|88/100
|-damage|p1a: Blisey|76/100|[from] Spikes
|move|p2a: Moltres|Flamethrower|p1a: Blisey
|-damage|p1a: Blisey|54/100
|
|-weather|Sandstorm|[upkeep]
|-damage|p2a: Moltres|94/100|[from] Sandstorm
|-damage|p1a: Blisey|48/100|[from] Sandstorm
|-heal|p2a: Moltres|100/100|[from] item: Leftovers
|-heal|p1a: Blisey|54/100|[from] item: Leftovers
|upkeep
|turn|90
|
|t:|1728397765
|move|p2a: Moltres|Flamethrower|p1a: Blisey
|-damage|p1a: Blisey|34/100
|move|p1a: Blisey|Soft-Boiled|p1a: Blisey
|-heal|p1a: Blisey|84/100
|
|-weather|Sandstorm|[upkeep]
|-damage|p2a: Moltres|94/100|[from] Sandstorm
|-damage|p1a: Blisey|78/100|[from] Sandstorm
|-heal|p2a: Moltres|100/100|[from] item: Leftovers
|-heal|p1a: Blisey|84/100|[from] item: Leftovers
|upkeep
|turn|91
|
|t:|1728397769
|switch|p2a: Flygon|Flygon, M|21/100
|move|p1a: Blisey|Wish|p1a: Blisey
|
|-weather|Sandstorm|[upkeep]
|-damage|p1a: Blisey|78/100|[from] Sandstorm
|-heal|p2a: Flygon|27/100|[from] item: Leftovers
|-heal|p1a: Blisey|84/100|[from] item: Leftovers
|upkeep
|turn|92
|
|t:|1728397780
|move|p2a: Flygon|Protect|p2a: Flygon
|-singleturn|p2a: Flygon|Protect
|move|p1a: Blisey|Ice Beam|p2a: Flygon
|-activate|p2a: Flygon|Protect
|
|-heal|p1a: Blisey|100/100|[from] move: Wish|[wisher] Blisey
|-weather|Sandstorm|[upkeep]
|-damage|p1a: Blisey|94/100|[from] Sandstorm
|-heal|p2a: Flygon|33/100|[from] item: Leftovers
|-heal|p1a: Blisey|100/100|[from] item: Leftovers
|upkeep
|turn|93
|
|t:|1728397793
|switch|p2a: Zapdos|Zapdos|100/100
|move|p1a: Blisey|Wish|p1a: Blisey
|
|-weather|Sandstorm|[upkeep]
|-damage|p2a: Zapdos|94/100|[from] Sandstorm
|-damage|p1a: Blisey|94/100|[from] Sandstorm
|-heal|p2a: Zapdos|100/100|[from] item: Leftovers
|-heal|p1a: Blisey|100/100|[from] item: Leftovers
|upkeep
|turn|94
|
|t:|1728397801
|switch|p1a: Fygon|Flygon, M|59/100 tox
|move|p2a: Zapdos|Roar|p1a: Fygon
|drag|p1a: Zados|Zapdos|87/100
|
|-heal|p1a: Zados|100/100|[from] move: Wish|[wisher] Blisey
|-weather|Sandstorm|[upkeep]
|-damage|p2a: Zapdos|94/100|[from] Sandstorm
|-damage|p1a: Zados|94/100|[from] Sandstorm
|-heal|p2a: Zapdos|100/100|[from] item: Leftovers
|-heal|p1a: Zados|100/100|[from] item: Leftovers
|upkeep
|turn|95
|
|t:|1728397814
|move|p2a: Zapdos|Thunderbolt|p1a: Zados
|-damage|p1a: Zados|73/100
|move|p1a: Zados|Thunderbolt|p2a: Zapdos
|-damage|p2a: Zapdos|74/100
|
|-weather|Sandstorm|[upkeep]
|-damage|p2a: Zapdos|68/100|[from] Sandstorm
|-damage|p1a: Zados|66/100|[from] Sandstorm
|-heal|p2a: Zapdos|74/100|[from] item: Leftovers
|-heal|p1a: Zados|73/100|[from] item: Leftovers
|upkeep
|turn|96
|
|t:|1728397826
|switch|p1a: Fygon|Flygon, M|59/100 tox
|move|p2a: Zapdos|Roar|p1a: Fygon
|drag|p1a: Blisey|Blissey, F|100/100
|-damage|p1a: Blisey|88/100|[from] Spikes
|
|-weather|Sandstorm|[upkeep]
|-damage|p2a: Zapdos|68/100|[from] Sandstorm
|-damage|p1a: Blisey|82/100|[from] Sandstorm
|-heal|p2a: Zapdos|74/100|[from] item: Leftovers
|-heal|p1a: Blisey|88/100|[from] item: Leftovers
|upkeep
|turn|97
|
|t:|1728397837
|move|p1a: Blisey|Wish|p1a: Blisey
|move|p2a: Zapdos|Roar|p1a: Blisey
|drag|p1a: Fygon|Flygon, M|59/100 tox
|
|-weather|Sandstorm|[upkeep]
|-damage|p2a: Zapdos|68/100|[from] Sandstorm
|-damage|p1a: Fygon|53/100 tox|[from] psn
|-heal|p2a: Zapdos|74/100|[from] item: Leftovers
|upkeep
|turn|98
|
|t:|1728397847
|switch|p2a: Flygon|Flygon, M|33/100
|move|p1a: Fygon|Rock Slide|p2a: Flygon
|-resisted|p2a: Flygon
|-damage|p2a: Flygon|20/100
|
|-heal|p1a: Fygon|100/100 tox|[from] move: Wish|[wisher] Blisey
|-weather|Sandstorm|[upkeep]
|-damage|p1a: Fygon|89/100 tox|[from] psn
|-heal|p2a: Flygon|26/100|[from] item: Leftovers
|upkeep
|turn|99
|
|t:|1728397874
|switch|p1a: Skamory|Skarmory, M|100/100
|switch|p2a: Blissey|Blissey, F|84/100
|-damage|p2a: Blissey|59/100|[from] Spikes
|
|-weather|Sandstorm|[upkeep]
|-damage|p2a: Blissey|53/100|[from] Sandstorm
|-heal|p2a: Blissey|59/100|[from] item: Leftovers
|upkeep
|turn|100
|
|t:|1728397879
|move|p2a: Blissey|Soft-Boiled|p2a: Blissey
|-heal|p2a: Blissey|100/100
|move|p1a: Skamory|Roar|p2a: Blissey
|drag|p2a: Moltres|Moltres|100/100
|
|-weather|Sandstorm|[upkeep]
|-damage|p2a: Moltres|94/100|[from] Sandstorm
|-heal|p2a: Moltres|100/100|[from] item: Leftovers
|upkeep
|turn|101
|
|t:|1728397897
|switch|p1a: Fygon|Flygon, M|89/100 tox
|move|p2a: Moltres|Flamethrower|p1a: Fygon
|-resisted|p1a: Fygon
|-crit|p1a: Fygon
|-damage|p1a: Fygon|15/100 tox
|
|-weather|Sandstorm|[upkeep]
|-damage|p2a: Moltres|94/100|[from] Sandstorm
|-damage|p1a: Fygon|9/100 tox|[from] psn
|-heal|p2a: Moltres|100/100|[from] item: Leftovers
|upkeep
|turn|102
|
|t:|1728397915
|switch|p2a: Flygon|Flygon, M|26/100
|move|p1a: Fygon|Hidden Power|p2a: Flygon
|-crit|p2a: Flygon
|-damage|p2a: Flygon|0 fnt
|faint|p2a: Flygon
|
|t:|1728397923
|switch|p2a: Moltres|Moltres|100/100
|
|-weather|Sandstorm|[upkeep]
|-damage|p2a: Moltres|94/100|[from] Sandstorm
|-damage|p1a: Fygon|0 fnt|[from] psn
|faint|p1a: Fygon
|-heal|p2a: Moltres|100/100|[from] item: Leftovers
|upkeep
|
|t:|1728397934
|switch|p1a: Zados|Zapdos|73/100
|turn|103
|
|t:|1728397942
|switch|p2a: Blissey|Blissey, F|100/100
|-damage|p2a: Blissey|76/100|[from] Spikes
|move|p1a: Zados|Thunderbolt|p2a: Blissey
|-damage|p2a: Blissey|59/100
|
|-weather|Sandstorm|[upkeep]
|-damage|p1a: Zados|66/100|[from] Sandstorm
|-damage|p2a: Blissey|52/100|[from] Sandstorm
|-heal|p1a: Zados|73/100|[from] item: Leftovers
|-heal|p2a: Blissey|59/100|[from] item: Leftovers
|upkeep
|turn|104
|
|t:|1728397949
|switch|p1a: Tyrantar|Tyranitar, M|89/100
|-damage|p1a: Tyrantar|76/100|[from] Spikes
|move|p2a: Blissey|Soft-Boiled|p2a: Blissey
|-heal|p2a: Blissey|100/100
|
|-weather|Sandstorm|[upkeep]
|-damage|p2a: Blissey|94/100|[from] Sandstorm
|-heal|p2a: Blissey|100/100|[from] item: Leftovers
|upkeep
|turn|105
|
|t:|1728397956
|move|p1a: Tyrantar|Rock Slide|p2a: Blissey
|-damage|p2a: Blissey|31/100
|move|p2a: Blissey|Seismic Toss|p1a: Tyrantar
|-damage|p1a: Tyrantar|49/100
|
|-weather|Sandstorm|[upkeep]
|-damage|p2a: Blissey|25/100|[from] Sandstorm
|-heal|p2a: Blissey|31/100|[from] item: Leftovers
|upkeep
|turn|106
|
|t:|1728397982
|switch|p2a: Zapdos|Zapdos|74/100
|move|p1a: Tyrantar|Rock Slide|p2a: Zapdos
|-supereffective|p2a: Zapdos
|-damage|p2a: Zapdos|0 fnt
|faint|p2a: Zapdos
|
|t:|1728397983
|switch|p2a: Moltres|Moltres|100/100
|
|-weather|Sandstorm|[upkeep]
|-damage|p2a: Moltres|94/100|[from] Sandstorm
|-heal|p2a: Moltres|100/100|[from] item: Leftovers
|upkeep
|turn|107
|
|t:|1728397991
|switch|p1a: Blisey|Blissey, F|88/100
|-damage|p1a: Blisey|76/100|[from] Spikes
|move|p2a: Moltres|Will-O-Wisp|p1a: Blisey
|-status|p1a: Blisey|brn
|
|-weather|Sandstorm|[upkeep]
|-damage|p2a: Moltres|94/100|[from] Sandstorm
|-damage|p1a: Blisey|70/100 brn|[from] Sandstorm
|-heal|p2a: Moltres|100/100|[from] item: Leftovers
|-heal|p1a: Blisey|76/100 brn|[from] item: Leftovers
|-damage|p1a: Blisey|63/100 brn|[from] brn
|upkeep
|turn|108
|
|t:|1728398006
|move|p2a: Moltres|Flamethrower|p1a: Blisey
|-crit|p1a: Blisey
|-damage|p1a: Blisey|23/100 brn
|move|p1a: Blisey|Wish|p1a: Blisey
|
|-weather|Sandstorm|[upkeep]
|-damage|p2a: Moltres|94/100|[from] Sandstorm
|-damage|p1a: Blisey|17/100 brn|[from] Sandstorm
|-heal|p2a: Moltres|100/100|[from] item: Leftovers
|-heal|p1a: Blisey|23/100 brn|[from] item: Leftovers
|-damage|p1a: Blisey|11/100 brn|[from] brn
|upkeep
|turn|109
|
|t:|1728398031
|move|p2a: Moltres|Will-O-Wisp|p1a: Blisey
|-fail|p1a: Blisey|brn
|move|p1a: Blisey|Seismic Toss|p2a: Moltres
|-damage|p2a: Moltres|69/100
|
|-heal|p1a: Blisey|61/100 brn|[from] move: Wish|[wisher] Blisey
|-weather|Sandstorm|[upkeep]
|-damage|p2a: Moltres|63/100|[from] Sandstorm
|-damage|p1a: Blisey|55/100 brn|[from] Sandstorm
|-heal|p2a: Moltres|69/100|[from] item: Leftovers
|-heal|p1a: Blisey|61/100 brn|[from] item: Leftovers
|-damage|p1a: Blisey|49/100 brn|[from] brn
|upkeep
|turn|110
|-message|Mugua forfeited.
|
|win|CostcoCustomer
|c|☆Mugua|gg
|c|☆CostcoCustomer|gg
|c|☆Mugua|that last wow was my only out
|player|p2|

</script>
<script type="application/json" class="data" id="replaydata-smogtours-gen3ou-796352">
{"id":"smogtours-gen3ou-796352","format":"[Gen 3] OU","players":["CostcoCustomer","Mugua"],"uploadtime":1728398040,"views":92,"formatid":"gen3ou","rating":null,"private":0,"password":null}
</script>

<script defer src="js/replays.js?9d40a366"></script>
