<!DOCTYPE html>
<meta charset="utf-8" />
<meta name="viewport" content="width=device-width" />

<title>[Gen 3] OU: AutumnWailord vs. witgiz - Replays - Pok&eacute;mon Showdown!</title>

<meta name="description" content="Watch a replay of a Pok&eacute;mon battle between AutumnWailord and witgiz! Format: [Gen 3] OU; Date: Oct 23, 2024" />
<!--

Hey, you! Looking in the source for the replay log?

You can find them in JSON format, just add `.json` at the end of a replay URL.

https://replay.pokemonshowdown.com/gen7randomdoublesbattle-865046831.json

Or, if you only need the log itself, add `.log` instead:

https://replay.pokemonshowdown.com/gen7randomdoublesbattle-865046831.log

-->

<link rel="stylesheet" href="//pokemonshowdown.com/style/global.css?0.767286132409787" />
<link rel="stylesheet" href="//play.pokemonshowdown.com/style/font-awesome.css?0.9266228007934947" />
<link rel="stylesheet" href="//play.pokemonshowdown.com/style/battle.css?0.7924700842790926" />
<link rel="stylesheet" href="//play.pokemonshowdown.com/style/utilichart.css?0.8777417872839479" />

<!-- Global site tag (gtag.js) - Google Analytics -->
<script async src="https://www.googletagmanager.com/gtag/js?id=UA-26211653-1"></script>
<script>
  window.dataLayer = window.dataLayer || [];
  function gtag(){dataLayer.push(arguments);}
  gtag('js', new Date());

  gtag('config', 'UA-26211653-1');
</script>
<!-- End Google Analytics -->
<!-- Venatus Ad Manager - Install in <HEAD> of page -->
	<script src="https://hb.vntsm.com/v3/live/ad-manager.min.js" type="text/javascript" data-site-id="642aba63ec9a7b11c3c9c1be" data-mode="scan" async></script>
<!-- / Venatus Ad Manager -->

<style>
	@media (max-width:820px) {
		.battle {
			margin: 0 auto;
		}
		.battle-log {
			margin: 7px auto 0;
			max-width: 640px;
			height: 300px;
			position: static;
		}
	}
	.optgroup {
		display: inline-block;
		line-height: 22px;
		font-size: 10pt;
	}
	.optgroup .button {
		height: 25px;
		padding-top: 0;
		padding-bottom: 0;
	}
	.optgroup button.button {
		padding-left: 12px;
		padding-right: 12px;
	}
	.linklist {
		list-style: none;
		margin: 0.5em 0;
		padding: 0;
	}
	.linklist li {
		padding: 2px 0;
	}
	.sidebar {
		float: left;
		width: 320px;
	}
	.bar-wrapper {
		max-width: 1100px;
		margin: 0 auto;
	}
	.bar-wrapper.has-sidebar {
		max-width: 1430px;
	}
	.mainbar {
		margin: 0;
		padding-right: 1px;
	}
	.mainbar.has-sidebar {
		margin-left: 330px;
	}
	@media (min-width: 1511px) {
		.sidebar {
			width: 400px;
		}
		.bar-wrapper.has-sidebar {
			max-width: 1510px;
		}
		.mainbar.has-sidebar {
			margin-left: 410px;
		}
	}
	.section.first-section {
		margin-top: 9px;
	}
	.blocklink small {
		white-space: normal;
	}
	.button {
		vertical-align: middle;
	}
	.replay-controls {
		padding-top: 10px;
	}
	.replay-controls h1 {
		font-size: 16pt;
		font-weight: normal;
		color: #CCC;
	}
	.pagelink {
		text-align: center;
	}
	.pagelink a {
		width: 150px;
	}
	.textbox, .button {
		font-size: 11pt;
		vertical-align: middle;
	}
	@media (max-width: 450px) {
		.button {
			font-size: 9pt;
		}
	}
</style>

<div>

	<header>
		<div class="nav-wrapper"><ul class="nav">
			<li><a class="button nav-first" href="//pokemonshowdown.com/"><img src="//pokemonshowdown.com/images/pokemonshowdownbeta.png" srcset="//pokemonshowdown.com/images/pokemonshowdownbeta.png 1x, //pokemonshowdown.com/images/pokemonshowdownbeta@2x.png 2x" alt="Pok&eacute;mon Showdown" width="146" height="44" /> Home</a></li>
			<li><a class="button" href="//pokemonshowdown.com/dex/">Pok&eacute;dex</a></li>
			<li><a class="button cur" href="/">Replays</a></li>
			<li><a class="button" href="//pokemonshowdown.com/ladder/">Ladder</a></li>
			<li><a class="button nav-last" href="//pokemonshowdown.com/forums/">Forum</a></li>
			<li><a class="button greenbutton nav-first nav-last" href="//play.pokemonshowdown.com/">Play</a></li>
		</ul></div>
	</header>

	<div class="main" id="main">

		<noscript><section class="section">You need to enable JavaScript to use this page; sorry!</section></noscript>

	</div>

</div>

<script defer nomodule src="//play.pokemonshowdown.com/js/lib/ps-polyfill.js"></script>
<script defer src="//play.pokemonshowdown.com/js/lib/preact.min.js"></script>

<script defer src="//play.pokemonshowdown.com/config/config.js?6dec07f6"></script>
<script defer src="//play.pokemonshowdown.com/js/lib/jquery-1.11.0.min.js"></script>
<script defer src="//play.pokemonshowdown.com/js/lib/html-sanitizer-minified.js"></script>
<script defer src="//play.pokemonshowdown.com/js/battle-sound.js"></script>
<script defer src="//play.pokemonshowdown.com/js/battledata.js?0.6315294753075389"></script>
<script defer src="//play.pokemonshowdown.com/data/pokedex-mini.js?0.7603743185311358"></script>
<script defer src="//play.pokemonshowdown.com/data/pokedex-mini-bw.js?0.030888842834281283"></script>
<script defer src="//play.pokemonshowdown.com/data/graphics.js?0.05593094747507488"></script>
<script defer src="//play.pokemonshowdown.com/data/pokedex.js?0.47064822249611904"></script>
<script defer src="//play.pokemonshowdown.com/data/moves.js?0.8583693120512459"></script>
<script defer src="//play.pokemonshowdown.com/data/abilities.js?0.16017181182386842"></script>
<script defer src="//play.pokemonshowdown.com/data/items.js?0.4163379185673943"></script>
<script defer src="//play.pokemonshowdown.com/data/teambuilder-tables.js?0.31075597372830477"></script>
<script defer src="//play.pokemonshowdown.com/js/battle-tooltips.js?0.6536193500708172"></script>
<script defer src="//play.pokemonshowdown.com/js/battle.js?0.1916591943277901"></script>

<script defer src="js/utils.js?e31f9a17"></script>
<script defer src="js/replays-battle.js?7008c182"></script>

<!-- don't scrape this data! just add .json or .log after the URL!
Full API docs: https://github.com/smogon/pokemon-showdown-client/blob/master/WEB-API.md -->
<script type="text/plain" class="log" id="replaylog-smogtours-gen3ou-801380">
|inactive|Battle timer is ON: inactive players will automatically lose when time's up.
|t:|1729699652
|gametype|singles
|player|p1|AutumnWailord|skyla-masters2|
|player|p2|witgiz|linebacker|
|teamsize|p1|6
|teamsize|p2|6
|gen|3
|tier|[Gen 3] OU
|rule|Sleep Clause Mod: Limit one foe put to sleep
|rule|Switch Priority Clause Mod: Faster Pokémon switch first
|rule|Species Clause: Limit one of each Pokémon
|rule|OHKO Clause: OHKO moves are banned
|rule|Evasion Items Clause: Evasion items are banned
|rule|Evasion Moves Clause: Evasion moves are banned
|rule|Endless Battle Clause: Forcing endless battles is banned
|rule|HP Percentage Mod: HP is shown in percentages
|rule|One Boost Passer Clause: Limit one Baton Passer that has a way to boost its stats
|rule|Freeze Clause Mod: Limit one foe frozen
|
|t:|1729699652
|start
|switch|p1a: Regirock|Regirock, shiny|100/100
|switch|p2a: Jubar_|Aerodactyl, M|100/100
|turn|1
|inactive|witgiz has 270 seconds left.
|
|t:|1729699695
|switch|p2a: HydroElectricPlant|Swampert, F|100/100
|move|p1a: Regirock|Rock Slide|p2a: HydroElectricPlant
|-resisted|p2a: HydroElectricPlant
|-damage|p2a: HydroElectricPlant|88/100
|
|-heal|p2a: HydroElectricPlant|94/100|[from] item: Leftovers
|upkeep
|turn|2
|inactive|witgiz has 270 seconds left.
|
|t:|1729699731
|switch|p2a: Flaming_Granny|Forretress, M|100/100
|switch|p1a: Suicune|Suicune, shiny|100/100
|
|upkeep
|turn|3
|
|t:|1729699735
|switch|p1a: Magneton|Magneton|100/100
|move|p2a: Flaming_Granny|Spikes|p1a: Magneton
|-sidestart|p1: AutumnWailord|Spikes
|
|upkeep
|turn|4
|inactive|witgiz has 270 seconds left.
|inactive|witgiz has 240 seconds left.
|
|t:|1729699802
|move|p1a: Magneton|Hidden Power|p2a: Flaming_Granny
|-supereffective|p2a: Flaming_Granny
|-damage|p2a: Flaming_Granny|10/100
|move|p2a: Flaming_Granny|Explosion|p1a: Magneton
|-resisted|p1a: Magneton
|-damage|p1a: Magneton|20/100
|faint|p2a: Flaming_Granny
|
|t:|1729699813
|switch|p2a: zoazo|Tyranitar, F|100/100
|-weather|Sandstorm|[from] ability: Sand Stream|[of] p2a: zoazo
|
|-weather|Sandstorm|[upkeep]
|upkeep
|turn|5
|
|t:|1729699818
|move|p1a: Magneton|Thunderbolt|p2a: zoazo
|-damage|p2a: zoazo|54/100
|move|p2a: zoazo|Flamethrower|p1a: Magneton
|-supereffective|p1a: Magneton
|-damage|p1a: Magneton|0 fnt
|faint|p1a: Magneton
|
|t:|1729699824
|switch|p1a: Regirock|Regirock, shiny|100/100
|-damage|p1a: Regirock|88/100|[from] Spikes
|
|-weather|Sandstorm|[upkeep]
|-heal|p1a: Regirock|94/100|[from] item: Leftovers
|-heal|p2a: zoazo|60/100|[from] item: Leftovers
|upkeep
|turn|6
|
|t:|1729699829
|switch|p2a: HydroElectricPlant|Swampert, F|94/100
|move|p1a: Regirock|Earthquake|p2a: HydroElectricPlant
|-damage|p2a: HydroElectricPlant|72/100
|
|-weather|Sandstorm|[upkeep]
|-heal|p2a: HydroElectricPlant|78/100|[from] item: Leftovers
|-heal|p1a: Regirock|99/100|[from] item: Leftovers
|upkeep
|turn|7
|
|t:|1729699833
|move|p2a: HydroElectricPlant|Protect|p2a: HydroElectricPlant
|-singleturn|p2a: HydroElectricPlant|Protect
|move|p1a: Regirock|Explosion|p2a: HydroElectricPlant
|-activate|p2a: HydroElectricPlant|Protect
|faint|p1a: Regirock
|
|t:|1729699839
|switch|p1a: Suicune|Suicune, shiny|100/100
|-damage|p1a: Suicune|88/100|[from] Spikes
|
|-weather|Sandstorm|[upkeep]
|-damage|p1a: Suicune|82/100|[from] Sandstorm
|-heal|p1a: Suicune|88/100|[from] item: Leftovers
|-heal|p2a: HydroElectricPlant|84/100|[from] item: Leftovers
|upkeep
|turn|8
|
|t:|1729699847
|switch|p2a: NoOneAtAII|Zapdos|100/100
|move|p1a: Suicune|Calm Mind|p1a: Suicune
|-boost|p1a: Suicune|spa|1
|-boost|p1a: Suicune|spd|1
|
|-weather|Sandstorm|[upkeep]
|-damage|p2a: NoOneAtAII|94/100|[from] Sandstorm
|-damage|p1a: Suicune|82/100|[from] Sandstorm
|-heal|p2a: NoOneAtAII|100/100|[from] item: Leftovers
|-heal|p1a: Suicune|88/100|[from] item: Leftovers
|upkeep
|turn|9
|
|t:|1729699851
|switch|p1a: Snorlax|Snorlax, M, shiny|100/100
|-damage|p1a: Snorlax|88/100|[from] Spikes
|move|p2a: NoOneAtAII|Roar|p1a: Snorlax
|drag|p1a: Metagross|Metagross|100/100
|-damage|p1a: Metagross|88/100|[from] Spikes
|
|-weather|Sandstorm|[upkeep]
|-damage|p2a: NoOneAtAII|94/100|[from] Sandstorm
|-heal|p2a: NoOneAtAII|100/100|[from] item: Leftovers
|-heal|p1a: Metagross|94/100|[from] item: Leftovers
|upkeep
|turn|10
|
|t:|1729699860
|switch|p2a: zoazo|Tyranitar, F|60/100
|move|p1a: Metagross|Explosion|p2a: zoazo
|-resisted|p2a: zoazo
|-damage|p2a: zoazo|0 fnt
|faint|p1a: Metagross
|faint|p2a: zoazo
|inactive|witgiz has 270 seconds left.
|
|t:|1729699896
|switch|p1a: Snorlax|Snorlax, M, shiny|88/100
|switch|p2a: Jubar_|Aerodactyl, M|100/100
|-damage|p1a: Snorlax|76/100|[from] Spikes
|
|-weather|Sandstorm|[upkeep]
|-damage|p1a: Snorlax|70/100|[from] Sandstorm
|-heal|p1a: Snorlax|76/100|[from] item: Leftovers
|upkeep
|turn|11
|inactive|witgiz has 240 seconds left.
|
|t:|1729699938
|move|p2a: Jubar_|Rock Slide|p1a: Snorlax
|-damage|p1a: Snorlax|23/100
|move|p1a: Snorlax|Self-Destruct|p2a: Jubar_
|-resisted|p2a: Jubar_
|-damage|p2a: Jubar_|0 fnt
|faint|p1a: Snorlax
|faint|p2a: Jubar_
|
|t:|1729699946
|switch|p2a: NoOneAtAII|Zapdos|100/100
|switch|p1a: Salamence|Salamence, M|100/100
|-ability|p1a: Salamence|Intimidate|boost
|-unboost|p2a: NoOneAtAII|atk|1
|
|-weather|Sandstorm|[upkeep]
|-damage|p1a: Salamence|94/100|[from] Sandstorm
|-damage|p2a: NoOneAtAII|94/100|[from] Sandstorm
|-heal|p1a: Salamence|100/100|[from] item: Leftovers
|-heal|p2a: NoOneAtAII|100/100|[from] item: Leftovers
|upkeep
|turn|12
|inactive|witgiz has 240 seconds left.
|inactive|witgiz has 210 seconds left.
|
|t:|1729700005
|switch|p2a: russ2005|Blissey, F|100/100
|move|p1a: Salamence|Rock Slide|p2a: russ2005
|-damage|p2a: russ2005|68/100
|
|-weather|Sandstorm|[upkeep]
|-damage|p1a: Salamence|94/100|[from] Sandstorm
|-damage|p2a: russ2005|62/100|[from] Sandstorm
|-heal|p1a: Salamence|100/100|[from] item: Leftovers
|-heal|p2a: russ2005|68/100|[from] item: Leftovers
|upkeep
|turn|13
|inactive|witgiz has 180 seconds left.
|
|t:|1729700045
|switch|p1a: Suicune|Suicune, shiny|88/100
|-damage|p1a: Suicune|76/100|[from] Spikes
|move|p2a: russ2005|Wish|p2a: russ2005
|
|-weather|Sandstorm|[upkeep]
|-damage|p1a: Suicune|69/100|[from] Sandstorm
|-damage|p2a: russ2005|62/100|[from] Sandstorm
|-heal|p1a: Suicune|76/100|[from] item: Leftovers
|-heal|p2a: russ2005|68/100|[from] item: Leftovers
|upkeep
|turn|14
|
|t:|1729700051
|move|p1a: Suicune|Calm Mind|p1a: Suicune
|-boost|p1a: Suicune|spa|1
|-boost|p1a: Suicune|spd|1
|move|p2a: russ2005|Thunderbolt|p1a: Suicune
|-supereffective|p1a: Suicune
|-damage|p1a: Suicune|49/100
|-status|p1a: Suicune|par
|
|-heal|p2a: russ2005|100/100|[from] move: Wish|[wisher] russ2005
|-weather|Sandstorm|[upkeep]
|-damage|p2a: russ2005|94/100|[from] Sandstorm
|-damage|p1a: Suicune|42/100 par|[from] Sandstorm
|-heal|p2a: russ2005|100/100|[from] item: Leftovers
|-heal|p1a: Suicune|49/100 par|[from] item: Leftovers
|upkeep
|turn|15
|
|t:|1729700060
|switch|p2a: NoOneAtAII|Zapdos|100/100
|cant|p1a: Suicune|par
|
|-weather|Sandstorm|[upkeep]
|-damage|p2a: NoOneAtAII|94/100|[from] Sandstorm
|-damage|p1a: Suicune|42/100 par|[from] Sandstorm
|-heal|p2a: NoOneAtAII|100/100|[from] item: Leftovers
|-heal|p1a: Suicune|49/100 par|[from] item: Leftovers
|upkeep
|turn|16
|
|t:|1729700068
|move|p2a: NoOneAtAII|Thunderbolt|p1a: Suicune
|-supereffective|p1a: Suicune
|-damage|p1a: Suicune|10/100 par
|move|p1a: Suicune|Rest|p1a: Suicune
|-status|p1a: Suicune|slp|[from] move: Rest
|-heal|p1a: Suicune|100/100 slp|[silent]
|
|-weather|Sandstorm|[upkeep]
|-damage|p2a: NoOneAtAII|94/100|[from] Sandstorm
|-damage|p1a: Suicune|94/100 slp|[from] Sandstorm
|-heal|p2a: NoOneAtAII|100/100|[from] item: Leftovers
|-heal|p1a: Suicune|100/100 slp|[from] item: Leftovers
|upkeep
|turn|17
|inactive|witgiz has 180 seconds left.
|inactive|witgiz has 150 seconds left.
|inactive|witgiz has 120 seconds left.
|
|t:|1729700149
|cant|p1a: Suicune|slp
|move|p1a: Suicune|Sleep Talk|p1a: Suicune
|move|p1a: Suicune|Rest|p1a: Suicune|[from]Sleep Talk
|move|p2a: NoOneAtAII|Roar|p1a: Suicune
|drag|p1a: Salamence|Salamence, M|100/100
|-ability|p1a: Salamence|Intimidate|boost
|-unboost|p2a: NoOneAtAII|atk|1
|
|-weather|Sandstorm|[upkeep]
|-damage|p1a: Salamence|94/100|[from] Sandstorm
|-damage|p2a: NoOneAtAII|94/100|[from] Sandstorm
|-heal|p1a: Salamence|100/100|[from] item: Leftovers
|-heal|p2a: NoOneAtAII|100/100|[from] item: Leftovers
|upkeep
|turn|18
|inactive|witgiz has 120 seconds left.
|
|t:|1729700173
|switch|p2a: russ2005|Blissey, F|100/100
|move|p1a: Salamence|Rock Slide|p2a: russ2005
|-damage|p2a: russ2005|70/100
|
|-weather|Sandstorm|[upkeep]
|-damage|p1a: Salamence|94/100|[from] Sandstorm
|-damage|p2a: russ2005|64/100|[from] Sandstorm
|-heal|p1a: Salamence|100/100|[from] item: Leftovers
|-heal|p2a: russ2005|70/100|[from] item: Leftovers
|upkeep
|turn|19
|
|t:|1729700178
|switch|p1a: Suicune|Suicune, shiny|100/100 slp
|-damage|p1a: Suicune|88/100 slp|[from] Spikes
|move|p2a: russ2005|Ice Beam|p1a: Suicune
|-resisted|p1a: Suicune
|-damage|p1a: Suicune|79/100 slp
|
|-weather|Sandstorm|[upkeep]
|-damage|p1a: Suicune|73/100 slp|[from] Sandstorm
|-damage|p2a: russ2005|64/100|[from] Sandstorm
|-heal|p1a: Suicune|79/100 slp|[from] item: Leftovers
|-heal|p2a: russ2005|70/100|[from] item: Leftovers
|upkeep
|turn|20
|
|t:|1729700182
|cant|p1a: Suicune|slp
|move|p1a: Suicune|Sleep Talk|p1a: Suicune
|move|p1a: Suicune|Surf|p2a: russ2005|[from]Sleep Talk
|-damage|p2a: russ2005|53/100
|move|p2a: russ2005|Thunderbolt|p1a: Suicune
|-supereffective|p1a: Suicune
|-damage|p1a: Suicune|40/100 slp
|
|-weather|Sandstorm|[upkeep]
|-damage|p1a: Suicune|34/100 slp|[from] Sandstorm
|-damage|p2a: russ2005|47/100|[from] Sandstorm
|-heal|p1a: Suicune|40/100 slp|[from] item: Leftovers
|-heal|p2a: russ2005|53/100|[from] item: Leftovers
|upkeep
|turn|21
|
|t:|1729700192
|cant|p1a: Suicune|slp
|move|p1a: Suicune|Sleep Talk|p1a: Suicune
|move|p1a: Suicune|Rest|p1a: Suicune|[from]Sleep Talk
|move|p2a: russ2005|Thunderbolt|p1a: Suicune
|-supereffective|p1a: Suicune
|-damage|p1a: Suicune|0 fnt
|faint|p1a: Suicune
|
|t:|1729700198
|switch|p1a: Salamence|Salamence, M|100/100
|-ability|p1a: Salamence|Intimidate|boost
|-unboost|p2a: russ2005|atk|1
|
|-weather|Sandstorm|[upkeep]
|-damage|p1a: Salamence|94/100|[from] Sandstorm
|-damage|p2a: russ2005|47/100|[from] Sandstorm
|-heal|p1a: Salamence|100/100|[from] item: Leftovers
|-heal|p2a: russ2005|53/100|[from] item: Leftovers
|upkeep
|turn|22
|
|t:|1729700201
|move|p1a: Salamence|Rock Slide|p2a: russ2005
|-damage|p2a: russ2005|25/100
|move|p2a: russ2005|Ice Beam|p1a: Salamence
|-supereffective|p1a: Salamence
|-damage|p1a: Salamence|0 fnt
|faint|p1a: Salamence
|
|win|witgiz
|c|☆witgiz|gg
|c|☆AutumnWailord|wp
|player|p1|

</script>
<script type="application/json" class="data" id="replaydata-smogtours-gen3ou-801380">
{"id":"smogtours-gen3ou-801380","format":"[Gen 3] OU","players":["AutumnWailord","witgiz"],"uploadtime":1729700201,"views":120,"formatid":"gen3ou","rating":null,"private":0,"password":null}
</script>

<script defer src="js/replays.js?9d40a366"></script>
