<!DOCTYPE html>
<meta charset="utf-8" />
<meta name="viewport" content="width=device-width" />

<title>[Gen 3] OU: WraxiusGaming vs. PinjarraPanther - Replays - Pok&eacute;mon Showdown!</title>

<meta name="description" content="Watch a replay of a Pok&eacute;mon battle between WraxiusGaming and PinjarraPanther! Format: [Gen 3] OU; Date: Oct 26, 2024" />
<!--

Hey, you! Looking in the source for the replay log?

You can find them in JSON format, just add `.json` at the end of a replay URL.

https://replay.pokemonshowdown.com/gen7randomdoublesbattle-865046831.json

Or, if you only need the log itself, add `.log` instead:

https://replay.pokemonshowdown.com/gen7randomdoublesbattle-865046831.log

-->

<link rel="stylesheet" href="//pokemonshowdown.com/style/global.css?0.023195364461161105" />
<link rel="stylesheet" href="//play.pokemonshowdown.com/style/font-awesome.css?0.13261647063804238" />
<link rel="stylesheet" href="//play.pokemonshowdown.com/style/battle.css?0.8753245789963631" />
<link rel="stylesheet" href="//play.pokemonshowdown.com/style/utilichart.css?0.8627959624976733" />

<!-- Global site tag (gtag.js) - Google Analytics -->
<script async src="https://www.googletagmanager.com/gtag/js?id=UA-26211653-1"></script>
<script>
  window.dataLayer = window.dataLayer || [];
  function gtag(){dataLayer.push(arguments);}
  gtag('js', new Date());

  gtag('config', 'UA-26211653-1');
</script>
<!-- End Google Analytics -->
<!-- Venatus Ad Manager - Install in <HEAD> of page -->
	<script src="https://hb.vntsm.com/v3/live/ad-manager.min.js" type="text/javascript" data-site-id="642aba63ec9a7b11c3c9c1be" data-mode="scan" async></script>
<!-- / Venatus Ad Manager -->

<style>
	@media (max-width:820px) {
		.battle {
			margin: 0 auto;
		}
		.battle-log {
			margin: 7px auto 0;
			max-width: 640px;
			height: 300px;
			position: static;
		}
	}
	.optgroup {
		display: inline-block;
		line-height: 22px;
		font-size: 10pt;
	}
	.optgroup .button {
		height: 25px;
		padding-top: 0;
		padding-bottom: 0;
	}
	.optgroup button.button {
		padding-left: 12px;
		padding-right: 12px;
	}
	.linklist {
		list-style: none;
		margin: 0.5em 0;
		padding: 0;
	}
	.linklist li {
		padding: 2px 0;
	}
	.sidebar {
		float: left;
		width: 320px;
	}
	.bar-wrapper {
		max-width: 1100px;
		margin: 0 auto;
	}
	.bar-wrapper.has-sidebar {
		max-width: 1430px;
	}
	.mainbar {
		margin: 0;
		padding-right: 1px;
	}
	.mainbar.has-sidebar {
		margin-left: 330px;
	}
	@media (min-width: 1511px) {
		.sidebar {
			width: 400px;
		}
		.bar-wrapper.has-sidebar {
			max-width: 1510px;
		}
		.mainbar.has-sidebar {
			margin-left: 410px;
		}
	}
	.section.first-section {
		margin-top: 9px;
	}
	.blocklink small {
		white-space: normal;
	}
	.button {
		vertical-align: middle;
	}
	.replay-controls {
		padding-top: 10px;
	}
	.replay-controls h1 {
		font-size: 16pt;
		font-weight: normal;
		color: #CCC;
	}
	.pagelink {
		text-align: center;
	}
	.pagelink a {
		width: 150px;
	}
	.textbox, .button {
		font-size: 11pt;
		vertical-align: middle;
	}
	@media (max-width: 450px) {
		.button {
			font-size: 9pt;
		}
	}
</style>

<div>

	<header>
		<div class="nav-wrapper"><ul class="nav">
			<li><a class="button nav-first" href="//pokemonshowdown.com/"><img src="//pokemonshowdown.com/images/pokemonshowdownbeta.png" srcset="//pokemonshowdown.com/images/pokemonshowdownbeta.png 1x, //pokemonshowdown.com/images/pokemonshowdownbeta@2x.png 2x" alt="Pok&eacute;mon Showdown" width="146" height="44" /> Home</a></li>
			<li><a class="button" href="//pokemonshowdown.com/dex/">Pok&eacute;dex</a></li>
			<li><a class="button cur" href="/">Replays</a></li>
			<li><a class="button" href="//pokemonshowdown.com/ladder/">Ladder</a></li>
			<li><a class="button nav-last" href="//pokemonshowdown.com/forums/">Forum</a></li>
			<li><a class="button greenbutton nav-first nav-last" href="//play.pokemonshowdown.com/">Play</a></li>
		</ul></div>
	</header>

	<div class="main" id="main">

		<noscript><section class="section">You need to enable JavaScript to use this page; sorry!</section></noscript>

	</div>

</div>

<script defer nomodule src="//play.pokemonshowdown.com/js/lib/ps-polyfill.js"></script>
<script defer src="//play.pokemonshowdown.com/js/lib/preact.min.js"></script>

<script defer src="//play.pokemonshowdown.com/config/config.js?2bddbc15"></script>
<script defer src="//play.pokemonshowdown.com/js/lib/jquery-1.11.0.min.js"></script>
<script defer src="//play.pokemonshowdown.com/js/lib/html-sanitizer-minified.js"></script>
<script defer src="//play.pokemonshowdown.com/js/battle-sound.js"></script>
<script defer src="//play.pokemonshowdown.com/js/battledata.js?0.7209276989879541"></script>
<script defer src="//play.pokemonshowdown.com/data/pokedex-mini.js?0.6111056340867951"></script>
<script defer src="//play.pokemonshowdown.com/data/pokedex-mini-bw.js?0.3532142036491459"></script>
<script defer src="//play.pokemonshowdown.com/data/graphics.js?0.24223875632456182"></script>
<script defer src="//play.pokemonshowdown.com/data/pokedex.js?0.38839984266356864"></script>
<script defer src="//play.pokemonshowdown.com/data/moves.js?0.21866028504024015"></script>
<script defer src="//play.pokemonshowdown.com/data/abilities.js?0.2005157953846628"></script>
<script defer src="//play.pokemonshowdown.com/data/items.js?0.9894211263848525"></script>
<script defer src="//play.pokemonshowdown.com/data/teambuilder-tables.js?0.6008791140282215"></script>
<script defer src="//play.pokemonshowdown.com/js/battle-tooltips.js?0.7580118955022959"></script>
<script defer src="//play.pokemonshowdown.com/js/battle.js?0.6057722274234274"></script>

<script defer src="js/utils.js?e31f9a17"></script>
<script defer src="js/replays-battle.js?7008c182"></script>

<!-- don't scrape this data! just add .json or .log after the URL!
Full API docs: https://github.com/smogon/pokemon-showdown-client/blob/master/WEB-API.md -->
<script type="text/plain" class="log" id="replaylog-smogtours-gen3ou-801997">
|inactive|Battle timer is ON: inactive players will automatically lose when time's up.
|t:|1729901569
|gametype|singles
|player|p1|WraxiusGaming|marley|
|player|p2|PinjarraPanther|265|
|teamsize|p1|6
|teamsize|p2|6
|gen|3
|tier|[Gen 3] OU
|rule|Sleep Clause Mod: Limit one foe put to sleep
|rule|Switch Priority Clause Mod: Faster Pokémon switch first
|rule|Species Clause: Limit one of each Pokémon
|rule|OHKO Clause: OHKO moves are banned
|rule|Evasion Items Clause: Evasion items are banned
|rule|Evasion Moves Clause: Evasion moves are banned
|rule|Endless Battle Clause: Forcing endless battles is banned
|rule|HP Percentage Mod: HP is shown in percentages
|rule|One Boost Passer Clause: Limit one Baton Passer that has a way to boost its stats
|rule|Freeze Clause Mod: Limit one foe frozen
|
|t:|1729901569
|start
|switch|p1a: Suicune|Suicune|100/100
|switch|p2a: Spoonman|Hariyama, F, shiny|100/100
|turn|1
|inactive|WraxiusGaming also wants the timer to be on.
|
|t:|1729901573
|move|p1a: Suicune|Substitute|p1a: Suicune
|-start|p1a: Suicune|Substitute
|-damage|p1a: Suicune|76/100
|move|p2a: Spoonman|Knock Off|p1a: Suicune
|-activate|p1a: Suicune|Substitute|[damage]
|
|-heal|p1a: Suicune|82/100|[from] item: Leftovers
|upkeep
|turn|2
|
|t:|1729901577
|move|p1a: Suicune|Calm Mind|p1a: Suicune
|-boost|p1a: Suicune|spa|1
|-boost|p1a: Suicune|spd|1
|move|p2a: Spoonman|Whirlwind|p1a: Suicune
|drag|p1a: Tyranitar|Tyranitar, F|100/100
|-weather|Sandstorm|[from] ability: Sand Stream|[of] p1a: Tyranitar
|
|-weather|Sandstorm|[upkeep]
|-damage|p2a: Spoonman|94/100|[from] Sandstorm
|-heal|p2a: Spoonman|100/100|[from] item: Leftovers
|upkeep
|turn|3
|
|t:|1729901584
|switch|p1a: Salamence|Salamence, M|100/100
|-ability|p1a: Salamence|Intimidate|boost
|-unboost|p2a: Spoonman|atk|1
|move|p2a: Spoonman|Cross Chop|p1a: Salamence|[miss]
|-miss|p2a: Spoonman|p1a: Salamence
|
|-weather|Sandstorm|[upkeep]
|-damage|p1a: Salamence|94/100|[from] Sandstorm
|-damage|p2a: Spoonman|94/100|[from] Sandstorm
|-heal|p1a: Salamence|100/100|[from] item: Leftovers
|-heal|p2a: Spoonman|100/100|[from] item: Leftovers
|upkeep
|turn|4
|
|t:|1729901605
|move|p1a: Salamence|Hidden Power|p2a: Spoonman
|-supereffective|p2a: Spoonman
|-damage|p2a: Spoonman|21/100
|move|p2a: Spoonman|Knock Off|p1a: Salamence
|-crit|p1a: Salamence
|-damage|p1a: Salamence|95/100
|-enditem|p1a: Salamence|Leftovers|[from] move: Knock Off|[of] p2a: Spoonman
|-hint|In Gens 3-4, Knock Off only makes the target's item unusable; it cannot obtain a new item.
|
|-weather|Sandstorm|[upkeep]
|-damage|p1a: Salamence|89/100|[from] Sandstorm
|-damage|p2a: Spoonman|15/100|[from] Sandstorm
|-heal|p2a: Spoonman|21/100|[from] item: Leftovers
|upkeep
|turn|5
|
|t:|1729901619
|switch|p2a: My Wave|Swampert, M, shiny|100/100
|move|p1a: Salamence|Earthquake|p2a: My Wave
|-damage|p2a: My Wave|72/100
|
|-weather|Sandstorm|[upkeep]
|-damage|p1a: Salamence|83/100|[from] Sandstorm
|-heal|p2a: My Wave|78/100|[from] item: Leftovers
|upkeep
|turn|6
|
|t:|1729901627
|switch|p1a: Suicune|Suicune|82/100
|move|p2a: My Wave|Roar|p1a: Suicune
|drag|p1a: Tyranitar|Tyranitar, F|100/100
|
|-weather|Sandstorm|[upkeep]
|-heal|p2a: My Wave|85/100|[from] item: Leftovers
|upkeep
|turn|7
|
|t:|1729901637
|switch|p1a: Suicune|Suicune|82/100
|move|p2a: My Wave|Protect||[still]
|-fail|p2a: My Wave
|
|-weather|Sandstorm|[upkeep]
|-damage|p1a: Suicune|76/100|[from] Sandstorm
|-heal|p1a: Suicune|82/100|[from] item: Leftovers
|-heal|p2a: My Wave|91/100|[from] item: Leftovers
|upkeep
|turn|8
|
|t:|1729901642
|move|p1a: Suicune|Hydro Pump|p2a: My Wave
|-damage|p2a: My Wave|46/100
|move|p2a: My Wave|Roar|p1a: Suicune
|drag|p1a: Salamence|Salamence, M|83/100
|-ability|p1a: Salamence|Intimidate|boost
|-unboost|p2a: My Wave|atk|1
|
|-weather|Sandstorm|[upkeep]
|-damage|p1a: Salamence|77/100|[from] Sandstorm
|-heal|p2a: My Wave|52/100|[from] item: Leftovers
|upkeep
|turn|9
|
|t:|1729901648
|switch|p1a: Suicune|Suicune|82/100
|switch|p2a: Fell On Black Days|Salamence, M|100/100
|-ability|p2a: Fell On Black Days|Intimidate|boost
|-unboost|p1a: Suicune|atk|1
|
|-weather|Sandstorm|[upkeep]
|-damage|p1a: Suicune|76/100|[from] Sandstorm
|-damage|p2a: Fell On Black Days|94/100|[from] Sandstorm
|-heal|p1a: Suicune|82/100|[from] item: Leftovers
|-heal|p2a: Fell On Black Days|100/100|[from] item: Leftovers
|upkeep
|turn|10
|inactive|PinjarraPanther has 270 seconds left.
|inactive|PinjarraPanther has 240 seconds left.
|
|t:|1729901737
|switch|p2a: My Wave|Swampert, M, shiny|52/100
|move|p1a: Suicune|Ice Beam|p2a: My Wave
|-crit|p2a: My Wave
|-damage|p2a: My Wave|4/100
|
|-weather|Sandstorm|[upkeep]
|-damage|p1a: Suicune|76/100|[from] Sandstorm
|-heal|p1a: Suicune|82/100|[from] item: Leftovers
|-heal|p2a: My Wave|11/100|[from] item: Leftovers
|upkeep
|turn|11
|
|t:|1729901750
|move|p1a: Suicune|Ice Beam|p2a: My Wave
|-damage|p2a: My Wave|0 fnt
|faint|p2a: My Wave
|inactive|PinjarraPanther has 210 seconds left.
|
|t:|1729901777
|switch|p2a: Superunknown|Venusaur, F, shiny|100/100
|
|-weather|Sandstorm|[upkeep]
|-damage|p1a: Suicune|76/100|[from] Sandstorm
|-damage|p2a: Superunknown|94/100|[from] Sandstorm
|-heal|p1a: Suicune|82/100|[from] item: Leftovers
|-heal|p2a: Superunknown|100/100|[from] item: Leftovers
|upkeep
|turn|12
|
|t:|1729901782
|move|p1a: Suicune|Substitute|p1a: Suicune
|-start|p1a: Suicune|Substitute
|-damage|p1a: Suicune|57/100
|move|p2a: Superunknown|Giga Drain|p1a: Suicune
|-supereffective|p1a: Suicune
|-end|p1a: Suicune|Substitute
|
|-weather|Sandstorm|[upkeep]
|-damage|p1a: Suicune|51/100|[from] Sandstorm
|-damage|p2a: Superunknown|94/100|[from] Sandstorm
|-heal|p1a: Suicune|57/100|[from] item: Leftovers
|-heal|p2a: Superunknown|100/100|[from] item: Leftovers
|upkeep
|turn|13
|inactive|PinjarraPanther has 210 seconds left.
|
|t:|1729901788
|switch|p1a: Snorlax|Snorlax, F|100/100
|move|p2a: Superunknown|Giga Drain|p1a: Snorlax
|-damage|p1a: Snorlax|90/100
|
|-weather|Sandstorm|[upkeep]
|-damage|p2a: Superunknown|94/100|[from] Sandstorm
|-damage|p1a: Snorlax|84/100|[from] Sandstorm
|-heal|p2a: Superunknown|100/100|[from] item: Leftovers
|-heal|p1a: Snorlax|90/100|[from] item: Leftovers
|upkeep
|turn|14
|
|t:|1729901792
|move|p2a: Superunknown|Sleep Powder|p1a: Snorlax
|-status|p1a: Snorlax|slp|[from] move: Sleep Powder
|cant|p1a: Snorlax|slp
|
|-weather|Sandstorm|[upkeep]
|-damage|p2a: Superunknown|94/100|[from] Sandstorm
|-damage|p1a: Snorlax|84/100 slp|[from] Sandstorm
|-heal|p2a: Superunknown|100/100|[from] item: Leftovers
|-heal|p1a: Snorlax|90/100 slp|[from] item: Leftovers
|upkeep
|turn|15
|
|t:|1729901796
|switch|p1a: Metagross|Metagross|100/100
|move|p2a: Superunknown|Leech Seed|p1a: Metagross
|-start|p1a: Metagross|move: Leech Seed
|
|-weather|Sandstorm|[upkeep]
|-damage|p2a: Superunknown|94/100|[from] Sandstorm
|-heal|p2a: Superunknown|100/100|[from] item: Leftovers
|-damage|p1a: Metagross|88/100|[from] Leech Seed|[of] p2a: Superunknown
|upkeep
|turn|16
|
|t:|1729901803
|switch|p2a: Like Suicide|Forretress, F, shiny|100/100
|move|p1a: Metagross|Meteor Mash|p2a: Like Suicide
|-resisted|p2a: Like Suicide
|-damage|p2a: Like Suicide|80/100
|
|-weather|Sandstorm|[upkeep]
|-heal|p1a: Metagross|94/100|[from] item: Leftovers
|-damage|p1a: Metagross|82/100|[from] Leech Seed|[of] p2a: Like Suicide
|-heal|p2a: Like Suicide|93/100|[silent]
|-heal|p2a: Like Suicide|99/100|[from] item: Leftovers
|upkeep
|turn|17
|
|t:|1729901813
|move|p1a: Metagross|Explosion|p2a: Like Suicide
|-resisted|p2a: Like Suicide
|-damage|p2a: Like Suicide|31/100
|faint|p1a: Metagross
|
|t:|1729901817
|switch|p1a: Suicune|Suicune|57/100
|
|-weather|Sandstorm|[upkeep]
|-damage|p1a: Suicune|51/100|[from] Sandstorm
|-heal|p1a: Suicune|57/100|[from] item: Leftovers
|-heal|p2a: Like Suicide|37/100|[from] item: Leftovers
|upkeep
|turn|18
|
|t:|1729901824
|switch|p2a: Superunknown|Venusaur, F, shiny|100/100
|move|p1a: Suicune|Substitute|p1a: Suicune
|-start|p1a: Suicune|Substitute
|-damage|p1a: Suicune|32/100
|
|-weather|Sandstorm|[upkeep]
|-damage|p1a: Suicune|26/100|[from] Sandstorm
|-damage|p2a: Superunknown|94/100|[from] Sandstorm
|-heal|p1a: Suicune|32/100|[from] item: Leftovers
|-heal|p2a: Superunknown|100/100|[from] item: Leftovers
|upkeep
|turn|19
|
|t:|1729901826
|move|p1a: Suicune|Ice Beam|p2a: Superunknown
|-supereffective|p2a: Superunknown
|-damage|p2a: Superunknown|62/100
|move|p2a: Superunknown|Giga Drain|p1a: Suicune
|-supereffective|p1a: Suicune
|-end|p1a: Suicune|Substitute
|-heal|p2a: Superunknown|74/100|[from] drain|[of] p1a: Suicune
|
|-weather|Sandstorm|[upkeep]
|-damage|p1a: Suicune|26/100|[from] Sandstorm
|-damage|p2a: Superunknown|68/100|[from] Sandstorm
|-heal|p1a: Suicune|32/100|[from] item: Leftovers
|-heal|p2a: Superunknown|74/100|[from] item: Leftovers
|upkeep
|turn|20
|inactive|PinjarraPanther has 270 seconds left.
|
|t:|1729901834
|move|p1a: Suicune|Ice Beam|p2a: Superunknown
|-supereffective|p2a: Superunknown
|-damage|p2a: Superunknown|33/100
|move|p2a: Superunknown|Leech Seed|p1a: Suicune
|-start|p1a: Suicune|move: Leech Seed
|
|-weather|Sandstorm|[upkeep]
|-damage|p1a: Suicune|26/100|[from] Sandstorm
|-damage|p2a: Superunknown|27/100|[from] Sandstorm
|-heal|p1a: Suicune|32/100|[from] item: Leftovers
|-damage|p1a: Suicune|19/100|[from] Leech Seed|[of] p2a: Superunknown
|-heal|p2a: Superunknown|39/100|[silent]
|-heal|p2a: Superunknown|45/100|[from] item: Leftovers
|upkeep
|turn|21
|
|t:|1729901839
|move|p1a: Suicune|Ice Beam|p2a: Superunknown
|-supereffective|p2a: Superunknown
|-damage|p2a: Superunknown|0 fnt
|faint|p2a: Superunknown
|
|t:|1729901851
|switch|p2a: Like Suicide|Forretress, F, shiny|37/100
|
|-weather|Sandstorm|[upkeep]
|-damage|p1a: Suicune|13/100|[from] Sandstorm
|-heal|p1a: Suicune|19/100|[from] item: Leftovers
|-damage|p1a: Suicune|7/100|[from] Leech Seed|[of] p2a: Like Suicide
|-heal|p2a: Like Suicide|49/100|[silent]
|-heal|p2a: Like Suicide|56/100|[from] item: Leftovers
|upkeep
|turn|22
|
|t:|1729901856
|switch|p2a: Black Hole Sun|Blissey, F|100/100
|move|p1a: Suicune|Hydro Pump|p2a: Black Hole Sun
|-damage|p2a: Black Hole Sun|78/100
|
|-weather|Sandstorm|[upkeep]
|-damage|p1a: Suicune|1/100|[from] Sandstorm
|-damage|p2a: Black Hole Sun|72/100|[from] Sandstorm
|-heal|p1a: Suicune|7/100|[from] item: Leftovers
|-damage|p1a: Suicune|0 fnt|[from] Leech Seed|[of] p2a: Black Hole Sun
|-heal|p2a: Black Hole Sun|75/100|[silent]
|faint|p1a: Suicune
|-heal|p2a: Black Hole Sun|82/100|[from] item: Leftovers
|upkeep
|
|t:|1729901862
|switch|p1a: Tyranitar|Tyranitar, F|100/100
|turn|23
|
|t:|1729901867
|switch|p2a: Fell On Black Days|Salamence, M|100/100
|-ability|p2a: Fell On Black Days|Intimidate|boost
|-unboost|p1a: Tyranitar|atk|1
|move|p1a: Tyranitar|Rock Slide|p2a: Fell On Black Days
|-supereffective|p2a: Fell On Black Days
|-damage|p2a: Fell On Black Days|37/100
|
|-weather|Sandstorm|[upkeep]
|-damage|p2a: Fell On Black Days|31/100|[from] Sandstorm
|-heal|p2a: Fell On Black Days|37/100|[from] item: Leftovers
|upkeep
|turn|24
|
|t:|1729901880
|move|p2a: Fell On Black Days|Wish|p2a: Fell On Black Days
|move|p1a: Tyranitar|Rock Slide|p2a: Fell On Black Days
|-supereffective|p2a: Fell On Black Days
|-damage|p2a: Fell On Black Days|0 fnt
|faint|p2a: Fell On Black Days
|
|t:|1729901882
|switch|p2a: Spoonman|Hariyama, F, shiny|21/100
|
|-weather|Sandstorm|[upkeep]
|-damage|p2a: Spoonman|15/100|[from] Sandstorm
|-heal|p2a: Spoonman|21/100|[from] item: Leftovers
|upkeep
|turn|25
|
|t:|1729901891
|switch|p1a: Claydol|Claydol|100/100
|move|p2a: Spoonman|Cross Chop|p1a: Claydol|[miss]
|-miss|p2a: Spoonman|p1a: Claydol
|
|-heal|p2a: Spoonman|71/100|[from] move: Wish|[wisher] Fell On Black Days
|-weather|Sandstorm|[upkeep]
|-damage|p2a: Spoonman|65/100|[from] Sandstorm
|-heal|p2a: Spoonman|71/100|[from] item: Leftovers
|upkeep
|turn|26
|
|t:|1729901896
|switch|p2a: Like Suicide|Forretress, F, shiny|56/100
|move|p1a: Claydol|Psychic|p2a: Like Suicide
|-resisted|p2a: Like Suicide
|-damage|p2a: Like Suicide|45/100
|
|-weather|Sandstorm|[upkeep]
|-heal|p2a: Like Suicide|52/100|[from] item: Leftovers
|upkeep
|turn|27
|
|t:|1729901900
|move|p1a: Claydol|Earthquake|p2a: Like Suicide
|-damage|p2a: Like Suicide|23/100
|move|p2a: Like Suicide|Spikes|p1a: Claydol
|-sidestart|p1: WraxiusGaming|Spikes
|
|-weather|Sandstorm|[upkeep]
|-heal|p2a: Like Suicide|29/100|[from] item: Leftovers
|upkeep
|turn|28
|
|t:|1729901905
|switch|p2a: Black Hole Sun|Blissey, F|82/100
|move|p1a: Claydol|Earthquake|p2a: Black Hole Sun
|-damage|p2a: Black Hole Sun|44/100
|
|-weather|Sandstorm|[upkeep]
|-damage|p2a: Black Hole Sun|37/100|[from] Sandstorm
|-heal|p2a: Black Hole Sun|44/100|[from] item: Leftovers
|upkeep
|turn|29
|
|t:|1729901913
|switch|p2a: Like Suicide|Forretress, F, shiny|29/100
|move|p1a: Claydol|Explosion|p2a: Like Suicide
|-resisted|p2a: Like Suicide
|-damage|p2a: Like Suicide|0 fnt
|faint|p1a: Claydol
|faint|p2a: Like Suicide
|
|t:|1729901918
|switch|p1a: Salamence|Salamence, M|77/100
|switch|p2a: Black Hole Sun|Blissey, F|44/100
|-ability|p1a: Salamence|Intimidate|boost
|-unboost|p2a: Black Hole Sun|atk|1
|
|-weather|Sandstorm|[upkeep]
|-damage|p1a: Salamence|71/100|[from] Sandstorm
|-damage|p2a: Black Hole Sun|37/100|[from] Sandstorm
|-heal|p2a: Black Hole Sun|44/100|[from] item: Leftovers
|upkeep
|turn|30
|
|t:|1729901922
|move|p1a: Salamence|Hidden Power|p2a: Black Hole Sun
|-damage|p2a: Black Hole Sun|0 fnt
|faint|p2a: Black Hole Sun
|
|t:|1729901924
|switch|p2a: Spoonman|Hariyama, F, shiny|71/100
|
|-weather|Sandstorm|[upkeep]
|-damage|p1a: Salamence|65/100|[from] Sandstorm
|-damage|p2a: Spoonman|65/100|[from] Sandstorm
|-heal|p2a: Spoonman|71/100|[from] item: Leftovers
|upkeep
|turn|31
|
|t:|1729901925
|move|p1a: Salamence|Hidden Power|p2a: Spoonman
|-supereffective|p2a: Spoonman
|-damage|p2a: Spoonman|0 fnt
|faint|p2a: Spoonman
|
|win|WraxiusGaming
|c|☆WraxiusGaming|ggs

</script>
<script type="application/json" class="data" id="replaydata-smogtours-gen3ou-801997">
{"id":"smogtours-gen3ou-801997","format":"[Gen 3] OU","players":["WraxiusGaming","PinjarraPanther"],"uploadtime":1729901925,"views":80,"formatid":"gen3ou","rating":null,"private":0,"password":null}
</script>

<script defer src="js/replays.js?9d40a366"></script>
