<!DOCTYPE html>
<meta charset="utf-8" />
<meta name="viewport" content="width=device-width" />

<title>[Gen 3] OU: Sheik vs. butter dk - Replays - Pok&eacute;mon Showdown!</title>

<meta name="description" content="Watch a replay of a Pok&eacute;mon battle between Sheik and butter dk! Format: [Gen 3] OU; Date: Oct 22, 2024" />
<!--

Hey, you! Looking in the source for the replay log?

You can find them in JSON format, just add `.json` at the end of a replay URL.

https://replay.pokemonshowdown.com/gen7randomdoublesbattle-865046831.json

Or, if you only need the log itself, add `.log` instead:

https://replay.pokemonshowdown.com/gen7randomdoublesbattle-865046831.log

-->

<link rel="stylesheet" href="//pokemonshowdown.com/style/global.css?0.023195364461161105" />
<link rel="stylesheet" href="//play.pokemonshowdown.com/style/font-awesome.css?0.13261647063804238" />
<link rel="stylesheet" href="//play.pokemonshowdown.com/style/battle.css?0.8753245789963631" />
<link rel="stylesheet" href="//play.pokemonshowdown.com/style/utilichart.css?0.8627959624976733" />

<!-- Global site tag (gtag.js) - Google Analytics -->
<script async src="https://www.googletagmanager.com/gtag/js?id=UA-26211653-1"></script>
<script>
  window.dataLayer = window.dataLayer || [];
  function gtag(){dataLayer.push(arguments);}
  gtag('js', new Date());

  gtag('config', 'UA-26211653-1');
</script>
<!-- End Google Analytics -->
<!-- Venatus Ad Manager - Install in <HEAD> of page -->
	<script src="https://hb.vntsm.com/v3/live/ad-manager.min.js" type="text/javascript" data-site-id="642aba63ec9a7b11c3c9c1be" data-mode="scan" async></script>
<!-- / Venatus Ad Manager -->

<style>
	@media (max-width:820px) {
		.battle {
			margin: 0 auto;
		}
		.battle-log {
			margin: 7px auto 0;
			max-width: 640px;
			height: 300px;
			position: static;
		}
	}
	.optgroup {
		display: inline-block;
		line-height: 22px;
		font-size: 10pt;
	}
	.optgroup .button {
		height: 25px;
		padding-top: 0;
		padding-bottom: 0;
	}
	.optgroup button.button {
		padding-left: 12px;
		padding-right: 12px;
	}
	.linklist {
		list-style: none;
		margin: 0.5em 0;
		padding: 0;
	}
	.linklist li {
		padding: 2px 0;
	}
	.sidebar {
		float: left;
		width: 320px;
	}
	.bar-wrapper {
		max-width: 1100px;
		margin: 0 auto;
	}
	.bar-wrapper.has-sidebar {
		max-width: 1430px;
	}
	.mainbar {
		margin: 0;
		padding-right: 1px;
	}
	.mainbar.has-sidebar {
		margin-left: 330px;
	}
	@media (min-width: 1511px) {
		.sidebar {
			width: 400px;
		}
		.bar-wrapper.has-sidebar {
			max-width: 1510px;
		}
		.mainbar.has-sidebar {
			margin-left: 410px;
		}
	}
	.section.first-section {
		margin-top: 9px;
	}
	.blocklink small {
		white-space: normal;
	}
	.button {
		vertical-align: middle;
	}
	.replay-controls {
		padding-top: 10px;
	}
	.replay-controls h1 {
		font-size: 16pt;
		font-weight: normal;
		color: #CCC;
	}
	.pagelink {
		text-align: center;
	}
	.pagelink a {
		width: 150px;
	}
	.textbox, .button {
		font-size: 11pt;
		vertical-align: middle;
	}
	@media (max-width: 450px) {
		.button {
			font-size: 9pt;
		}
	}
</style>

<div>

	<header>
		<div class="nav-wrapper"><ul class="nav">
			<li><a class="button nav-first" href="//pokemonshowdown.com/"><img src="//pokemonshowdown.com/images/pokemonshowdownbeta.png" srcset="//pokemonshowdown.com/images/pokemonshowdownbeta.png 1x, //pokemonshowdown.com/images/pokemonshowdownbeta@2x.png 2x" alt="Pok&eacute;mon Showdown" width="146" height="44" /> Home</a></li>
			<li><a class="button" href="//pokemonshowdown.com/dex/">Pok&eacute;dex</a></li>
			<li><a class="button cur" href="/">Replays</a></li>
			<li><a class="button" href="//pokemonshowdown.com/ladder/">Ladder</a></li>
			<li><a class="button nav-last" href="//pokemonshowdown.com/forums/">Forum</a></li>
			<li><a class="button greenbutton nav-first nav-last" href="//play.pokemonshowdown.com/">Play</a></li>
		</ul></div>
	</header>

	<div class="main" id="main">

		<noscript><section class="section">You need to enable JavaScript to use this page; sorry!</section></noscript>

	</div>

</div>

<script defer nomodule src="//play.pokemonshowdown.com/js/lib/ps-polyfill.js"></script>
<script defer src="//play.pokemonshowdown.com/js/lib/preact.min.js"></script>

<script defer src="//play.pokemonshowdown.com/config/config.js?2bddbc15"></script>
<script defer src="//play.pokemonshowdown.com/js/lib/jquery-1.11.0.min.js"></script>
<script defer src="//play.pokemonshowdown.com/js/lib/html-sanitizer-minified.js"></script>
<script defer src="//play.pokemonshowdown.com/js/battle-sound.js"></script>
<script defer src="//play.pokemonshowdown.com/js/battledata.js?0.7209276989879541"></script>
<script defer src="//play.pokemonshowdown.com/data/pokedex-mini.js?0.6111056340867951"></script>
<script defer src="//play.pokemonshowdown.com/data/pokedex-mini-bw.js?0.3532142036491459"></script>
<script defer src="//play.pokemonshowdown.com/data/graphics.js?0.24223875632456182"></script>
<script defer src="//play.pokemonshowdown.com/data/pokedex.js?0.38839984266356864"></script>
<script defer src="//play.pokemonshowdown.com/data/moves.js?0.21866028504024015"></script>
<script defer src="//play.pokemonshowdown.com/data/abilities.js?0.2005157953846628"></script>
<script defer src="//play.pokemonshowdown.com/data/items.js?0.9894211263848525"></script>
<script defer src="//play.pokemonshowdown.com/data/teambuilder-tables.js?0.6008791140282215"></script>
<script defer src="//play.pokemonshowdown.com/js/battle-tooltips.js?0.7580118955022959"></script>
<script defer src="//play.pokemonshowdown.com/js/battle.js?0.6057722274234274"></script>

<script defer src="js/utils.js?e31f9a17"></script>
<script defer src="js/replays-battle.js?7008c182"></script>

<!-- don't scrape this data! just add .json or .log after the URL!
Full API docs: https://github.com/smogon/pokemon-showdown-client/blob/master/WEB-API.md -->
<script type="text/plain" class="log" id="replaylog-smogtours-gen3ou-801228">
|inactive|Battle timer is ON: inactive players will automatically lose when time's up.
|t:|1729621009
|gametype|singles
|player|p1|Sheik|#roaplxyorknewyanma|
|player|p2|butter dk|proton|
|teamsize|p1|6
|teamsize|p2|6
|gen|3
|tier|[Gen 3] OU
|rule|Sleep Clause Mod: Limit one foe put to sleep
|rule|Switch Priority Clause Mod: Faster Pokémon switch first
|rule|Species Clause: Limit one of each Pokémon
|rule|OHKO Clause: OHKO moves are banned
|rule|Evasion Items Clause: Evasion items are banned
|rule|Evasion Moves Clause: Evasion moves are banned
|rule|Endless Battle Clause: Forcing endless battles is banned
|rule|HP Percentage Mod: HP is shown in percentages
|rule|One Boost Passer Clause: Limit one Baton Passer that has a way to boost its stats
|rule|Freeze Clause Mod: Limit one foe frozen
|
|t:|1729621009
|start
|switch|p1a: Metagross|Metagross|100/100
|switch|p2a: Skarmory|Skarmory, M|100/100
|turn|1
|c|☆Sheik|/log Sheik made the replay of this battle unlisted.
|inactive|Sheik has 270 seconds left.
|
|t:|1729621041
|switch|p1a: Starmie|Starmie, shiny|100/100
|move|p2a: Skarmory|Protect||[still]
|-fail|p2a: Skarmory
|
|upkeep
|turn|2
|
|t:|1729621047
|move|p1a: Starmie|Surf|p2a: Skarmory
|-damage|p2a: Skarmory|67/100
|move|p2a: Skarmory|Spikes|p1a: Starmie
|-sidestart|p1: Sheik|Spikes
|
|-heal|p2a: Skarmory|73/100|[from] item: Leftovers
|upkeep
|turn|3
|
|t:|1729621057
|move|p1a: Starmie|Surf|p2a: Skarmory
|-damage|p2a: Skarmory|41/100
|move|p2a: Skarmory|Spikes|p1a: Starmie
|-sidestart|p1: Sheik|Spikes
|
|-heal|p2a: Skarmory|47/100|[from] item: Leftovers
|upkeep
|turn|4
|
|t:|1729621061
|switch|p2a: Gengar|Gengar, M|100/100
|move|p1a: Starmie|Rapid Spin|p2a: Gengar
|-immune|p2a: Gengar
|
|upkeep
|turn|5
|
|t:|1729621081
|move|p1a: Starmie|Psychic|p2a: Gengar
|-supereffective|p2a: Gengar
|-damage|p2a: Gengar|0 fnt
|faint|p2a: Gengar
|
|t:|1729621089
|switch|p2a: Regice|Regice|100/100
|
|upkeep
|turn|6
|
|t:|1729621099
|switch|p1a: Metagross|Metagross|100/100
|-damage|p1a: Metagross|84/100|[from] Spikes
|move|p2a: Regice|Thunderbolt|p1a: Metagross
|-damage|p1a: Metagross|54/100
|
|-heal|p1a: Metagross|60/100|[from] item: Leftovers
|upkeep
|turn|7
|
|t:|1729621119
|switch|p2a: Metagross|Metagross|100/100
|move|p1a: Metagross|Meteor Mash|p2a: Metagross|[miss]
|-miss|p1a: Metagross|p2a: Metagross
|
|-heal|p1a: Metagross|66/100|[from] item: Leftovers
|upkeep
|turn|8
|
|t:|1729621129
|move|p1a: Metagross|Protect|p1a: Metagross
|-singleturn|p1a: Metagross|Protect
|move|p2a: Metagross|Earthquake|p1a: Metagross
|-activate|p1a: Metagross|Protect
|
|-heal|p1a: Metagross|72/100|[from] item: Leftovers
|upkeep
|turn|9
|
|t:|1729621133
|switch|p1a: Skarmory|Skarmory, M, shiny|100/100
|move|p2a: Metagross|Agility|p2a: Metagross
|-boost|p2a: Metagross|spe|2
|
|upkeep
|turn|10
|
|t:|1729621137
|move|p2a: Metagross|Rock Slide|p1a: Skarmory
|-damage|p1a: Skarmory|78/100
|move|p1a: Skarmory|Spikes|p2a: Metagross
|-sidestart|p2: butter dk|Spikes
|
|-heal|p1a: Skarmory|84/100|[from] item: Leftovers
|upkeep
|turn|11
|
|t:|1729621142
|move|p1a: Skarmory|Protect|p1a: Skarmory
|-singleturn|p1a: Skarmory|Protect
|move|p2a: Metagross|Rock Slide|p1a: Skarmory
|-activate|p1a: Skarmory|Protect
|
|-heal|p1a: Skarmory|90/100|[from] item: Leftovers
|upkeep
|turn|12
|
|t:|1729621147
|move|p2a: Metagross|Rock Slide|p1a: Skarmory
|-damage|p1a: Skarmory|69/100
|move|p1a: Skarmory|Spikes|p2a: Metagross
|-sidestart|p2: butter dk|Spikes
|
|-heal|p1a: Skarmory|75/100|[from] item: Leftovers
|upkeep
|turn|13
|
|t:|1729621152
|move|p1a: Skarmory|Protect|p1a: Skarmory
|-singleturn|p1a: Skarmory|Protect
|move|p2a: Metagross|Meteor Mash|p1a: Skarmory|[miss]
|-miss|p2a: Metagross|p1a: Skarmory
|
|-heal|p1a: Skarmory|81/100|[from] item: Leftovers
|upkeep
|turn|14
|
|t:|1729621160
|move|p2a: Metagross|Meteor Mash|p1a: Skarmory
|-resisted|p1a: Skarmory
|-damage|p1a: Skarmory|57/100
|move|p1a: Skarmory|Spikes|p2a: Metagross
|-sidestart|p2: butter dk|Spikes
|
|-heal|p1a: Skarmory|63/100|[from] item: Leftovers
|upkeep
|turn|15
|
|t:|1729621166
|switch|p2a: Claydol|Claydol|100/100
|move|p1a: Skarmory|Protect||[still]
|-fail|p1a: Skarmory
|
|-heal|p1a: Skarmory|69/100|[from] item: Leftovers
|upkeep
|turn|16
|
|t:|1729621175
|move|p2a: Claydol|Rapid Spin|p1a: Skarmory
|-resisted|p1a: Skarmory
|-damage|p1a: Skarmory|68/100
|-sideend|p2: butter dk|Spikes|[from] move: Rapid Spin|[of] p2a: Claydol
|move|p1a: Skarmory|Toxic|p2a: Claydol|[miss]
|-miss|p1a: Skarmory|p2a: Claydol
|
|-heal|p1a: Skarmory|74/100|[from] item: Leftovers
|upkeep
|turn|17
|
|t:|1729621180
|switch|p2a: Skarmory|Skarmory, M|47/100
|move|p1a: Skarmory|Spikes|p2a: Skarmory
|-sidestart|p2: butter dk|Spikes
|
|-heal|p2a: Skarmory|53/100|[from] item: Leftovers
|-heal|p1a: Skarmory|80/100|[from] item: Leftovers
|upkeep
|turn|18
|
|t:|1729621188
|move|p1a: Skarmory|Spikes|p2a: Skarmory
|-sidestart|p2: butter dk|Spikes
|move|p2a: Skarmory|Roar|p1a: Skarmory
|drag|p1a: Blissey|Blissey, F, shiny|100/100
|-damage|p1a: Blissey|84/100|[from] Spikes
|
|-heal|p2a: Skarmory|59/100|[from] item: Leftovers
|-heal|p1a: Blissey|90/100|[from] item: Leftovers
|upkeep
|turn|19
|
|t:|1729621195
|move|p2a: Skarmory|Protect|p2a: Skarmory
|-singleturn|p2a: Skarmory|Protect
|move|p1a: Blissey|Thunder Wave|p2a: Skarmory
|-activate|p2a: Skarmory|Protect
|
|-heal|p2a: Skarmory|65/100|[from] item: Leftovers
|-heal|p1a: Blissey|96/100|[from] item: Leftovers
|upkeep
|turn|20
|
|t:|1729621201
|switch|p2a: Claydol|Claydol|100/100
|move|p1a: Blissey|Thunder Wave|p2a: Claydol
|-immune|p2a: Claydol
|
|-heal|p1a: Blissey|100/100|[from] item: Leftovers
|upkeep
|turn|21
|
|t:|1729621208
|move|p2a: Claydol|Rapid Spin|p1a: Blissey
|-damage|p1a: Blissey|96/100
|-sideend|p2: butter dk|Spikes|[from] move: Rapid Spin|[of] p2a: Claydol
|move|p1a: Blissey|Ice Beam|p2a: Claydol
|-supereffective|p2a: Claydol
|-damage|p2a: Claydol|52/100
|
|-heal|p2a: Claydol|58/100|[from] item: Leftovers
|-heal|p1a: Blissey|100/100|[from] item: Leftovers
|upkeep
|turn|22
|
|t:|1729621223
|switch|p1a: Skarmory|Skarmory, M, shiny|80/100
|move|p2a: Claydol|Explosion|p1a: Skarmory
|-resisted|p1a: Skarmory
|-damage|p1a: Skarmory|27/100
|faint|p2a: Claydol
|
|t:|1729621229
|switch|p2a: Regice|Regice|100/100
|
|-heal|p1a: Skarmory|33/100|[from] item: Leftovers
|upkeep
|turn|23
|
|t:|1729621236
|move|p1a: Skarmory|Protect|p1a: Skarmory
|-singleturn|p1a: Skarmory|Protect
|move|p2a: Regice|Thunderbolt|p1a: Skarmory
|-activate|p1a: Skarmory|Protect
|
|-heal|p1a: Skarmory|39/100|[from] item: Leftovers
|upkeep
|turn|24
|
|t:|1729621244
|switch|p1a: Metagross|Metagross|72/100
|-damage|p1a: Metagross|56/100|[from] Spikes
|move|p2a: Regice|Thunder Wave|p1a: Metagross
|-status|p1a: Metagross|par
|
|-heal|p1a: Metagross|62/100 par|[from] item: Leftovers
|upkeep
|turn|25
|
|t:|1729621252
|switch|p2a: Skarmory|Skarmory, M|65/100
|move|p1a: Metagross|Earthquake|p2a: Skarmory
|-immune|p2a: Skarmory
|
|-heal|p2a: Skarmory|71/100|[from] item: Leftovers
|-heal|p1a: Metagross|68/100 par|[from] item: Leftovers
|upkeep
|turn|26
|
|t:|1729621259
|switch|p1a: Starmie|Starmie, shiny|100/100
|-damage|p1a: Starmie|84/100|[from] Spikes
|move|p2a: Skarmory|Roar|p1a: Starmie
|drag|p1a: Tyranitar|Tyranitar, F|100/100
|-damage|p1a: Tyranitar|84/100|[from] Spikes
|-weather|Sandstorm|[from] ability: Sand Stream|[of] p1a: Tyranitar
|
|-weather|Sandstorm|[upkeep]
|-heal|p2a: Skarmory|77/100|[from] item: Leftovers
|upkeep
|turn|27
|
|t:|1729621274
|switch|p1a: Skarmory|Skarmory, M, shiny|39/100
|move|p2a: Skarmory|Roar|p1a: Skarmory
|drag|p1a: Starmie|Starmie, shiny|84/100
|-damage|p1a: Starmie|67/100|[from] Spikes
|
|-weather|Sandstorm|[upkeep]
|-damage|p1a: Starmie|61/100|[from] Sandstorm
|-heal|p1a: Starmie|67/100|[from] item: Leftovers
|-heal|p2a: Skarmory|83/100|[from] item: Leftovers
|upkeep
|turn|28
|
|t:|1729621288
|move|p1a: Starmie|Rapid Spin|p2a: Skarmory
|-resisted|p2a: Skarmory
|-damage|p2a: Skarmory|82/100
|-sideend|p1: Sheik|Spikes|[from] move: Rapid Spin|[of] p1a: Starmie
|move|p2a: Skarmory|Drill Peck|p1a: Starmie
|-damage|p1a: Starmie|40/100
|
|-weather|Sandstorm|[upkeep]
|-damage|p1a: Starmie|34/100|[from] Sandstorm
|-heal|p1a: Starmie|40/100|[from] item: Leftovers
|-heal|p2a: Skarmory|88/100|[from] item: Leftovers
|upkeep
|turn|29
|
|t:|1729621294
|move|p1a: Starmie|Recover|p1a: Starmie
|-heal|p1a: Starmie|90/100
|move|p2a: Skarmory|Spikes|p1a: Starmie
|-sidestart|p1: Sheik|Spikes
|
|-weather|Sandstorm|[upkeep]
|-damage|p1a: Starmie|84/100|[from] Sandstorm
|-heal|p1a: Starmie|90/100|[from] item: Leftovers
|-heal|p2a: Skarmory|94/100|[from] item: Leftovers
|upkeep
|turn|30
|
|t:|1729621303
|move|p1a: Starmie|Rapid Spin|p2a: Skarmory
|-resisted|p2a: Skarmory
|-damage|p2a: Skarmory|93/100
|-sideend|p1: Sheik|Spikes|[from] move: Rapid Spin|[of] p1a: Starmie
|move|p2a: Skarmory|Roar|p1a: Starmie
|drag|p1a: Skarmory|Skarmory, M, shiny|39/100
|
|-weather|Sandstorm|[upkeep]
|-heal|p2a: Skarmory|99/100|[from] item: Leftovers
|-heal|p1a: Skarmory|45/100|[from] item: Leftovers
|upkeep
|turn|31
|
|t:|1729621309
|switch|p2a: Regice|Regice|100/100
|move|p1a: Skarmory|Spikes|p2a: Regice
|-sidestart|p2: butter dk|Spikes
|
|-weather|Sandstorm|[upkeep]
|-damage|p2a: Regice|94/100|[from] Sandstorm
|-heal|p1a: Skarmory|51/100|[from] item: Leftovers
|-heal|p2a: Regice|100/100|[from] item: Leftovers
|upkeep
|turn|32
|
|t:|1729621319
|move|p1a: Skarmory|Protect|p1a: Skarmory
|-singleturn|p1a: Skarmory|Protect
|move|p2a: Regice|Thunderbolt|p1a: Skarmory
|-activate|p1a: Skarmory|Protect
|
|-weather|Sandstorm|[upkeep]
|-damage|p2a: Regice|94/100|[from] Sandstorm
|-heal|p1a: Skarmory|57/100|[from] item: Leftovers
|-heal|p2a: Regice|100/100|[from] item: Leftovers
|upkeep
|turn|33
|inactive|Sheik has 270 seconds left.
|
|t:|1729621353
|switch|p1a: Metagross|Metagross|68/100 par
|switch|p2a: Metagross|Metagross|100/100
|-damage|p2a: Metagross|88/100|[from] Spikes
|
|-weather|Sandstorm|[upkeep]
|-heal|p2a: Metagross|94/100|[from] item: Leftovers
|-heal|p1a: Metagross|74/100 par|[from] item: Leftovers
|upkeep
|turn|34
|
|t:|1729621361
|switch|p1a: Skarmory|Skarmory, M, shiny|57/100
|move|p2a: Metagross|Agility|p2a: Metagross
|-boost|p2a: Metagross|spe|2
|
|-weather|Sandstorm|[upkeep]
|-heal|p2a: Metagross|100/100|[from] item: Leftovers
|-heal|p1a: Skarmory|63/100|[from] item: Leftovers
|upkeep
|turn|35
|
|t:|1729621364
|move|p1a: Skarmory|Protect|p1a: Skarmory
|-singleturn|p1a: Skarmory|Protect
|move|p2a: Metagross|Meteor Mash|p1a: Skarmory
|-activate|p1a: Skarmory|Protect
|
|-weather|Sandstorm|[upkeep]
|-heal|p1a: Skarmory|69/100|[from] item: Leftovers
|upkeep
|turn|36
|
|t:|1729621368
|move|p2a: Metagross|Meteor Mash|p1a: Skarmory
|-resisted|p1a: Skarmory
|-damage|p1a: Skarmory|47/100
|move|p1a: Skarmory|Roar|p2a: Metagross
|drag|p2a: Regice|Regice|100/100
|-damage|p2a: Regice|88/100|[from] Spikes
|
|-weather|Sandstorm|[upkeep]
|-damage|p2a: Regice|82/100|[from] Sandstorm
|-heal|p1a: Skarmory|53/100|[from] item: Leftovers
|-heal|p2a: Regice|88/100|[from] item: Leftovers
|upkeep
|turn|37
|
|t:|1729621379
|switch|p2a: Metagross|Metagross|100/100
|-damage|p2a: Metagross|88/100|[from] Spikes
|move|p1a: Skarmory|Protect||[still]
|-fail|p1a: Skarmory
|
|-weather|Sandstorm|[upkeep]
|-heal|p2a: Metagross|94/100|[from] item: Leftovers
|-heal|p1a: Skarmory|59/100|[from] item: Leftovers
|upkeep
|turn|38
|
|t:|1729621384
|move|p2a: Metagross|Rock Slide|p1a: Skarmory
|-damage|p1a: Skarmory|36/100
|move|p1a: Skarmory|Roar|p2a: Metagross
|drag|p2a: Suicune|Suicune|100/100
|-damage|p2a: Suicune|88/100|[from] Spikes
|
|-weather|Sandstorm|[upkeep]
|-damage|p2a: Suicune|82/100|[from] Sandstorm
|-heal|p2a: Suicune|88/100|[from] item: Leftovers
|-heal|p1a: Skarmory|42/100|[from] item: Leftovers
|upkeep
|turn|39
|
|t:|1729621397
|switch|p1a: Metagross|Metagross|74/100 par
|move|p2a: Suicune|Calm Mind|p2a: Suicune
|-boost|p2a: Suicune|spa|1
|-boost|p2a: Suicune|spd|1
|
|-weather|Sandstorm|[upkeep]
|-damage|p2a: Suicune|82/100|[from] Sandstorm
|-heal|p2a: Suicune|88/100|[from] item: Leftovers
|-heal|p1a: Metagross|80/100 par|[from] item: Leftovers
|upkeep
|turn|40
|
|t:|1729621426
|move|p2a: Suicune|Calm Mind|p2a: Suicune
|-boost|p2a: Suicune|spa|1
|-boost|p2a: Suicune|spd|1
|move|p1a: Metagross|Explosion|p2a: Suicune
|-damage|p2a: Suicune|0 fnt
|faint|p1a: Metagross
|faint|p2a: Suicune
|
|t:|1729621437
|switch|p2a: Metagross|Metagross|94/100
|switch|p1a: Skarmory|Skarmory, M, shiny|42/100
|-damage|p2a: Metagross|82/100|[from] Spikes
|
|-weather|Sandstorm|[upkeep]
|-heal|p2a: Metagross|88/100|[from] item: Leftovers
|-heal|p1a: Skarmory|48/100|[from] item: Leftovers
|upkeep
|turn|41
|
|t:|1729621442
|move|p1a: Skarmory|Protect|p1a: Skarmory
|-singleturn|p1a: Skarmory|Protect
|move|p2a: Metagross|Agility|p2a: Metagross
|-boost|p2a: Metagross|spe|2
|
|-weather|Sandstorm|[upkeep]
|-heal|p2a: Metagross|94/100|[from] item: Leftovers
|-heal|p1a: Skarmory|54/100|[from] item: Leftovers
|upkeep
|turn|42
|
|t:|1729621444
|move|p2a: Metagross|Meteor Mash|p1a: Skarmory
|-resisted|p1a: Skarmory
|-damage|p1a: Skarmory|32/100
|move|p1a: Skarmory|Roar|p2a: Metagross
|drag|p2a: Skarmory|Skarmory, M|99/100
|
|-weather|Sandstorm|[upkeep]
|-heal|p1a: Skarmory|38/100|[from] item: Leftovers
|-heal|p2a: Skarmory|100/100|[from] item: Leftovers
|upkeep
|turn|43
|
|t:|1729621451
|move|p2a: Skarmory|Spikes|p1a: Skarmory
|-sidestart|p1: Sheik|Spikes
|move|p1a: Skarmory|Spikes|p2a: Skarmory
|-sidestart|p2: butter dk|Spikes
|
|-weather|Sandstorm|[upkeep]
|-heal|p1a: Skarmory|44/100|[from] item: Leftovers
|upkeep
|turn|44
|
|t:|1729621455
|move|p1a: Skarmory|Spikes|p2a: Skarmory
|-sidestart|p2: butter dk|Spikes
|move|p2a: Skarmory|Roar|p1a: Skarmory
|drag|p1a: Gengar|Gengar, M, shiny|100/100
|
|-weather|Sandstorm|[upkeep]
|-damage|p1a: Gengar|94/100|[from] Sandstorm
|-heal|p1a: Gengar|100/100|[from] item: Leftovers
|upkeep
|turn|45
|
|t:|1729621469
|move|p1a: Gengar|Fire Punch|p2a: Skarmory
|-supereffective|p2a: Skarmory
|-damage|p2a: Skarmory|56/100
|move|p2a: Skarmory|Drill Peck|p1a: Gengar
|-damage|p1a: Gengar|54/100
|
|-weather|Sandstorm|[upkeep]
|-damage|p1a: Gengar|48/100|[from] Sandstorm
|-heal|p1a: Gengar|54/100|[from] item: Leftovers
|-heal|p2a: Skarmory|62/100|[from] item: Leftovers
|upkeep
|turn|46
|
|t:|1729621482
|switch|p1a: Starmie|Starmie, shiny|90/100
|-damage|p1a: Starmie|78/100|[from] Spikes
|move|p2a: Skarmory|Drill Peck|p1a: Starmie
|-damage|p1a: Starmie|49/100
|
|-weather|Sandstorm|[upkeep]
|-damage|p1a: Starmie|43/100|[from] Sandstorm
|-heal|p1a: Starmie|49/100|[from] item: Leftovers
|-heal|p2a: Skarmory|68/100|[from] item: Leftovers
|upkeep
|turn|47
|
|t:|1729621489
|move|p2a: Skarmory|Protect|p2a: Skarmory
|-singleturn|p2a: Skarmory|Protect
|move|p1a: Starmie|Recover|p1a: Starmie
|-heal|p1a: Starmie|99/100
|
|-weather|Sandstorm|[upkeep]
|-damage|p1a: Starmie|93/100|[from] Sandstorm
|-heal|p1a: Starmie|99/100|[from] item: Leftovers
|-heal|p2a: Skarmory|74/100|[from] item: Leftovers
|upkeep
|turn|48
|
|t:|1729621494
|switch|p2a: Regice|Regice|88/100
|-damage|p2a: Regice|63/100|[from] Spikes
|move|p1a: Starmie|Rapid Spin|p2a: Regice
|-damage|p2a: Regice|60/100
|-sideend|p1: Sheik|Spikes|[from] move: Rapid Spin|[of] p1a: Starmie
|
|-weather|Sandstorm|[upkeep]
|-damage|p1a: Starmie|93/100|[from] Sandstorm
|-damage|p2a: Regice|54/100|[from] Sandstorm
|-heal|p1a: Starmie|99/100|[from] item: Leftovers
|-heal|p2a: Regice|60/100|[from] item: Leftovers
|upkeep
|turn|49
|
|t:|1729621503
|switch|p1a: Blissey|Blissey, F, shiny|100/100
|move|p2a: Regice|Thunder Wave|p1a: Blissey
|-status|p1a: Blissey|par
|
|-weather|Sandstorm|[upkeep]
|-damage|p2a: Regice|54/100|[from] Sandstorm
|-damage|p1a: Blissey|94/100 par|[from] Sandstorm
|-heal|p2a: Regice|60/100|[from] item: Leftovers
|-heal|p1a: Blissey|100/100 par|[from] item: Leftovers
|upkeep
|turn|50
|
|t:|1729621517
|move|p2a: Regice|Thunderbolt|p1a: Blissey
|-damage|p1a: Blissey|89/100 par
|move|p1a: Blissey|Thunder Wave|p2a: Regice
|-status|p2a: Regice|par
|
|-weather|Sandstorm|[upkeep]
|-damage|p1a: Blissey|83/100 par|[from] Sandstorm
|-damage|p2a: Regice|54/100 par|[from] Sandstorm
|-heal|p1a: Blissey|89/100 par|[from] item: Leftovers
|-heal|p2a: Regice|60/100 par|[from] item: Leftovers
|upkeep
|turn|51
|
|t:|1729621524
|cant|p1a: Blissey|par
|move|p2a: Regice|Thunderbolt|p1a: Blissey
|-damage|p1a: Blissey|77/100 par
|
|-weather|Sandstorm|[upkeep]
|-damage|p1a: Blissey|71/100 par|[from] Sandstorm
|-damage|p2a: Regice|54/100 par|[from] Sandstorm
|-heal|p1a: Blissey|77/100 par|[from] item: Leftovers
|-heal|p2a: Regice|60/100 par|[from] item: Leftovers
|upkeep
|turn|52
|
|t:|1729621527
|move|p1a: Blissey|Thunder Wave|p2a: Regice
|-fail|p2a: Regice|par
|move|p2a: Regice|Explosion|p1a: Blissey
|-damage|p1a: Blissey|15/100 par
|faint|p2a: Regice
|
|t:|1729621530
|switch|p2a: Metagross|Metagross|94/100
|-damage|p2a: Metagross|70/100|[from] Spikes
|
|-weather|Sandstorm|[upkeep]
|-damage|p1a: Blissey|9/100 par|[from] Sandstorm
|-heal|p2a: Metagross|76/100|[from] item: Leftovers
|-heal|p1a: Blissey|15/100 par|[from] item: Leftovers
|upkeep
|turn|53
|
|t:|1729621542
|-curestatus|p1a: Blissey|par|[from] ability: Natural Cure
|switch|p1a: Skarmory|Skarmory, M, shiny|44/100
|move|p2a: Metagross|Meteor Mash|p1a: Skarmory
|-resisted|p1a: Skarmory
|-damage|p1a: Skarmory|21/100
|
|-weather|Sandstorm|[upkeep]
|-heal|p2a: Metagross|82/100|[from] item: Leftovers
|-heal|p1a: Skarmory|27/100|[from] item: Leftovers
|upkeep
|turn|54
|
|t:|1729621551
|move|p1a: Skarmory|Protect|p1a: Skarmory
|-singleturn|p1a: Skarmory|Protect
|move|p2a: Metagross|Meteor Mash|p1a: Skarmory
|-activate|p1a: Skarmory|Protect
|
|-weather|Sandstorm|[upkeep]
|-heal|p2a: Metagross|88/100|[from] item: Leftovers
|-heal|p1a: Skarmory|33/100|[from] item: Leftovers
|upkeep
|turn|55
|
|t:|1729621555
|move|p2a: Metagross|Rock Slide|p1a: Skarmory
|-damage|p1a: Skarmory|12/100
|move|p1a: Skarmory|Roar|p2a: Metagross
|drag|p2a: Skarmory|Skarmory, M|74/100
|
|-weather|Sandstorm|[upkeep]
|-heal|p1a: Skarmory|18/100|[from] item: Leftovers
|-heal|p2a: Skarmory|80/100|[from] item: Leftovers
|upkeep
|turn|56
|
|t:|1729621586
|switch|p2a: Metagross|Metagross|88/100
|-damage|p2a: Metagross|63/100|[from] Spikes
|switch|p1a: Gengar|Gengar, M, shiny|54/100
|
|-weather|Sandstorm|[upkeep]
|-damage|p1a: Gengar|48/100|[from] Sandstorm
|-heal|p1a: Gengar|54/100|[from] item: Leftovers
|-heal|p2a: Metagross|69/100|[from] item: Leftovers
|upkeep
|turn|57
|
|t:|1729621598
|move|p1a: Gengar|Fire Punch|p2a: Metagross
|-supereffective|p2a: Metagross
|-damage|p2a: Metagross|10/100
|move|p2a: Metagross|Agility|p2a: Metagross
|-boost|p2a: Metagross|spe|2
|
|-weather|Sandstorm|[upkeep]
|-damage|p1a: Gengar|48/100|[from] Sandstorm
|-heal|p2a: Metagross|16/100|[from] item: Leftovers
|-heal|p1a: Gengar|54/100|[from] item: Leftovers
|upkeep
|turn|58
|
|t:|1729621609
|move|p2a: Metagross|Meteor Mash|p1a: Gengar
|-damage|p1a: Gengar|0 fnt
|faint|p1a: Gengar
|
|t:|1729621611
|switch|p1a: Starmie|Starmie, shiny|99/100
|
|-weather|Sandstorm|[upkeep]
|-damage|p1a: Starmie|93/100|[from] Sandstorm
|-heal|p2a: Metagross|22/100|[from] item: Leftovers
|-heal|p1a: Starmie|99/100|[from] item: Leftovers
|upkeep
|turn|59
|
|t:|1729621621
|move|p2a: Metagross|Rock Slide|p1a: Starmie
|-damage|p1a: Starmie|62/100
|move|p1a: Starmie|Surf|p2a: Metagross
|-damage|p2a: Metagross|0 fnt
|faint|p2a: Metagross
|
|t:|1729621626
|switch|p2a: Skarmory|Skarmory, M|80/100
|
|-weather|Sandstorm|[upkeep]
|-damage|p1a: Starmie|56/100|[from] Sandstorm
|-heal|p1a: Starmie|62/100|[from] item: Leftovers
|-heal|p2a: Skarmory|86/100|[from] item: Leftovers
|upkeep
|turn|60
|
|t:|1729621633
|move|p1a: Starmie|Recover|p1a: Starmie
|-heal|p1a: Starmie|100/100
|move|p2a: Skarmory|Drill Peck|p1a: Starmie
|-damage|p1a: Starmie|73/100
|
|-weather|Sandstorm|[upkeep]
|-damage|p1a: Starmie|67/100|[from] Sandstorm
|-heal|p1a: Starmie|73/100|[from] item: Leftovers
|-heal|p2a: Skarmory|92/100|[from] item: Leftovers
|upkeep
|turn|61
|
|t:|1729621635
|move|p1a: Starmie|Surf|p2a: Skarmory
|-damage|p2a: Skarmory|61/100
|move|p2a: Skarmory|Drill Peck|p1a: Starmie
|-damage|p1a: Starmie|47/100
|
|-weather|Sandstorm|[upkeep]
|-damage|p1a: Starmie|41/100|[from] Sandstorm
|-heal|p1a: Starmie|47/100|[from] item: Leftovers
|-heal|p2a: Skarmory|67/100|[from] item: Leftovers
|upkeep
|turn|62
|
|t:|1729621638
|move|p1a: Starmie|Recover|p1a: Starmie
|-heal|p1a: Starmie|97/100
|move|p2a: Skarmory|Drill Peck|p1a: Starmie
|-damage|p1a: Starmie|72/100
|
|-weather|Sandstorm|[upkeep]
|-damage|p1a: Starmie|66/100|[from] Sandstorm
|-heal|p1a: Starmie|72/100|[from] item: Leftovers
|-heal|p2a: Skarmory|73/100|[from] item: Leftovers
|upkeep
|turn|63
|
|t:|1729621640
|move|p1a: Starmie|Surf|p2a: Skarmory
|-damage|p2a: Skarmory|44/100
|move|p2a: Skarmory|Drill Peck|p1a: Starmie
|-crit|p1a: Starmie
|-damage|p1a: Starmie|20/100
|
|-weather|Sandstorm|[upkeep]
|-damage|p1a: Starmie|14/100|[from] Sandstorm
|-heal|p1a: Starmie|20/100|[from] item: Leftovers
|-heal|p2a: Skarmory|50/100|[from] item: Leftovers
|upkeep
|turn|64
|
|t:|1729621643
|move|p1a: Starmie|Recover|p1a: Starmie
|-heal|p1a: Starmie|70/100
|move|p2a: Skarmory|Drill Peck|p1a: Starmie
|-damage|p1a: Starmie|45/100
|
|-weather|Sandstorm|[upkeep]
|-damage|p1a: Starmie|38/100|[from] Sandstorm
|-heal|p1a: Starmie|45/100|[from] item: Leftovers
|-heal|p2a: Skarmory|56/100|[from] item: Leftovers
|upkeep
|turn|65
|
|t:|1729621646
|move|p1a: Starmie|Recover|p1a: Starmie
|-heal|p1a: Starmie|95/100
|move|p2a: Skarmory|Drill Peck|p1a: Starmie
|-damage|p1a: Starmie|69/100
|
|-weather|Sandstorm|[upkeep]
|-damage|p1a: Starmie|63/100|[from] Sandstorm
|-heal|p1a: Starmie|69/100|[from] item: Leftovers
|-heal|p2a: Skarmory|62/100|[from] item: Leftovers
|upkeep
|turn|66
|
|t:|1729621648
|move|p1a: Starmie|Surf|p2a: Skarmory
|-damage|p2a: Skarmory|33/100
|move|p2a: Skarmory|Drill Peck|p1a: Starmie
|-damage|p1a: Starmie|42/100
|
|-weather|Sandstorm|[upkeep]
|-damage|p1a: Starmie|36/100|[from] Sandstorm
|-heal|p1a: Starmie|42/100|[from] item: Leftovers
|-heal|p2a: Skarmory|39/100|[from] item: Leftovers
|upkeep
|turn|67
|
|t:|1729621650
|move|p1a: Starmie|Recover|p1a: Starmie
|-heal|p1a: Starmie|92/100
|move|p2a: Skarmory|Drill Peck|p1a: Starmie
|-damage|p1a: Starmie|67/100
|
|-weather|Sandstorm|[upkeep]
|-damage|p1a: Starmie|60/100|[from] Sandstorm
|-heal|p1a: Starmie|67/100|[from] item: Leftovers
|-heal|p2a: Skarmory|45/100|[from] item: Leftovers
|upkeep
|turn|68
|
|t:|1729621652
|move|p1a: Starmie|Surf|p2a: Skarmory
|-damage|p2a: Skarmory|15/100
|move|p2a: Skarmory|Drill Peck|p1a: Starmie
|-damage|p1a: Starmie|37/100
|
|-weather|Sandstorm|[upkeep]
|-damage|p1a: Starmie|31/100|[from] Sandstorm
|-heal|p1a: Starmie|37/100|[from] item: Leftovers
|-heal|p2a: Skarmory|21/100|[from] item: Leftovers
|upkeep
|turn|69
|
|t:|1729621655
|move|p1a: Starmie|Surf|p2a: Skarmory
|-damage|p2a: Skarmory|0 fnt
|faint|p2a: Skarmory
|
|win|Sheik
|c|☆Sheik|gg
|c|☆butter dk|ggs
|player|p2|
|player|p1|
|player|p1|Sheik|#roaplxyorknewyanma|

</script>
<script type="application/json" class="data" id="replaydata-smogtours-gen3ou-801228">
{"id":"smogtours-gen3ou-801228","format":"[Gen 3] OU","players":["Sheik","butter dk"],"uploadtime":1729621655,"views":89,"formatid":"gen3ou","rating":null,"private":1,"password":null}
</script>

<script defer src="js/replays.js?9d40a366"></script>
