<!DOCTYPE html>
<meta charset="utf-8" />
<meta name="viewport" content="width=device-width" />

<title>[Gen 3] OU: PuruglyIsUgly vs. blyargh - Replays - Pok&eacute;mon Showdown!</title>

<meta name="description" content="Watch a replay of a Pok&eacute;mon battle between PuruglyIsUgly and blyargh! Format: [Gen 3] OU; Date: Oct 17, 2024" />
<!--

Hey, you! Looking in the source for the replay log?

You can find them in JSON format, just add `.json` at the end of a replay URL.

https://replay.pokemonshowdown.com/gen7randomdoublesbattle-865046831.json

Or, if you only need the log itself, add `.log` instead:

https://replay.pokemonshowdown.com/gen7randomdoublesbattle-865046831.log

-->

<link rel="stylesheet" href="//pokemonshowdown.com/style/global.css?0.023195364461161105" />
<link rel="stylesheet" href="//play.pokemonshowdown.com/style/font-awesome.css?0.13261647063804238" />
<link rel="stylesheet" href="//play.pokemonshowdown.com/style/battle.css?0.8753245789963631" />
<link rel="stylesheet" href="//play.pokemonshowdown.com/style/utilichart.css?0.8627959624976733" />

<!-- Global site tag (gtag.js) - Google Analytics -->
<script async src="https://www.googletagmanager.com/gtag/js?id=UA-26211653-1"></script>
<script>
  window.dataLayer = window.dataLayer || [];
  function gtag(){dataLayer.push(arguments);}
  gtag('js', new Date());

  gtag('config', 'UA-26211653-1');
</script>
<!-- End Google Analytics -->
<!-- Venatus Ad Manager - Install in <HEAD> of page -->
	<script src="https://hb.vntsm.com/v3/live/ad-manager.min.js" type="text/javascript" data-site-id="642aba63ec9a7b11c3c9c1be" data-mode="scan" async></script>
<!-- / Venatus Ad Manager -->

<style>
	@media (max-width:820px) {
		.battle {
			margin: 0 auto;
		}
		.battle-log {
			margin: 7px auto 0;
			max-width: 640px;
			height: 300px;
			position: static;
		}
	}
	.optgroup {
		display: inline-block;
		line-height: 22px;
		font-size: 10pt;
	}
	.optgroup .button {
		height: 25px;
		padding-top: 0;
		padding-bottom: 0;
	}
	.optgroup button.button {
		padding-left: 12px;
		padding-right: 12px;
	}
	.linklist {
		list-style: none;
		margin: 0.5em 0;
		padding: 0;
	}
	.linklist li {
		padding: 2px 0;
	}
	.sidebar {
		float: left;
		width: 320px;
	}
	.bar-wrapper {
		max-width: 1100px;
		margin: 0 auto;
	}
	.bar-wrapper.has-sidebar {
		max-width: 1430px;
	}
	.mainbar {
		margin: 0;
		padding-right: 1px;
	}
	.mainbar.has-sidebar {
		margin-left: 330px;
	}
	@media (min-width: 1511px) {
		.sidebar {
			width: 400px;
		}
		.bar-wrapper.has-sidebar {
			max-width: 1510px;
		}
		.mainbar.has-sidebar {
			margin-left: 410px;
		}
	}
	.section.first-section {
		margin-top: 9px;
	}
	.blocklink small {
		white-space: normal;
	}
	.button {
		vertical-align: middle;
	}
	.replay-controls {
		padding-top: 10px;
	}
	.replay-controls h1 {
		font-size: 16pt;
		font-weight: normal;
		color: #CCC;
	}
	.pagelink {
		text-align: center;
	}
	.pagelink a {
		width: 150px;
	}
	.textbox, .button {
		font-size: 11pt;
		vertical-align: middle;
	}
	@media (max-width: 450px) {
		.button {
			font-size: 9pt;
		}
	}
</style>

<div>

	<header>
		<div class="nav-wrapper"><ul class="nav">
			<li><a class="button nav-first" href="//pokemonshowdown.com/"><img src="//pokemonshowdown.com/images/pokemonshowdownbeta.png" srcset="//pokemonshowdown.com/images/pokemonshowdownbeta.png 1x, //pokemonshowdown.com/images/pokemonshowdownbeta@2x.png 2x" alt="Pok&eacute;mon Showdown" width="146" height="44" /> Home</a></li>
			<li><a class="button" href="//pokemonshowdown.com/dex/">Pok&eacute;dex</a></li>
			<li><a class="button cur" href="/">Replays</a></li>
			<li><a class="button" href="//pokemonshowdown.com/ladder/">Ladder</a></li>
			<li><a class="button nav-last" href="//pokemonshowdown.com/forums/">Forum</a></li>
			<li><a class="button greenbutton nav-first nav-last" href="//play.pokemonshowdown.com/">Play</a></li>
		</ul></div>
	</header>

	<div class="main" id="main">

		<noscript><section class="section">You need to enable JavaScript to use this page; sorry!</section></noscript>

	</div>

</div>

<script defer nomodule src="//play.pokemonshowdown.com/js/lib/ps-polyfill.js"></script>
<script defer src="//play.pokemonshowdown.com/js/lib/preact.min.js"></script>

<script defer src="//play.pokemonshowdown.com/config/config.js?2bddbc15"></script>
<script defer src="//play.pokemonshowdown.com/js/lib/jquery-1.11.0.min.js"></script>
<script defer src="//play.pokemonshowdown.com/js/lib/html-sanitizer-minified.js"></script>
<script defer src="//play.pokemonshowdown.com/js/battle-sound.js"></script>
<script defer src="//play.pokemonshowdown.com/js/battledata.js?0.7209276989879541"></script>
<script defer src="//play.pokemonshowdown.com/data/pokedex-mini.js?0.6111056340867951"></script>
<script defer src="//play.pokemonshowdown.com/data/pokedex-mini-bw.js?0.3532142036491459"></script>
<script defer src="//play.pokemonshowdown.com/data/graphics.js?0.24223875632456182"></script>
<script defer src="//play.pokemonshowdown.com/data/pokedex.js?0.38839984266356864"></script>
<script defer src="//play.pokemonshowdown.com/data/moves.js?0.21866028504024015"></script>
<script defer src="//play.pokemonshowdown.com/data/abilities.js?0.2005157953846628"></script>
<script defer src="//play.pokemonshowdown.com/data/items.js?0.9894211263848525"></script>
<script defer src="//play.pokemonshowdown.com/data/teambuilder-tables.js?0.6008791140282215"></script>
<script defer src="//play.pokemonshowdown.com/js/battle-tooltips.js?0.7580118955022959"></script>
<script defer src="//play.pokemonshowdown.com/js/battle.js?0.6057722274234274"></script>

<script defer src="js/utils.js?e31f9a17"></script>
<script defer src="js/replays-battle.js?7008c182"></script>

<!-- don't scrape this data! just add .json or .log after the URL!
Full API docs: https://github.com/smogon/pokemon-showdown-client/blob/master/WEB-API.md -->
<script type="text/plain" class="log" id="replaylog-smogtours-gen3ou-799313">
|inactive|Battle timer is ON: inactive players will automatically lose when time's up.
|t:|1729190282
|gametype|singles
|player|p1|PuruglyIsUgly|2|
|player|p2|blyargh|#advpliv|
|teamsize|p1|6
|teamsize|p2|6
|gen|3
|tier|[Gen 3] OU
|rule|Sleep Clause Mod: Limit one foe put to sleep
|rule|Switch Priority Clause Mod: Faster Pokémon switch first
|rule|Species Clause: Limit one of each Pokémon
|rule|OHKO Clause: OHKO moves are banned
|rule|Evasion Items Clause: Evasion items are banned
|rule|Evasion Moves Clause: Evasion moves are banned
|rule|Endless Battle Clause: Forcing endless battles is banned
|rule|HP Percentage Mod: HP is shown in percentages
|rule|One Boost Passer Clause: Limit one Baton Passer that has a way to boost its stats
|rule|Freeze Clause Mod: Limit one foe frozen
|
|t:|1729190282
|start
|switch|p1a: Forretress|Forretress, F|100/100
|switch|p2a: Salamence|Salamence, M|100/100
|-ability|p2a: Salamence|Intimidate|boost
|-unboost|p1a: Forretress|atk|1
|turn|1
|c|☆PuruglyIsUgly|hf
|c|☆blyargh|hf
|
|t:|1729190312
|switch|p1a: Suicune|Suicune|100/100
|move|p2a: Salamence|Fire Blast|p1a: Suicune
|-resisted|p1a: Suicune
|-damage|p1a: Suicune|86/100
|
|-heal|p1a: Suicune|92/100|[from] item: Leftovers
|upkeep
|turn|2
|
|t:|1729190325
|switch|p2a: Skarmory|Skarmory, M|100/100
|switch|p1a: Blaziken|Blaziken, F|100/100
|
|upkeep
|turn|3
|
|t:|1729190330
|switch|p2a: Suicune|Suicune|100/100
|move|p1a: Blaziken|Overheat|p2a: Suicune
|-resisted|p2a: Suicune
|-damage|p2a: Suicune|71/100
|-unboost|p1a: Blaziken|spa|2
|
|-heal|p2a: Suicune|77/100|[from] item: Leftovers
|upkeep
|turn|4
|
|t:|1729190337
|switch|p1a: Suicune|Suicune|92/100
|switch|p2a: Skarmory|Skarmory, M|100/100
|
|-heal|p1a: Suicune|98/100|[from] item: Leftovers
|upkeep
|turn|5
|
|t:|1729190342
|switch|p1a: Blaziken|Blaziken, F|100/100
|move|p2a: Skarmory|Spikes|p1a: Blaziken
|-sidestart|p1: PuruglyIsUgly|Spikes
|
|upkeep
|turn|6
|
|t:|1729190359
|switch|p2a: Salamence|Salamence, M|100/100
|-ability|p2a: Salamence|Intimidate|boost
|-unboost|p1a: Blaziken|atk|1
|move|p1a: Blaziken|Flamethrower|p2a: Salamence
|-resisted|p2a: Salamence
|-damage|p2a: Salamence|62/100
|
|-heal|p2a: Salamence|68/100|[from] item: Leftovers
|upkeep
|turn|7
|
|t:|1729190368
|switch|p2a: Suicune|Suicune|77/100
|switch|p1a: Suicune|Suicune|98/100
|-damage|p1a: Suicune|86/100|[from] Spikes
|
|-heal|p2a: Suicune|83/100|[from] item: Leftovers
|-heal|p1a: Suicune|92/100|[from] item: Leftovers
|upkeep
|turn|8
|
|t:|1729190373
|switch|p2a: Blissey|Blissey, F|100/100
|move|p1a: Suicune|Calm Mind|p1a: Suicune
|-boost|p1a: Suicune|spa|1
|-boost|p1a: Suicune|spd|1
|
|-heal|p1a: Suicune|98/100|[from] item: Leftovers
|upkeep
|turn|9
|
|t:|1729190377
|move|p1a: Suicune|Surf|p2a: Blissey
|-crit|p2a: Blissey
|-damage|p2a: Blissey|67/100
|move|p2a: Blissey|Calm Mind|p2a: Blissey
|-boost|p2a: Blissey|spa|1
|-boost|p2a: Blissey|spd|1
|
|-heal|p1a: Suicune|100/100|[from] item: Leftovers
|-heal|p2a: Blissey|73/100|[from] item: Leftovers
|upkeep
|turn|10
|
|t:|1729190385
|move|p2a: Blissey|Thunderbolt|p1a: Suicune
|-supereffective|p1a: Suicune
|-damage|p1a: Suicune|64/100
|move|p1a: Suicune|Roar|p2a: Blissey
|drag|p2a: Suicune|Suicune|83/100
|
|-heal|p2a: Suicune|90/100|[from] item: Leftovers
|-heal|p1a: Suicune|70/100|[from] item: Leftovers
|upkeep
|turn|11
|
|t:|1729190393
|switch|p2a: Jirachi|Jirachi|100/100
|move|p1a: Suicune|Surf|p2a: Jirachi
|-damage|p2a: Jirachi|65/100
|
|-heal|p2a: Jirachi|71/100|[from] item: Leftovers
|-heal|p1a: Suicune|77/100|[from] item: Leftovers
|upkeep
|turn|12
|
|t:|1729190396
|move|p2a: Jirachi|Toxic|p1a: Suicune
|-status|p1a: Suicune|tox
|move|p1a: Suicune|Surf|p2a: Jirachi
|-damage|p2a: Jirachi|32/100
|
|-heal|p2a: Jirachi|39/100|[from] item: Leftovers
|-heal|p1a: Suicune|83/100 tox|[from] item: Leftovers
|-damage|p1a: Suicune|77/100 tox|[from] psn
|upkeep
|turn|13
|
|t:|1729190402
|move|p2a: Jirachi|Protect|p2a: Jirachi
|-singleturn|p2a: Jirachi|Protect
|move|p1a: Suicune|Calm Mind|p1a: Suicune
|-boost|p1a: Suicune|spa|1
|-boost|p1a: Suicune|spd|1
|
|-heal|p2a: Jirachi|45/100|[from] item: Leftovers
|-heal|p1a: Suicune|83/100 tox|[from] item: Leftovers
|-damage|p1a: Suicune|70/100 tox|[from] psn
|upkeep
|turn|14
|
|t:|1729190406
|switch|p2a: Suicune|Suicune|90/100
|move|p1a: Suicune|Roar|p2a: Suicune
|drag|p2a: Claydol|Claydol|100/100
|
|-heal|p1a: Suicune|77/100 tox|[from] item: Leftovers
|-damage|p1a: Suicune|58/100 tox|[from] psn
|upkeep
|turn|15
|
|t:|1729190412
|switch|p2a: Suicune|Suicune|90/100
|switch|p1a: Forretress|Forretress, F|100/100
|-damage|p1a: Forretress|88/100|[from] Spikes
|
|-heal|p2a: Suicune|96/100|[from] item: Leftovers
|-heal|p1a: Forretress|94/100|[from] item: Leftovers
|upkeep
|turn|16
|
|t:|1729190418
|move|p2a: Suicune|Surf|p1a: Forretress
|-damage|p1a: Forretress|51/100
|move|p1a: Forretress|Spikes|p2a: Suicune
|-sidestart|p2: blyargh|Spikes
|
|-heal|p2a: Suicune|100/100|[from] item: Leftovers
|-heal|p1a: Forretress|57/100|[from] item: Leftovers
|upkeep
|turn|17
|
|t:|1729190428
|switch|p1a: Suicune|Suicune|58/100 tox
|-damage|p1a: Suicune|45/100 tox|[from] Spikes
|move|p2a: Suicune|Surf|p1a: Suicune
|-resisted|p1a: Suicune
|-damage|p1a: Suicune|28/100 tox
|
|-heal|p1a: Suicune|35/100 tox|[from] item: Leftovers
|-damage|p1a: Suicune|28/100 tox|[from] psn
|upkeep
|turn|18
|
|t:|1729190433
|switch|p2a: Blissey|Blissey, F|73/100
|-damage|p2a: Blissey|60/100|[from] Spikes
|move|p1a: Suicune|Rest|p1a: Suicune
|-status|p1a: Suicune|slp|[from] move: Rest
|-heal|p1a: Suicune|100/100 slp|[silent]
|
|-heal|p2a: Blissey|66/100|[from] item: Leftovers
|upkeep
|turn|19
|
|t:|1729190439
|switch|p1a: Blaziken|Blaziken, F|100/100
|-damage|p1a: Blaziken|88/100|[from] Spikes
|move|p2a: Blissey|Thunderbolt|p1a: Blaziken
|-crit|p1a: Blaziken
|-damage|p1a: Blaziken|5/100
|
|-heal|p2a: Blissey|73/100|[from] item: Leftovers
|upkeep
|turn|20
|
|t:|1729190458
|switch|p2a: Salamence|Salamence, M|68/100
|-ability|p2a: Salamence|Intimidate|boost
|-unboost|p1a: Blaziken|atk|1
|move|p1a: Blaziken|Sky Uppercut|p2a: Salamence
|-resisted|p2a: Salamence
|-damage|p2a: Salamence|52/100
|
|-heal|p2a: Salamence|59/100|[from] item: Leftovers
|upkeep
|turn|21
|
|t:|1729190463
|move|p2a: Salamence|Dragon Claw|p1a: Blaziken
|-damage|p1a: Blaziken|0 fnt
|faint|p1a: Blaziken
|
|t:|1729190467
|switch|p1a: Jolteon|Jolteon, M|100/100
|-damage|p1a: Jolteon|88/100|[from] Spikes
|
|-heal|p1a: Jolteon|94/100|[from] item: Leftovers
|-heal|p2a: Salamence|65/100|[from] item: Leftovers
|upkeep
|turn|22
|
|t:|1729190472
|switch|p2a: Claydol|Claydol|100/100
|move|p1a: Jolteon|Thunderbolt|p2a: Claydol
|-immune|p2a: Claydol
|
|-heal|p1a: Jolteon|100/100|[from] item: Leftovers
|upkeep
|turn|23
|
|t:|1729190475
|move|p1a: Jolteon|Baton Pass|p1a: Jolteon
|
|t:|1729190478
|switch|p1a: Porygon2|Porygon2|100/100|[from] Baton Pass
|-damage|p1a: Porygon2|88/100|[from] Spikes
|-ability|p1a: Porygon2|Levitate|[from] ability: Trace|[of] p2a: Claydol
|move|p2a: Claydol|Rapid Spin|p1a: Porygon2
|-damage|p1a: Porygon2|84/100
|-sideend|p2: blyargh|Spikes|[from] move: Rapid Spin|[of] p2a: Claydol
|
|-heal|p1a: Porygon2|91/100|[from] item: Leftovers
|upkeep
|turn|24
|
|t:|1729190496
|switch|p2a: Blissey|Blissey, F|73/100
|move|p1a: Porygon2|Toxic|p2a: Blissey
|-status|p2a: Blissey|tox
|
|-heal|p1a: Porygon2|97/100|[from] item: Leftovers
|-heal|p2a: Blissey|79/100 tox|[from] item: Leftovers
|-damage|p2a: Blissey|73/100 tox|[from] psn
|upkeep
|turn|25
|
|t:|1729190502
|switch|p1a: Forretress|Forretress, F|57/100
|-damage|p1a: Forretress|45/100|[from] Spikes
|-curestatus|p2a: Blissey|tox|[from] ability: Natural Cure
|switch|p2a: Suicune|Suicune|100/100
|
|-heal|p1a: Forretress|51/100|[from] item: Leftovers
|upkeep
|turn|26
|
|t:|1729190513
|switch|p1a: Jolteon|Jolteon, M|100/100
|-damage|p1a: Jolteon|88/100|[from] Spikes
|move|p2a: Suicune|Surf|p1a: Jolteon
|-crit|p1a: Jolteon
|-damage|p1a: Jolteon|0 fnt
|faint|p1a: Jolteon
|c|☆blyargh|mb
|c|☆PuruglyIsUgly|nw - ngl the crits on my strongest mons hurts
|inactive|PuruglyIsUgly has 270 seconds left.
|
|t:|1729190538
|switch|p1a: Porygon2|Porygon2|97/100
|-damage|p1a: Porygon2|84/100|[from] Spikes
|-ability|p1a: Porygon2|Pressure|[from] ability: Trace|[of] p2a: Suicune
|
|-heal|p1a: Porygon2|91/100|[from] item: Leftovers
|upkeep
|turn|27
|
|t:|1729190544
|move|p2a: Suicune|Calm Mind|p2a: Suicune
|-boost|p2a: Suicune|spa|1
|-boost|p2a: Suicune|spd|1
|move|p1a: Porygon2|Thunderbolt|p2a: Suicune
|-supereffective|p2a: Suicune
|-damage|p2a: Suicune|79/100
|
|-heal|p2a: Suicune|85/100|[from] item: Leftovers
|-heal|p1a: Porygon2|97/100|[from] item: Leftovers
|upkeep
|turn|28
|
|t:|1729190549
|move|p2a: Suicune|Calm Mind|p2a: Suicune
|-boost|p2a: Suicune|spa|1
|-boost|p2a: Suicune|spd|1
|move|p1a: Porygon2|Toxic|p2a: Suicune
|-status|p2a: Suicune|tox
|
|-heal|p2a: Suicune|91/100 tox|[from] item: Leftovers
|-damage|p2a: Suicune|85/100 tox|[from] psn
|-heal|p1a: Porygon2|100/100|[from] item: Leftovers
|upkeep
|turn|29
|
|t:|1729190552
|move|p2a: Suicune|Surf|p1a: Porygon2
|-damage|p1a: Porygon2|22/100
|move|p1a: Porygon2|Thunderbolt|p2a: Suicune
|-supereffective|p2a: Suicune
|-damage|p2a: Suicune|68/100 tox
|
|-heal|p2a: Suicune|74/100 tox|[from] item: Leftovers
|-damage|p2a: Suicune|62/100 tox|[from] psn
|-heal|p1a: Porygon2|28/100|[from] item: Leftovers
|upkeep
|turn|30
|
|t:|1729190557
|move|p2a: Suicune|Surf|p1a: Porygon2
|-damage|p1a: Porygon2|0 fnt
|faint|p1a: Porygon2
|
|t:|1729190561
|switch|p1a: Suicune|Suicune|100/100 slp
|-damage|p1a: Suicune|88/100 slp|[from] Spikes
|
|-heal|p1a: Suicune|94/100 slp|[from] item: Leftovers
|-heal|p2a: Suicune|68/100 tox|[from] item: Leftovers
|-damage|p2a: Suicune|49/100 tox|[from] psn
|upkeep
|turn|31
|
|t:|1729190568
|switch|p2a: Skarmory|Skarmory, M|100/100
|cant|p1a: Suicune|slp
|
|-heal|p1a: Suicune|100/100 slp|[from] item: Leftovers
|upkeep
|turn|32
|
|t:|1729190572
|cant|p1a: Suicune|slp
|move|p2a: Skarmory|Roar|p1a: Suicune
|drag|p1a: Forretress|Forretress, F|51/100
|-damage|p1a: Forretress|38/100|[from] Spikes
|
|-heal|p1a: Forretress|45/100|[from] item: Leftovers
|upkeep
|turn|33
|
|t:|1729190576
|move|p2a: Skarmory|Drill Peck|p1a: Forretress
|-damage|p1a: Forretress|28/100
|move|p1a: Forretress|Spikes|p2a: Skarmory
|-sidestart|p2: blyargh|Spikes
|
|-heal|p1a: Forretress|34/100|[from] item: Leftovers
|upkeep
|turn|34
|
|t:|1729190581
|move|p2a: Skarmory|Drill Peck|p1a: Forretress
|-crit|p1a: Forretress
|-damage|p1a: Forretress|0 fnt
|faint|p1a: Forretress
|
|t:|1729190589
|switch|p1a: Suicune|Suicune|100/100 slp
|-damage|p1a: Suicune|88/100 slp|[from] Spikes
|
|-heal|p1a: Suicune|94/100 slp|[from] item: Leftovers
|upkeep
|turn|35
|
|t:|1729190594
|-curestatus|p1a: Suicune|slp|[msg]
|move|p1a: Suicune|Calm Mind|p1a: Suicune
|-boost|p1a: Suicune|spa|1
|-boost|p1a: Suicune|spd|1
|move|p2a: Skarmory|Roar|p1a: Suicune
|drag|p1a: Metagross|Metagross|100/100
|-damage|p1a: Metagross|88/100|[from] Spikes
|
|-heal|p1a: Metagross|94/100|[from] item: Leftovers
|upkeep
|turn|36
|
|t:|1729190599
|move|p1a: Metagross|Meteor Mash|p2a: Skarmory
|-resisted|p2a: Skarmory
|-damage|p2a: Skarmory|80/100
|move|p2a: Skarmory|Spikes|p1a: Metagross
|-sidestart|p1: PuruglyIsUgly|Spikes
|
|-heal|p1a: Metagross|100/100|[from] item: Leftovers
|-heal|p2a: Skarmory|86/100|[from] item: Leftovers
|upkeep
|turn|37
|
|t:|1729190604
|move|p2a: Skarmory|Protect|p2a: Skarmory
|-singleturn|p2a: Skarmory|Protect
|move|p1a: Metagross|Agility|p1a: Metagross
|-boost|p1a: Metagross|spe|2
|
|-heal|p2a: Skarmory|92/100|[from] item: Leftovers
|upkeep
|turn|38
|
|t:|1729190607
|move|p1a: Metagross|Rock Slide|p2a: Skarmory
|-damage|p2a: Skarmory|70/100
|move|p2a: Skarmory|Spikes|p1a: Metagross
|-sidestart|p1: PuruglyIsUgly|Spikes
|
|-heal|p2a: Skarmory|76/100|[from] item: Leftovers
|upkeep
|turn|39
|
|t:|1729190613
|move|p1a: Metagross|Rock Slide|p2a: Skarmory|[miss]
|-miss|p1a: Metagross|p2a: Skarmory
|move|p2a: Skarmory|Roar|p1a: Metagross
|drag|p1a: Suicune|Suicune|94/100
|-damage|p1a: Suicune|69/100|[from] Spikes
|
|-heal|p1a: Suicune|76/100|[from] item: Leftovers
|-heal|p2a: Skarmory|82/100|[from] item: Leftovers
|upkeep
|turn|40
|
|t:|1729190616
|move|p1a: Suicune|Surf|p2a: Skarmory
|-damage|p2a: Skarmory|54/100
|move|p2a: Skarmory|Roar|p1a: Suicune
|drag|p1a: Metagross|Metagross|100/100
|-damage|p1a: Metagross|75/100|[from] Spikes
|
|-heal|p1a: Metagross|82/100|[from] item: Leftovers
|-heal|p2a: Skarmory|60/100|[from] item: Leftovers
|upkeep
|turn|41
|
|t:|1729190619
|move|p2a: Skarmory|Protect|p2a: Skarmory
|-singleturn|p2a: Skarmory|Protect
|move|p1a: Metagross|Agility|p1a: Metagross
|-boost|p1a: Metagross|spe|2
|
|-heal|p1a: Metagross|88/100|[from] item: Leftovers
|-heal|p2a: Skarmory|66/100|[from] item: Leftovers
|upkeep
|turn|42
|
|t:|1729190623
|move|p1a: Metagross|Rock Slide|p2a: Skarmory
|-damage|p2a: Skarmory|42/100
|move|p2a: Skarmory|Roar|p1a: Metagross
|drag|p1a: Suicune|Suicune|76/100
|-damage|p1a: Suicune|51/100|[from] Spikes
|
|-heal|p1a: Suicune|57/100|[from] item: Leftovers
|-heal|p2a: Skarmory|48/100|[from] item: Leftovers
|upkeep
|turn|43
|
|t:|1729190630
|switch|p2a: Blissey|Blissey, F|73/100
|-damage|p2a: Blissey|60/100|[from] Spikes
|move|p1a: Suicune|Calm Mind|p1a: Suicune
|-boost|p1a: Suicune|spa|1
|-boost|p1a: Suicune|spd|1
|
|-heal|p1a: Suicune|63/100|[from] item: Leftovers
|-heal|p2a: Blissey|66/100|[from] item: Leftovers
|upkeep
|turn|44
|
|t:|1729190634
|move|p1a: Suicune|Calm Mind|p1a: Suicune
|-boost|p1a: Suicune|spa|1
|-boost|p1a: Suicune|spd|1
|move|p2a: Blissey|Calm Mind|p2a: Blissey
|-boost|p2a: Blissey|spa|1
|-boost|p2a: Blissey|spd|1
|
|-heal|p1a: Suicune|69/100|[from] item: Leftovers
|-heal|p2a: Blissey|72/100|[from] item: Leftovers
|upkeep
|turn|45
|
|t:|1729190637
|move|p2a: Blissey|Calm Mind|p2a: Blissey
|-boost|p2a: Blissey|spa|1
|-boost|p2a: Blissey|spd|1
|move|p1a: Suicune|Roar|p2a: Blissey
|drag|p2a: Salamence|Salamence, M|65/100
|-ability|p2a: Salamence|Intimidate|boost
|-unboost|p1a: Suicune|atk|1
|
|-heal|p2a: Salamence|71/100|[from] item: Leftovers
|-heal|p1a: Suicune|76/100|[from] item: Leftovers
|upkeep
|turn|46
|
|t:|1729190647
|move|p2a: Salamence|Hidden Power|p1a: Suicune
|-supereffective|p1a: Suicune
|-damage|p1a: Suicune|57/100
|move|p1a: Suicune|Calm Mind|p1a: Suicune
|-boost|p1a: Suicune|spa|1
|-boost|p1a: Suicune|spd|1
|
|-heal|p2a: Salamence|77/100|[from] item: Leftovers
|-heal|p1a: Suicune|64/100|[from] item: Leftovers
|upkeep
|turn|47
|
|t:|1729190652
|switch|p2a: Blissey|Blissey, F|72/100
|-damage|p2a: Blissey|60/100|[from] Spikes
|move|p1a: Suicune|Calm Mind|p1a: Suicune
|-boost|p1a: Suicune|spa|1
|-boost|p1a: Suicune|spd|1
|
|-heal|p1a: Suicune|70/100|[from] item: Leftovers
|-heal|p2a: Blissey|66/100|[from] item: Leftovers
|upkeep
|turn|48
|
|t:|1729190657
|move|p1a: Suicune|Surf|p2a: Blissey
|-damage|p2a: Blissey|32/100
|move|p2a: Blissey|Calm Mind|p2a: Blissey
|-boost|p2a: Blissey|spa|1
|-boost|p2a: Blissey|spd|1
|
|-heal|p1a: Suicune|76/100|[from] item: Leftovers
|-heal|p2a: Blissey|38/100|[from] item: Leftovers
|upkeep
|turn|49
|
|t:|1729190661
|move|p1a: Suicune|Surf|p2a: Blissey
|-damage|p2a: Blissey|13/100
|move|p2a: Blissey|Soft-Boiled|p2a: Blissey
|-heal|p2a: Blissey|63/100
|
|-heal|p1a: Suicune|82/100|[from] item: Leftovers
|-heal|p2a: Blissey|69/100|[from] item: Leftovers
|upkeep
|turn|50
|
|t:|1729190666
|move|p2a: Blissey|Thunderbolt|p1a: Suicune
|-supereffective|p1a: Suicune
|-damage|p1a: Suicune|63/100
|-status|p1a: Suicune|par
|cant|p1a: Suicune|par
|
|-heal|p2a: Blissey|76/100|[from] item: Leftovers
|-heal|p1a: Suicune|69/100 par|[from] item: Leftovers
|upkeep
|turn|51
|
|t:|1729190672
|move|p2a: Blissey|Thunderbolt|p1a: Suicune
|-supereffective|p1a: Suicune
|-crit|p1a: Suicune
|-damage|p1a: Suicune|0 fnt
|faint|p1a: Suicune
|c|☆PuruglyIsUgly|bruh 
|c|☆blyargh|yea sorry
|
|t:|1729190680
|switch|p1a: Metagross|Metagross|88/100
|-damage|p1a: Metagross|63/100|[from] Spikes
|
|-heal|p1a: Metagross|69/100|[from] item: Leftovers
|-heal|p2a: Blissey|82/100|[from] item: Leftovers
|upkeep
|turn|52
|
|t:|1729190684
|move|p1a: Metagross|Agility|p1a: Metagross
|-boost|p1a: Metagross|spe|2
|move|p2a: Blissey|Thunderbolt|p1a: Metagross
|-crit|p1a: Metagross
|-damage|p1a: Metagross|0 fnt
|faint|p1a: Metagross
|
|win|blyargh
|c|☆PuruglyIsUgly|lol
|c|☆PuruglyIsUgly|gg
|c|☆blyargh|v unfort
|c|☆blyargh|gg
|player|p2|

</script>
<script type="application/json" class="data" id="replaydata-smogtours-gen3ou-799313">
{"id":"smogtours-gen3ou-799313","format":"[Gen 3] OU","players":["PuruglyIsUgly","blyargh"],"uploadtime":1729190684,"views":117,"formatid":"gen3ou","rating":null,"private":0,"password":null}
</script>

<script defer src="js/replays.js?9d40a366"></script>
