<!DOCTYPE html>
<meta charset="utf-8" />
<meta name="viewport" content="width=device-width" />

<title>[Gen 3] OU: Genoz vs. Eduardo Carapinga - Replays - Pok&eacute;mon Showdown!</title>

<meta name="description" content="Watch a replay of a Pok&eacute;mon battle between Genoz and Eduardo Carapinga! Format: [Gen 3] OU; Date: Oct 3, 2024" />
<!--

Hey, you! Looking in the source for the replay log?

You can find them in JSON format, just add `.json` at the end of a replay URL.

https://replay.pokemonshowdown.com/gen7randomdoublesbattle-865046831.json

Or, if you only need the log itself, add `.log` instead:

https://replay.pokemonshowdown.com/gen7randomdoublesbattle-865046831.log

-->

<link rel="stylesheet" href="//pokemonshowdown.com/style/global.css?0.023195364461161105" />
<link rel="stylesheet" href="//play.pokemonshowdown.com/style/font-awesome.css?0.13261647063804238" />
<link rel="stylesheet" href="//play.pokemonshowdown.com/style/battle.css?0.8753245789963631" />
<link rel="stylesheet" href="//play.pokemonshowdown.com/style/utilichart.css?0.8627959624976733" />

<!-- Global site tag (gtag.js) - Google Analytics -->
<script async src="https://www.googletagmanager.com/gtag/js?id=UA-26211653-1"></script>
<script>
  window.dataLayer = window.dataLayer || [];
  function gtag(){dataLayer.push(arguments);}
  gtag('js', new Date());

  gtag('config', 'UA-26211653-1');
</script>
<!-- End Google Analytics -->
<!-- Venatus Ad Manager - Install in <HEAD> of page -->
	<script src="https://hb.vntsm.com/v3/live/ad-manager.min.js" type="text/javascript" data-site-id="642aba63ec9a7b11c3c9c1be" data-mode="scan" async></script>
<!-- / Venatus Ad Manager -->

<style>
	@media (max-width:820px) {
		.battle {
			margin: 0 auto;
		}
		.battle-log {
			margin: 7px auto 0;
			max-width: 640px;
			height: 300px;
			position: static;
		}
	}
	.optgroup {
		display: inline-block;
		line-height: 22px;
		font-size: 10pt;
	}
	.optgroup .button {
		height: 25px;
		padding-top: 0;
		padding-bottom: 0;
	}
	.optgroup button.button {
		padding-left: 12px;
		padding-right: 12px;
	}
	.linklist {
		list-style: none;
		margin: 0.5em 0;
		padding: 0;
	}
	.linklist li {
		padding: 2px 0;
	}
	.sidebar {
		float: left;
		width: 320px;
	}
	.bar-wrapper {
		max-width: 1100px;
		margin: 0 auto;
	}
	.bar-wrapper.has-sidebar {
		max-width: 1430px;
	}
	.mainbar {
		margin: 0;
		padding-right: 1px;
	}
	.mainbar.has-sidebar {
		margin-left: 330px;
	}
	@media (min-width: 1511px) {
		.sidebar {
			width: 400px;
		}
		.bar-wrapper.has-sidebar {
			max-width: 1510px;
		}
		.mainbar.has-sidebar {
			margin-left: 410px;
		}
	}
	.section.first-section {
		margin-top: 9px;
	}
	.blocklink small {
		white-space: normal;
	}
	.button {
		vertical-align: middle;
	}
	.replay-controls {
		padding-top: 10px;
	}
	.replay-controls h1 {
		font-size: 16pt;
		font-weight: normal;
		color: #CCC;
	}
	.pagelink {
		text-align: center;
	}
	.pagelink a {
		width: 150px;
	}
	.textbox, .button {
		font-size: 11pt;
		vertical-align: middle;
	}
	@media (max-width: 450px) {
		.button {
			font-size: 9pt;
		}
	}
</style>

<div>

	<header>
		<div class="nav-wrapper"><ul class="nav">
			<li><a class="button nav-first" href="//pokemonshowdown.com/"><img src="//pokemonshowdown.com/images/pokemonshowdownbeta.png" srcset="//pokemonshowdown.com/images/pokemonshowdownbeta.png 1x, //pokemonshowdown.com/images/pokemonshowdownbeta@2x.png 2x" alt="Pok&eacute;mon Showdown" width="146" height="44" /> Home</a></li>
			<li><a class="button" href="//pokemonshowdown.com/dex/">Pok&eacute;dex</a></li>
			<li><a class="button cur" href="/">Replays</a></li>
			<li><a class="button" href="//pokemonshowdown.com/ladder/">Ladder</a></li>
			<li><a class="button nav-last" href="//pokemonshowdown.com/forums/">Forum</a></li>
			<li><a class="button greenbutton nav-first nav-last" href="//play.pokemonshowdown.com/">Play</a></li>
		</ul></div>
	</header>

	<div class="main" id="main">

		<noscript><section class="section">You need to enable JavaScript to use this page; sorry!</section></noscript>

	</div>

</div>

<script defer nomodule src="//play.pokemonshowdown.com/js/lib/ps-polyfill.js"></script>
<script defer src="//play.pokemonshowdown.com/js/lib/preact.min.js"></script>

<script defer src="//play.pokemonshowdown.com/config/config.js?2bddbc15"></script>
<script defer src="//play.pokemonshowdown.com/js/lib/jquery-1.11.0.min.js"></script>
<script defer src="//play.pokemonshowdown.com/js/lib/html-sanitizer-minified.js"></script>
<script defer src="//play.pokemonshowdown.com/js/battle-sound.js"></script>
<script defer src="//play.pokemonshowdown.com/js/battledata.js?0.7209276989879541"></script>
<script defer src="//play.pokemonshowdown.com/data/pokedex-mini.js?0.6111056340867951"></script>
<script defer src="//play.pokemonshowdown.com/data/pokedex-mini-bw.js?0.3532142036491459"></script>
<script defer src="//play.pokemonshowdown.com/data/graphics.js?0.24223875632456182"></script>
<script defer src="//play.pokemonshowdown.com/data/pokedex.js?0.38839984266356864"></script>
<script defer src="//play.pokemonshowdown.com/data/moves.js?0.21866028504024015"></script>
<script defer src="//play.pokemonshowdown.com/data/abilities.js?0.2005157953846628"></script>
<script defer src="//play.pokemonshowdown.com/data/items.js?0.9894211263848525"></script>
<script defer src="//play.pokemonshowdown.com/data/teambuilder-tables.js?0.6008791140282215"></script>
<script defer src="//play.pokemonshowdown.com/js/battle-tooltips.js?0.7580118955022959"></script>
<script defer src="//play.pokemonshowdown.com/js/battle.js?0.6057722274234274"></script>

<script defer src="js/utils.js?e31f9a17"></script>
<script defer src="js/replays-battle.js?7008c182"></script>

<!-- don't scrape this data! just add .json or .log after the URL!
Full API docs: https://github.com/smogon/pokemon-showdown-client/blob/master/WEB-API.md -->
<script type="text/plain" class="log" id="replaylog-smogtours-gen3ou-794134">
|inactive|Battle timer is ON: inactive players will automatically lose when time's up.
|t:|1727914288
|gametype|singles
|player|p1|Genoz|jogger|
|player|p2|Eduardo Carapinga|#splxvraiders|
|teamsize|p1|6
|teamsize|p2|6
|gen|3
|tier|[Gen 3] OU
|rule|Sleep Clause Mod: Limit one foe put to sleep
|rule|Switch Priority Clause Mod: Faster Pokémon switch first
|rule|Species Clause: Limit one of each Pokémon
|rule|OHKO Clause: OHKO moves are banned
|rule|Evasion Items Clause: Evasion items are banned
|rule|Evasion Moves Clause: Evasion moves are banned
|rule|Endless Battle Clause: Forcing endless battles is banned
|rule|HP Percentage Mod: HP is shown in percentages
|rule|One Boost Passer Clause: Limit one Baton Passer that has a way to boost its stats
|rule|Freeze Clause Mod: Limit one foe frozen
|
|t:|1727914288
|start
|switch|p1a: Zapdos|Zapdos|100/100
|switch|p2a: Thor|Zapdos|100/100
|turn|1
|
|t:|1727914300
|move|p2a: Thor|Toxic|p1a: Zapdos
|-status|p1a: Zapdos|tox
|move|p1a: Zapdos|Thunderbolt|p2a: Thor
|-damage|p2a: Thor|72/100
|
|-heal|p2a: Thor|78/100|[from] item: Leftovers
|-damage|p1a: Zapdos|94/100 tox|[from] psn
|upkeep
|turn|2
|
|t:|1727914307
|move|p1a: Zapdos|Thunderbolt|p2a: Thor
|-damage|p2a: Thor|51/100
|move|p2a: Thor|Thunderbolt|p1a: Zapdos
|-damage|p1a: Zapdos|63/100 tox
|
|-heal|p1a: Zapdos|69/100 tox|[from] item: Leftovers
|-heal|p2a: Thor|58/100|[from] item: Leftovers
|-damage|p1a: Zapdos|56/100 tox|[from] psn
|upkeep
|turn|3
|
|t:|1727914321
|switch|p2a: Dinamita|Tyranitar, F|100/100
|-weather|Sandstorm|[from] ability: Sand Stream|[of] p2a: Dinamita
|move|p1a: Zapdos|Rest|p1a: Zapdos
|-status|p1a: Zapdos|slp|[from] move: Rest
|-heal|p1a: Zapdos|100/100 slp|[silent]
|
|-weather|Sandstorm|[upkeep]
|-damage|p1a: Zapdos|94/100 slp|[from] Sandstorm
|-heal|p1a: Zapdos|100/100 slp|[from] item: Leftovers
|upkeep
|turn|4
|
|t:|1727914327
|-singleturn|p2a: Dinamita|move: Focus Punch
|switch|p1a: Flygon|Flygon, M|100/100
|move|p2a: Dinamita|Focus Punch|p1a: Flygon
|-damage|p1a: Flygon|0 fnt
|faint|p1a: Flygon
|c|☆Genoz|dang
|
|t:|1727914347
|switch|p1a: Skarmory|Skarmory, F|100/100
|
|-weather|Sandstorm|[upkeep]
|upkeep
|turn|5
|inactive|Eduardo Carapinga has 270 seconds left.
|inactive|Eduardo Carapinga has 240 seconds left.
|
|t:|1727914425
|-singleturn|p2a: Dinamita|move: Focus Punch
|move|p1a: Skarmory|Spikes|p2a: Dinamita
|-sidestart|p2: Eduardo Carapinga|Spikes
|move|p2a: Dinamita|Focus Punch|p1a: Skarmory
|-damage|p1a: Skarmory|38/100
|
|-weather|Sandstorm|[upkeep]
|-heal|p1a: Skarmory|44/100|[from] item: Leftovers
|upkeep
|turn|6
|
|t:|1727914428
|switch|p2a: Thor|Zapdos|58/100
|move|p1a: Skarmory|Protect||[still]
|-fail|p1a: Skarmory
|
|-weather|Sandstorm|[upkeep]
|-damage|p2a: Thor|51/100|[from] Sandstorm
|-heal|p2a: Thor|58/100|[from] item: Leftovers
|-heal|p1a: Skarmory|50/100|[from] item: Leftovers
|upkeep
|turn|7
|
|t:|1727914431
|move|p1a: Skarmory|Protect|p1a: Skarmory
|-singleturn|p1a: Skarmory|Protect
|move|p2a: Thor|Thunderbolt|p1a: Skarmory
|-activate|p1a: Skarmory|Protect
|
|-weather|Sandstorm|[upkeep]
|-damage|p2a: Thor|51/100|[from] Sandstorm
|-heal|p2a: Thor|58/100|[from] item: Leftovers
|-heal|p1a: Skarmory|56/100|[from] item: Leftovers
|upkeep
|turn|8
|
|t:|1727914439
|switch|p1a: Jirachi|Jirachi|100/100
|move|p2a: Thor|Thunderbolt|p1a: Jirachi
|-damage|p1a: Jirachi|77/100
|
|-weather|Sandstorm|[upkeep]
|-damage|p2a: Thor|51/100|[from] Sandstorm
|-heal|p2a: Thor|58/100|[from] item: Leftovers
|-heal|p1a: Jirachi|83/100|[from] item: Leftovers
|upkeep
|turn|9
|
|t:|1727914450
|switch|p2a: Lodoso|Swampert, F|100/100
|-damage|p2a: Lodoso|88/100|[from] Spikes
|move|p1a: Jirachi|Toxic|p2a: Lodoso
|-status|p2a: Lodoso|tox
|
|-weather|Sandstorm|[upkeep]
|-heal|p1a: Jirachi|89/100|[from] item: Leftovers
|-heal|p2a: Lodoso|94/100 tox|[from] item: Leftovers
|-damage|p2a: Lodoso|88/100 tox|[from] psn
|upkeep
|turn|10
|
|t:|1727914459
|move|p1a: Jirachi|Wish|p1a: Jirachi
|move|p2a: Lodoso|Refresh|p2a: Lodoso
|-curestatus|p2a: Lodoso|tox|[msg]
|
|-weather|Sandstorm|[upkeep]
|-heal|p1a: Jirachi|95/100|[from] item: Leftovers
|-heal|p2a: Lodoso|94/100|[from] item: Leftovers
|upkeep
|turn|11
|inactive|Eduardo Carapinga has 270 seconds left.
|
|t:|1727914465
|switch|p1a: Skarmory|Skarmory, F|56/100
|switch|p2a: Thor|Zapdos|58/100
|
|-heal|p1a: Skarmory|100/100|[from] move: Wish|[wisher] Jirachi
|-weather|Sandstorm|[upkeep]
|-damage|p2a: Thor|51/100|[from] Sandstorm
|-heal|p2a: Thor|58/100|[from] item: Leftovers
|upkeep
|turn|12
|
|t:|1727914488
|switch|p1a: Zapdos|Zapdos|100/100 slp
|move|p2a: Thor|Thunderbolt|p1a: Zapdos
|-damage|p1a: Zapdos|69/100 slp
|
|-weather|Sandstorm|[upkeep]
|-damage|p1a: Zapdos|63/100 slp|[from] Sandstorm
|-damage|p2a: Thor|51/100|[from] Sandstorm
|-heal|p2a: Thor|58/100|[from] item: Leftovers
|-heal|p1a: Zapdos|69/100 slp|[from] item: Leftovers
|upkeep
|turn|13
|inactive|Eduardo Carapinga has 270 seconds left.
|inactive|Eduardo Carapinga has 240 seconds left.
|
|t:|1727914567
|cant|p1a: Zapdos|slp
|move|p1a: Zapdos|Sleep Talk|p1a: Zapdos
|move|p1a: Zapdos|Rest|p1a: Zapdos|[from]Sleep Talk
|move|p2a: Thor|Thunderbolt|p1a: Zapdos
|-damage|p1a: Zapdos|37/100 slp
|
|-weather|Sandstorm|[upkeep]
|-damage|p1a: Zapdos|31/100 slp|[from] Sandstorm
|-damage|p2a: Thor|51/100|[from] Sandstorm
|-heal|p1a: Zapdos|37/100 slp|[from] item: Leftovers
|-heal|p2a: Thor|58/100|[from] item: Leftovers
|upkeep
|turn|14
|
|t:|1727914575
|cant|p1a: Zapdos|slp
|move|p1a: Zapdos|Sleep Talk|p1a: Zapdos
|move|p1a: Zapdos|Thunderbolt|p2a: Thor|[from]Sleep Talk
|-damage|p2a: Thor|29/100
|move|p2a: Thor|Thunderbolt|p1a: Zapdos
|-damage|p1a: Zapdos|9/100 slp
|
|-weather|Sandstorm|[upkeep]
|-damage|p1a: Zapdos|3/100 slp|[from] Sandstorm
|-damage|p2a: Thor|23/100|[from] Sandstorm
|-heal|p2a: Thor|29/100|[from] item: Leftovers
|-heal|p1a: Zapdos|9/100 slp|[from] item: Leftovers
|upkeep
|turn|15
|
|t:|1727914586
|move|p2a: Thor|Thunderbolt|p1a: Zapdos
|-damage|p1a: Zapdos|0 fnt
|faint|p1a: Zapdos
|
|t:|1727914605
|switch|p1a: Gengar|Gengar, M|100/100
|
|-weather|Sandstorm|[upkeep]
|-damage|p1a: Gengar|94/100|[from] Sandstorm
|-damage|p2a: Thor|23/100|[from] Sandstorm
|-heal|p1a: Gengar|100/100|[from] item: Leftovers
|-heal|p2a: Thor|29/100|[from] item: Leftovers
|upkeep
|turn|16
|inactive|Eduardo Carapinga has 210 seconds left.
|inactive|Eduardo Carapinga has 180 seconds left.
|inactive|Eduardo Carapinga has 150 seconds left.
|
|t:|1727914714
|switch|p2a: Dinamita|Tyranitar, F|100/100
|-damage|p2a: Dinamita|88/100|[from] Spikes
|move|p1a: Gengar|Ice Punch|p2a: Dinamita
|-damage|p2a: Dinamita|71/100
|
|-weather|Sandstorm|[upkeep]
|-damage|p1a: Gengar|94/100|[from] Sandstorm
|-heal|p1a: Gengar|100/100|[from] item: Leftovers
|upkeep
|turn|17
|
|t:|1727914721
|switch|p1a: Skarmory|Skarmory, F|100/100
|move|p2a: Dinamita|Rock Slide|p1a: Skarmory
|-damage|p1a: Skarmory|51/100
|
|-weather|Sandstorm|[upkeep]
|-heal|p1a: Skarmory|57/100|[from] item: Leftovers
|upkeep
|turn|18
|
|t:|1727914730
|move|p2a: Dinamita|Rock Slide|p1a: Skarmory
|-damage|p1a: Skarmory|4/100
|move|p1a: Skarmory|Spikes|p2a: Dinamita
|-sidestart|p2: Eduardo Carapinga|Spikes
|
|-weather|Sandstorm|[upkeep]
|-heal|p1a: Skarmory|10/100|[from] item: Leftovers
|upkeep
|turn|19
|inactive|Eduardo Carapinga has 150 seconds left.
|
|t:|1727914746
|move|p1a: Skarmory|Protect|p1a: Skarmory
|-singleturn|p1a: Skarmory|Protect
|move|p2a: Dinamita|Rock Slide|p1a: Skarmory
|-activate|p1a: Skarmory|Protect
|
|-weather|Sandstorm|[upkeep]
|-heal|p1a: Skarmory|16/100|[from] item: Leftovers
|upkeep
|turn|20
|
|t:|1727914751
|switch|p1a: Jirachi|Jirachi|95/100
|move|p2a: Dinamita|Rock Slide|p1a: Jirachi
|-resisted|p1a: Jirachi
|-damage|p1a: Jirachi|70/100
|
|-weather|Sandstorm|[upkeep]
|-heal|p1a: Jirachi|76/100|[from] item: Leftovers
|upkeep
|turn|21
|
|t:|1727914761
|switch|p2a: Thor|Zapdos|29/100
|move|p1a: Jirachi|Wish|p1a: Jirachi
|
|-weather|Sandstorm|[upkeep]
|-damage|p2a: Thor|23/100|[from] Sandstorm
|-heal|p1a: Jirachi|82/100|[from] item: Leftovers
|-heal|p2a: Thor|29/100|[from] item: Leftovers
|upkeep
|turn|22
|
|t:|1727914781
|move|p1a: Jirachi|Toxic|p2a: Thor
|-status|p2a: Thor|tox
|move|p2a: Thor|Rest|p2a: Thor
|-status|p2a: Thor|slp|[from] move: Rest
|-heal|p2a: Thor|100/100 slp|[silent]
|
|-heal|p1a: Jirachi|100/100|[from] move: Wish|[wisher] Jirachi
|-weather|Sandstorm|[upkeep]
|-damage|p2a: Thor|94/100 slp|[from] Sandstorm
|-heal|p2a: Thor|100/100 slp|[from] item: Leftovers
|upkeep
|turn|23
|
|t:|1727914791
|cant|p2a: Thor|slp
|move|p1a: Jirachi|Wish|p1a: Jirachi
|
|-weather|Sandstorm|[upkeep]
|-damage|p2a: Thor|94/100 slp|[from] Sandstorm
|-heal|p2a: Thor|100/100 slp|[from] item: Leftovers
|upkeep
|turn|24
|
|t:|1727914795
|switch|p1a: Skarmory|Skarmory, F|16/100
|cant|p2a: Thor|slp
|
|-heal|p1a: Skarmory|66/100|[from] move: Wish|[wisher] Jirachi
|-weather|Sandstorm|[upkeep]
|-damage|p2a: Thor|94/100 slp|[from] Sandstorm
|-heal|p2a: Thor|100/100 slp|[from] item: Leftovers
|-heal|p1a: Skarmory|72/100|[from] item: Leftovers
|upkeep
|turn|25
|
|t:|1727914802
|move|p1a: Skarmory|Protect|p1a: Skarmory
|-singleturn|p1a: Skarmory|Protect
|-curestatus|p2a: Thor|slp|[msg]
|move|p2a: Thor|Thunderbolt|p1a: Skarmory
|-activate|p1a: Skarmory|Protect
|
|-weather|Sandstorm|[upkeep]
|-damage|p2a: Thor|94/100|[from] Sandstorm
|-heal|p2a: Thor|100/100|[from] item: Leftovers
|-heal|p1a: Skarmory|78/100|[from] item: Leftovers
|upkeep
|turn|26
|
|t:|1727914814
|switch|p2a: Orion|Dugtrio, F|100/100
|-damage|p2a: Orion|84/100|[from] Spikes
|switch|p1a: Jirachi|Jirachi|100/100
|
|-weather|Sandstorm|[upkeep]
|upkeep
|turn|27
|
|t:|1727914824
|move|p2a: Orion|Earthquake|p1a: Jirachi
|-supereffective|p1a: Jirachi
|-damage|p1a: Jirachi|10/100
|move|p1a: Jirachi|Fire Punch|p2a: Orion
|-damage|p2a: Orion|44/100
|
|-weather|Sandstorm|[upkeep]
|-heal|p1a: Jirachi|17/100|[from] item: Leftovers
|upkeep
|turn|28
|inactive|Eduardo Carapinga has 210 seconds left.
|
|t:|1727914860
|move|p1a: Jirachi|Protect|p1a: Jirachi
|-singleturn|p1a: Jirachi|Protect
|move|p2a: Orion|Earthquake|p1a: Jirachi
|-activate|p1a: Jirachi|Protect
|
|-weather|Sandstorm|[upkeep]
|-heal|p1a: Jirachi|23/100|[from] item: Leftovers
|upkeep
|turn|29
|
|t:|1727914871
|move|p1a: Jirachi|Protect||[still]
|-fail|p1a: Jirachi
|move|p2a: Orion|Earthquake|p1a: Jirachi
|-supereffective|p1a: Jirachi
|-damage|p1a: Jirachi|0 fnt
|faint|p1a: Jirachi
|
|t:|1727914884
|switch|p1a: Skarmory|Skarmory, F|78/100
|
|-weather|Sandstorm|[upkeep]
|-heal|p1a: Skarmory|84/100|[from] item: Leftovers
|upkeep
|turn|30
|
|t:|1727914894
|switch|p2a: Ironface|Metagross|100/100
|-damage|p2a: Ironface|84/100|[from] Spikes
|move|p1a: Skarmory|Spikes|p2a: Ironface
|-sidestart|p2: Eduardo Carapinga|Spikes
|
|-weather|Sandstorm|[upkeep]
|-heal|p1a: Skarmory|90/100|[from] item: Leftovers
|upkeep
|turn|31
|
|t:|1727914902
|move|p1a: Skarmory|Protect|p1a: Skarmory
|-singleturn|p1a: Skarmory|Protect
|move|p2a: Ironface|Meteor Mash|p1a: Skarmory
|-activate|p1a: Skarmory|Protect
|
|-weather|Sandstorm|[upkeep]
|-heal|p1a: Skarmory|96/100|[from] item: Leftovers
|upkeep
|turn|32
|
|t:|1727914909
|move|p2a: Ironface|Meteor Mash|p1a: Skarmory
|-resisted|p1a: Skarmory
|-damage|p1a: Skarmory|61/100
|move|p1a: Skarmory|Roar|p2a: Ironface
|drag|p2a: Orion|Dugtrio, F|44/100
|-damage|p2a: Orion|19/100|[from] Spikes
|
|-weather|Sandstorm|[upkeep]
|-heal|p1a: Skarmory|67/100|[from] item: Leftovers
|upkeep
|turn|33
|
|t:|1727914915
|move|p1a: Skarmory|Protect|p1a: Skarmory
|-singleturn|p1a: Skarmory|Protect
|move|p2a: Orion|Rock Slide|p1a: Skarmory
|-activate|p1a: Skarmory|Protect
|
|-weather|Sandstorm|[upkeep]
|-heal|p1a: Skarmory|73/100|[from] item: Leftovers
|upkeep
|turn|34
|
|t:|1727914922
|move|p2a: Orion|Rock Slide|p1a: Skarmory|[miss]
|-miss|p2a: Orion|p1a: Skarmory
|move|p1a: Skarmory|Roar|p2a: Orion
|drag|p2a: Lodoso|Swampert, F|94/100
|-damage|p2a: Lodoso|69/100|[from] Spikes
|
|-weather|Sandstorm|[upkeep]
|-heal|p1a: Skarmory|79/100|[from] item: Leftovers
|-heal|p2a: Lodoso|75/100|[from] item: Leftovers
|upkeep
|turn|35
|
|t:|1727914935
|move|p1a: Skarmory|Protect|p1a: Skarmory
|-singleturn|p1a: Skarmory|Protect
|move|p2a: Lodoso|Protect||[still]
|-fail|p2a: Lodoso
|
|-weather|Sandstorm|[upkeep]
|-heal|p1a: Skarmory|85/100|[from] item: Leftovers
|-heal|p2a: Lodoso|82/100|[from] item: Leftovers
|upkeep
|turn|36
|
|t:|1727914943
|move|p2a: Lodoso|Surf|p1a: Skarmory
|-damage|p1a: Skarmory|59/100
|move|p1a: Skarmory|Roar|p2a: Lodoso
|drag|p2a: Dinamita|Tyranitar, F|71/100
|-damage|p2a: Dinamita|46/100|[from] Spikes
|
|-weather|Sandstorm|[upkeep]
|-heal|p1a: Skarmory|65/100|[from] item: Leftovers
|upkeep
|turn|37
|
|t:|1727914949
|move|p1a: Skarmory|Protect|p1a: Skarmory
|-singleturn|p1a: Skarmory|Protect
|move|p2a: Dinamita|Rock Slide|p1a: Skarmory
|-activate|p1a: Skarmory|Protect
|
|-weather|Sandstorm|[upkeep]
|-heal|p1a: Skarmory|71/100|[from] item: Leftovers
|upkeep
|turn|38
|
|t:|1727914957
|move|p2a: Dinamita|Rock Slide|p1a: Skarmory
|-damage|p1a: Skarmory|25/100
|move|p1a: Skarmory|Roar|p2a: Dinamita
|drag|p2a: Orion|Dugtrio, F|19/100
|-damage|p2a: Orion|0 fnt|[from] Spikes
|faint|p2a: Orion
|
|t:|1727914967
|switch|p2a: Thor|Zapdos|100/100
|
|-weather|Sandstorm|[upkeep]
|-damage|p2a: Thor|94/100|[from] Sandstorm
|-heal|p2a: Thor|100/100|[from] item: Leftovers
|-heal|p1a: Skarmory|31/100|[from] item: Leftovers
|upkeep
|turn|39
|
|t:|1727914972
|move|p1a: Skarmory|Protect|p1a: Skarmory
|-singleturn|p1a: Skarmory|Protect
|move|p2a: Thor|Thunderbolt|p1a: Skarmory
|-activate|p1a: Skarmory|Protect
|
|-weather|Sandstorm|[upkeep]
|-damage|p2a: Thor|94/100|[from] Sandstorm
|-heal|p2a: Thor|100/100|[from] item: Leftovers
|-heal|p1a: Skarmory|37/100|[from] item: Leftovers
|upkeep
|turn|40
|
|t:|1727914984
|move|p2a: Thor|Thunderbolt|p1a: Skarmory
|-supereffective|p1a: Skarmory
|-damage|p1a: Skarmory|0 fnt
|faint|p1a: Skarmory
|
|t:|1727914993
|switch|p1a: Tyranitar|Tyranitar, F|100/100
|
|-weather|Sandstorm|[upkeep]
|-damage|p2a: Thor|94/100|[from] Sandstorm
|-heal|p2a: Thor|100/100|[from] item: Leftovers
|upkeep
|turn|41
|
|t:|1727914997
|switch|p2a: Lodoso|Swampert, F|82/100
|-damage|p2a: Lodoso|57/100|[from] Spikes
|move|p1a: Tyranitar|Dragon Dance|p1a: Tyranitar
|-boost|p1a: Tyranitar|atk|1
|-boost|p1a: Tyranitar|spe|1
|
|-weather|Sandstorm|[upkeep]
|-heal|p2a: Lodoso|63/100|[from] item: Leftovers
|upkeep
|turn|42
|inactive|Genoz has 270 seconds left.
|
|t:|1727915029
|move|p1a: Tyranitar|Earthquake|p2a: Lodoso
|-damage|p2a: Lodoso|28/100
|move|p2a: Lodoso|Surf|p1a: Tyranitar
|-supereffective|p1a: Tyranitar
|-damage|p1a: Tyranitar|21/100
|
|-weather|Sandstorm|[upkeep]
|-heal|p1a: Tyranitar|27/100|[from] item: Leftovers
|-heal|p2a: Lodoso|34/100|[from] item: Leftovers
|upkeep
|turn|43
|
|t:|1727915037
|move|p1a: Tyranitar|Earthquake|p2a: Lodoso
|-damage|p2a: Lodoso|0 fnt
|faint|p2a: Lodoso
|
|t:|1727915041
|switch|p2a: Imperius|Aerodactyl, F|100/100
|
|-weather|Sandstorm|[upkeep]
|-heal|p1a: Tyranitar|33/100|[from] item: Leftovers
|upkeep
|turn|44
|inactive|Genoz has 270 seconds left.
|inactive|Genoz has 240 seconds left.
|
|t:|1727915104
|switch|p1a: Gengar|Gengar, M|100/100
|move|p2a: Imperius|Earthquake|p1a: Gengar
|-immune|p1a: Gengar
|
|-weather|Sandstorm|[upkeep]
|-damage|p1a: Gengar|94/100|[from] Sandstorm
|-heal|p1a: Gengar|100/100|[from] item: Leftovers
|upkeep
|turn|45
|inactive|Eduardo Carapinga has 270 seconds left.
|
|t:|1727915152
|switch|p2a: Dinamita|Tyranitar, F|46/100
|-damage|p2a: Dinamita|21/100|[from] Spikes
|move|p1a: Gengar|Will-O-Wisp|p2a: Dinamita|[miss]
|-miss|p1a: Gengar|p2a: Dinamita
|
|-weather|Sandstorm|[upkeep]
|-damage|p1a: Gengar|94/100|[from] Sandstorm
|-heal|p1a: Gengar|100/100|[from] item: Leftovers
|upkeep
|turn|46
|inactive|Genoz has 240 seconds left.
|inactive|Genoz has 210 seconds left.
|
|t:|1727915193
|move|p1a: Gengar|Giga Drain|p2a: Dinamita
|-supereffective|p2a: Dinamita
|-damage|p2a: Dinamita|0 fnt
|faint|p2a: Dinamita
|
|t:|1727915215
|switch|p2a: Ironface|Metagross|84/100
|-damage|p2a: Ironface|59/100|[from] Spikes
|
|-weather|Sandstorm|[upkeep]
|-damage|p1a: Gengar|94/100|[from] Sandstorm
|-heal|p1a: Gengar|100/100|[from] item: Leftovers
|upkeep
|turn|47
|inactive|Genoz has 210 seconds left.
|
|t:|1727915242
|move|p1a: Gengar|Will-O-Wisp|p2a: Ironface
|-status|p2a: Ironface|brn
|move|p2a: Ironface|Meteor Mash|p1a: Gengar
|-damage|p1a: Gengar|33/100
|
|-weather|Sandstorm|[upkeep]
|-damage|p1a: Gengar|27/100|[from] Sandstorm
|-heal|p1a: Gengar|33/100|[from] item: Leftovers
|-damage|p2a: Ironface|47/100 brn|[from] brn
|upkeep
|turn|48
|
|t:|1727915266
|move|p1a: Gengar|Thunderbolt|p2a: Ironface
|-damage|p2a: Ironface|18/100 brn
|move|p2a: Ironface|Meteor Mash|p1a: Gengar
|-damage|p1a: Gengar|0 fnt
|faint|p1a: Gengar
|
|t:|1727915274
|switch|p1a: Tyranitar|Tyranitar, F|33/100
|
|-weather|Sandstorm|[upkeep]
|-heal|p1a: Tyranitar|39/100|[from] item: Leftovers
|-damage|p2a: Ironface|6/100 brn|[from] brn
|upkeep
|turn|49
|
|t:|1727915289
|move|p1a: Tyranitar|Dragon Dance|p1a: Tyranitar
|-boost|p1a: Tyranitar|atk|1
|-boost|p1a: Tyranitar|spe|1
|move|p2a: Ironface|Meteor Mash|p1a: Tyranitar|[miss]
|-miss|p2a: Ironface|p1a: Tyranitar
|
|-weather|Sandstorm|[upkeep]
|-heal|p1a: Tyranitar|45/100|[from] item: Leftovers
|-damage|p2a: Ironface|0 fnt|[from] brn
|faint|p2a: Ironface
|upkeep
|
|t:|1727915290
|switch|p2a: Imperius|Aerodactyl, F|100/100
|turn|50
|
|t:|1727915301
|move|p2a: Imperius|Earthquake|p1a: Tyranitar
|-supereffective|p1a: Tyranitar
|-damage|p1a: Tyranitar|0 fnt
|faint|p1a: Tyranitar
|
|win|Eduardo Carapinga
|c|☆Genoz|gg
|c|☆Eduardo Carapinga|/log Eduardo Carapinga made the replay of this battle unlisted.

</script>
<script type="application/json" class="data" id="replaydata-smogtours-gen3ou-794134">
{"id":"smogtours-gen3ou-794134","format":"[Gen 3] OU","players":["Genoz","Eduardo Carapinga"],"uploadtime":1727915301,"views":126,"formatid":"gen3ou","rating":null,"private":1,"password":null}
</script>

<script defer src="js/replays.js?9d40a366"></script>
