<!DOCTYPE html>
<meta charset="utf-8" />
<meta name="viewport" content="width=device-width" />

<title>[Gen 3] OU: Mulikki vs. Colby2D - Replays - Pok&eacute;mon Showdown!</title>

<meta name="description" content="Watch a replay of a Pok&eacute;mon battle between Mulikki and Colby2D! Format: [Gen 3] OU; Date: Oct 27, 2024" />
<!--

Hey, you! Looking in the source for the replay log?

You can find them in JSON format, just add `.json` at the end of a replay URL.

https://replay.pokemonshowdown.com/gen7randomdoublesbattle-865046831.json

Or, if you only need the log itself, add `.log` instead:

https://replay.pokemonshowdown.com/gen7randomdoublesbattle-865046831.log

-->

<link rel="stylesheet" href="//pokemonshowdown.com/style/global.css?0.023195364461161105" />
<link rel="stylesheet" href="//play.pokemonshowdown.com/style/font-awesome.css?0.13261647063804238" />
<link rel="stylesheet" href="//play.pokemonshowdown.com/style/battle.css?0.8753245789963631" />
<link rel="stylesheet" href="//play.pokemonshowdown.com/style/utilichart.css?0.8627959624976733" />

<!-- Global site tag (gtag.js) - Google Analytics -->
<script async src="https://www.googletagmanager.com/gtag/js?id=UA-26211653-1"></script>
<script>
  window.dataLayer = window.dataLayer || [];
  function gtag(){dataLayer.push(arguments);}
  gtag('js', new Date());

  gtag('config', 'UA-26211653-1');
</script>
<!-- End Google Analytics -->
<!-- Venatus Ad Manager - Install in <HEAD> of page -->
	<script src="https://hb.vntsm.com/v3/live/ad-manager.min.js" type="text/javascript" data-site-id="642aba63ec9a7b11c3c9c1be" data-mode="scan" async></script>
<!-- / Venatus Ad Manager -->

<style>
	@media (max-width:820px) {
		.battle {
			margin: 0 auto;
		}
		.battle-log {
			margin: 7px auto 0;
			max-width: 640px;
			height: 300px;
			position: static;
		}
	}
	.optgroup {
		display: inline-block;
		line-height: 22px;
		font-size: 10pt;
	}
	.optgroup .button {
		height: 25px;
		padding-top: 0;
		padding-bottom: 0;
	}
	.optgroup button.button {
		padding-left: 12px;
		padding-right: 12px;
	}
	.linklist {
		list-style: none;
		margin: 0.5em 0;
		padding: 0;
	}
	.linklist li {
		padding: 2px 0;
	}
	.sidebar {
		float: left;
		width: 320px;
	}
	.bar-wrapper {
		max-width: 1100px;
		margin: 0 auto;
	}
	.bar-wrapper.has-sidebar {
		max-width: 1430px;
	}
	.mainbar {
		margin: 0;
		padding-right: 1px;
	}
	.mainbar.has-sidebar {
		margin-left: 330px;
	}
	@media (min-width: 1511px) {
		.sidebar {
			width: 400px;
		}
		.bar-wrapper.has-sidebar {
			max-width: 1510px;
		}
		.mainbar.has-sidebar {
			margin-left: 410px;
		}
	}
	.section.first-section {
		margin-top: 9px;
	}
	.blocklink small {
		white-space: normal;
	}
	.button {
		vertical-align: middle;
	}
	.replay-controls {
		padding-top: 10px;
	}
	.replay-controls h1 {
		font-size: 16pt;
		font-weight: normal;
		color: #CCC;
	}
	.pagelink {
		text-align: center;
	}
	.pagelink a {
		width: 150px;
	}
	.textbox, .button {
		font-size: 11pt;
		vertical-align: middle;
	}
	@media (max-width: 450px) {
		.button {
			font-size: 9pt;
		}
	}
</style>

<div>

	<header>
		<div class="nav-wrapper"><ul class="nav">
			<li><a class="button nav-first" href="//pokemonshowdown.com/"><img src="//pokemonshowdown.com/images/pokemonshowdownbeta.png" srcset="//pokemonshowdown.com/images/pokemonshowdownbeta.png 1x, //pokemonshowdown.com/images/pokemonshowdownbeta@2x.png 2x" alt="Pok&eacute;mon Showdown" width="146" height="44" /> Home</a></li>
			<li><a class="button" href="//pokemonshowdown.com/dex/">Pok&eacute;dex</a></li>
			<li><a class="button cur" href="/">Replays</a></li>
			<li><a class="button" href="//pokemonshowdown.com/ladder/">Ladder</a></li>
			<li><a class="button nav-last" href="//pokemonshowdown.com/forums/">Forum</a></li>
			<li><a class="button greenbutton nav-first nav-last" href="//play.pokemonshowdown.com/">Play</a></li>
		</ul></div>
	</header>

	<div class="main" id="main">

		<noscript><section class="section">You need to enable JavaScript to use this page; sorry!</section></noscript>

	</div>

</div>

<script defer nomodule src="//play.pokemonshowdown.com/js/lib/ps-polyfill.js"></script>
<script defer src="//play.pokemonshowdown.com/js/lib/preact.min.js"></script>

<script defer src="//play.pokemonshowdown.com/config/config.js?2bddbc15"></script>
<script defer src="//play.pokemonshowdown.com/js/lib/jquery-1.11.0.min.js"></script>
<script defer src="//play.pokemonshowdown.com/js/lib/html-sanitizer-minified.js"></script>
<script defer src="//play.pokemonshowdown.com/js/battle-sound.js"></script>
<script defer src="//play.pokemonshowdown.com/js/battledata.js?0.7209276989879541"></script>
<script defer src="//play.pokemonshowdown.com/data/pokedex-mini.js?0.6111056340867951"></script>
<script defer src="//play.pokemonshowdown.com/data/pokedex-mini-bw.js?0.3532142036491459"></script>
<script defer src="//play.pokemonshowdown.com/data/graphics.js?0.24223875632456182"></script>
<script defer src="//play.pokemonshowdown.com/data/pokedex.js?0.38839984266356864"></script>
<script defer src="//play.pokemonshowdown.com/data/moves.js?0.21866028504024015"></script>
<script defer src="//play.pokemonshowdown.com/data/abilities.js?0.2005157953846628"></script>
<script defer src="//play.pokemonshowdown.com/data/items.js?0.9894211263848525"></script>
<script defer src="//play.pokemonshowdown.com/data/teambuilder-tables.js?0.6008791140282215"></script>
<script defer src="//play.pokemonshowdown.com/js/battle-tooltips.js?0.7580118955022959"></script>
<script defer src="//play.pokemonshowdown.com/js/battle.js?0.6057722274234274"></script>

<script defer src="js/utils.js?e31f9a17"></script>
<script defer src="js/replays-battle.js?7008c182"></script>

<!-- don't scrape this data! just add .json or .log after the URL!
Full API docs: https://github.com/smogon/pokemon-showdown-client/blob/master/WEB-API.md -->
<script type="text/plain" class="log" id="replaylog-smogtours-gen3ou-802410">
|inactive|Battle timer is ON: inactive players will automatically lose when time's up.
|t:|1730014247
|gametype|singles
|player|p1|Mulikki|102|
|player|p2|Colby2D|102|
|teamsize|p1|6
|teamsize|p2|6
|gen|3
|tier|[Gen 3] OU
|rule|Sleep Clause Mod: Limit one foe put to sleep
|rule|Switch Priority Clause Mod: Faster Pokémon switch first
|rule|Species Clause: Limit one of each Pokémon
|rule|OHKO Clause: OHKO moves are banned
|rule|Evasion Items Clause: Evasion items are banned
|rule|Evasion Moves Clause: Evasion moves are banned
|rule|Endless Battle Clause: Forcing endless battles is banned
|rule|HP Percentage Mod: HP is shown in percentages
|rule|One Boost Passer Clause: Limit one Baton Passer that has a way to boost its stats
|rule|Freeze Clause Mod: Limit one foe frozen
|
|t:|1730014247
|start
|switch|p1a: Breloom|Breloom, F|100/100
|switch|p2a: Salamence|Salamence, F|100/100
|-ability|p2a: Salamence|Intimidate|boost
|-unboost|p1a: Breloom|atk|1
|turn|1
|
|t:|1730014259
|switch|p1a: Zapdos|Zapdos|100/100
|move|p2a: Salamence|Flamethrower|p1a: Zapdos
|-crit|p1a: Zapdos
|-damage|p1a: Zapdos|21/100
|
|-heal|p1a: Zapdos|28/100|[from] item: Leftovers
|upkeep
|turn|2
|
|t:|1730014271
|move|p1a: Zapdos|Thunderbolt|p2a: Salamence
|-damage|p2a: Salamence|35/100
|move|p2a: Salamence|Flamethrower|p1a: Zapdos
|-crit|p1a: Zapdos
|-damage|p1a: Zapdos|0 fnt
|faint|p1a: Zapdos
|
|t:|1730014284
|switch|p1a: Snorlax|Snorlax, F|100/100
|
|-heal|p2a: Salamence|41/100|[from] item: Leftovers
|upkeep
|turn|3
|
|t:|1730014293
|switch|p2a: Celebi|Celebi|100/100
|move|p1a: Snorlax|Body Slam|p2a: Celebi
|-damage|p2a: Celebi|67/100
|-status|p2a: Celebi|par
|
|-heal|p2a: Celebi|73/100 par|[from] item: Leftovers
|upkeep
|turn|4
|
|t:|1730014302
|switch|p1a: Houndoom|Houndoom, F|100/100
|move|p2a: Celebi|Leech Seed|p1a: Houndoom
|-start|p1a: Houndoom|move: Leech Seed
|
|-damage|p1a: Houndoom|88/100|[from] Leech Seed|[of] p2a: Celebi
|-heal|p2a: Celebi|83/100 par|[silent]
|-heal|p2a: Celebi|89/100 par|[from] item: Leftovers
|upkeep
|turn|5
|
|t:|1730014311
|-activate|p2a: Celebi|move: Pursuit
|move|p1a: Houndoom|Pursuit|p2a: Celebi|[from]Pursuit
|-supereffective|p2a: Celebi
|-damage|p2a: Celebi|15/100 par
|-curestatus|p2a: Celebi|par|[from] ability: Natural Cure
|switch|p2a: Blissey|Blissey, F|100/100
|
|-heal|p1a: Houndoom|94/100|[from] item: Leftovers
|-damage|p1a: Houndoom|82/100|[from] Leech Seed|[of] p2a: Blissey
|upkeep
|turn|6
|
|t:|1730014324
|switch|p1a: Breloom|Breloom, F|100/100
|move|p2a: Blissey|Wish|p2a: Blissey
|
|upkeep
|turn|7
|
|t:|1730014348
|switch|p2a: Salamence|Salamence, F|41/100
|-ability|p2a: Salamence|Intimidate|boost
|-unboost|p1a: Breloom|atk|1
|move|p1a: Breloom|Spore|p2a: Salamence
|-status|p2a: Salamence|slp|[from] move: Spore
|
|-heal|p2a: Salamence|91/100 slp|[from] move: Wish|[wisher] Blissey
|-heal|p2a: Salamence|97/100 slp|[from] item: Leftovers
|upkeep
|turn|8
|
|t:|1730014360
|cant|p2a: Salamence|slp
|move|p1a: Breloom|Leech Seed|p2a: Salamence
|-start|p2a: Salamence|move: Leech Seed
|
|-heal|p2a: Salamence|100/100 slp|[from] item: Leftovers
|-damage|p2a: Salamence|88/100 slp|[from] Leech Seed|[of] p1a: Breloom
|upkeep
|turn|9
|
|t:|1730014369
|cant|p2a: Salamence|slp
|move|p1a: Breloom|Substitute|p1a: Breloom
|-start|p1a: Breloom|Substitute
|-damage|p1a: Breloom|76/100
|
|-heal|p2a: Salamence|94/100 slp|[from] item: Leftovers
|-damage|p2a: Salamence|82/100 slp|[from] Leech Seed|[of] p1a: Breloom
|-heal|p1a: Breloom|94/100|[silent]
|-heal|p1a: Breloom|99/100|[from] item: Leftovers
|upkeep
|turn|10
|
|t:|1730014380
|-singleturn|p1a: Breloom|move: Focus Punch
|cant|p2a: Salamence|slp
|move|p1a: Breloom|Focus Punch|p2a: Salamence
|-resisted|p2a: Salamence
|-damage|p2a: Salamence|52/100 slp
|
|-heal|p2a: Salamence|58/100 slp|[from] item: Leftovers
|-damage|p2a: Salamence|46/100 slp|[from] Leech Seed|[of] p1a: Breloom
|-heal|p1a: Breloom|100/100|[silent]
|upkeep
|turn|11
|
|t:|1730014392
|switch|p2a: Starmie|Starmie|100/100
|move|p1a: Breloom|Spore|p2a: Starmie
|-message|Sleep Clause Mod activated.
|-hint|Sleep Clause Mod prevents players from putting more than one of their opponent's Pokémon to sleep at a time
|
|upkeep
|turn|12
|
|t:|1730014401
|-singleturn|p1a: Breloom|move: Focus Punch
|move|p2a: Starmie|Surf|p1a: Breloom
|-resisted|p1a: Breloom
|-end|p1a: Breloom|Substitute
|move|p1a: Breloom|Focus Punch|p2a: Starmie
|-resisted|p2a: Starmie
|-damage|p2a: Starmie|74/100
|
|-heal|p2a: Starmie|80/100|[from] item: Leftovers
|upkeep
|turn|13
|
|t:|1730014413
|switch|p1a: Snorlax|Snorlax, F|100/100
|move|p2a: Starmie|Thunder Wave|p1a: Snorlax
|-status|p1a: Snorlax|par
|
|-heal|p2a: Starmie|87/100|[from] item: Leftovers
|upkeep
|turn|14
|
|t:|1730014422
|switch|p2a: Skarmory|Skarmory, M|100/100
|move|p1a: Snorlax|Body Slam|p2a: Skarmory
|-resisted|p2a: Skarmory
|-damage|p2a: Skarmory|86/100
|
|upkeep
|turn|15
|
|t:|1730014433
|switch|p1a: Forretress|Forretress, M|100/100
|move|p2a: Skarmory|Thief|p1a: Forretress
|-resisted|p1a: Forretress
|-damage|p1a: Forretress|99/100
|-enditem|p1a: Forretress|Leftovers|[silent]|[from] move: Thief|[of] p2a: Skarmory
|-item|p2a: Skarmory|Leftovers|[from] move: Thief|[of] p1a: Forretress
|
|-heal|p2a: Skarmory|92/100|[from] item: Leftovers
|upkeep
|turn|16
|
|t:|1730014450
|switch|p2a: Metagross|Metagross|100/100
|move|p1a: Forretress|Spikes|p2a: Metagross
|-sidestart|p2: Colby2D|Spikes
|
|upkeep
|turn|17
|
|t:|1730014478
|switch|p1a: Metagross|Metagross|100/100
|move|p2a: Metagross|Meteor Mash|p1a: Metagross
|-resisted|p1a: Metagross
|-crit|p1a: Metagross
|-damage|p1a: Metagross|34/100
|
|-heal|p1a: Metagross|40/100|[from] item: Leftovers
|upkeep
|turn|18
|
|t:|1730014492
|switch|p2a: Skarmory|Skarmory, M|92/100
|move|p1a: Metagross|Earthquake|p2a: Skarmory
|-immune|p2a: Skarmory
|
|-heal|p1a: Metagross|47/100|[from] item: Leftovers
|-heal|p2a: Skarmory|98/100|[from] item: Leftovers
|upkeep
|turn|19
|
|t:|1730014502
|move|p1a: Metagross|Meteor Mash|p2a: Skarmory
|-resisted|p2a: Skarmory
|-damage|p2a: Skarmory|75/100
|move|p2a: Skarmory|Spikes|p1a: Metagross
|-sidestart|p1: Mulikki|Spikes
|
|-heal|p1a: Metagross|53/100|[from] item: Leftovers
|-heal|p2a: Skarmory|81/100|[from] item: Leftovers
|upkeep
|turn|20
|
|t:|1730014511
|move|p1a: Metagross|Meteor Mash|p2a: Skarmory|[miss]
|-miss|p1a: Metagross|p2a: Skarmory
|move|p2a: Skarmory|Roar|p1a: Metagross
|drag|p1a: Snorlax|Snorlax, F|100/100 par
|-damage|p1a: Snorlax|88/100 par|[from] Spikes
|
|-heal|p2a: Skarmory|87/100|[from] item: Leftovers
|-heal|p1a: Snorlax|94/100 par|[from] item: Leftovers
|upkeep
|turn|21
|
|t:|1730014534
|switch|p1a: Breloom|Breloom, F|100/100
|-damage|p1a: Breloom|88/100|[from] Spikes
|move|p2a: Skarmory|Spikes|p1a: Breloom
|-sidestart|p1: Mulikki|Spikes
|
|-heal|p1a: Breloom|94/100|[from] item: Leftovers
|-heal|p2a: Skarmory|93/100|[from] item: Leftovers
|upkeep
|turn|22
|
|t:|1730014549
|-singleturn|p1a: Breloom|move: Focus Punch
|move|p2a: Skarmory|Drill Peck|p1a: Breloom
|-supereffective|p1a: Breloom
|-damage|p1a: Breloom|0 fnt
|-status|p2a: Skarmory|par|[from] ability: Effect Spore|[of] p1a: Breloom
|faint|p1a: Breloom
|
|t:|1730014557
|switch|p1a: Houndoom|Houndoom, F|82/100
|-damage|p1a: Houndoom|65/100|[from] Spikes
|
|-heal|p1a: Houndoom|72/100|[from] item: Leftovers
|-heal|p2a: Skarmory|99/100 par|[from] item: Leftovers
|upkeep
|turn|23
|
|t:|1730014565
|switch|p2a: Blissey|Blissey, F|100/100
|-damage|p2a: Blissey|88/100|[from] Spikes
|move|p1a: Houndoom|Fire Blast|p2a: Blissey
|-damage|p2a: Blissey|63/100
|
|-heal|p1a: Houndoom|78/100|[from] item: Leftovers
|-heal|p2a: Blissey|69/100|[from] item: Leftovers
|upkeep
|turn|24
|
|t:|1730014577
|switch|p1a: Metagross|Metagross|53/100
|-damage|p1a: Metagross|36/100|[from] Spikes
|move|p2a: Blissey|Seismic Toss|p1a: Metagross
|-damage|p1a: Metagross|7/100
|
|-heal|p1a: Metagross|13/100|[from] item: Leftovers
|-heal|p2a: Blissey|76/100|[from] item: Leftovers
|upkeep
|turn|25
|
|t:|1730014589
|switch|p2a: Skarmory|Skarmory, M|99/100 par
|move|p1a: Metagross|Meteor Mash|p2a: Skarmory
|-resisted|p2a: Skarmory
|-damage|p2a: Skarmory|76/100 par
|
|-heal|p1a: Metagross|19/100|[from] item: Leftovers
|-heal|p2a: Skarmory|82/100 par|[from] item: Leftovers
|upkeep
|turn|26
|
|t:|1730014599
|move|p1a: Metagross|Meteor Mash|p2a: Skarmory|[miss]
|-miss|p1a: Metagross|p2a: Skarmory
|move|p2a: Skarmory|Roar|p1a: Metagross
|drag|p1a: Snorlax|Snorlax, F|94/100 par
|-damage|p1a: Snorlax|78/100 par|[from] Spikes
|
|-heal|p2a: Skarmory|88/100 par|[from] item: Leftovers
|-heal|p1a: Snorlax|84/100 par|[from] item: Leftovers
|upkeep
|turn|27
|
|t:|1730014614
|move|p2a: Skarmory|Spikes|p1a: Snorlax
|-sidestart|p1: Mulikki|Spikes
|move|p1a: Snorlax|Body Slam|p2a: Skarmory
|-resisted|p2a: Skarmory
|-damage|p2a: Skarmory|74/100 par
|
|-heal|p2a: Skarmory|80/100 par|[from] item: Leftovers
|-heal|p1a: Snorlax|90/100 par|[from] item: Leftovers
|upkeep
|turn|28
|
|t:|1730014632
|switch|p2a: Metagross|Metagross|100/100
|-damage|p2a: Metagross|88/100|[from] Spikes
|cant|p1a: Snorlax|par
|
|-heal|p1a: Snorlax|96/100 par|[from] item: Leftovers
|upkeep
|turn|29
|
|t:|1730014646
|switch|p1a: Metagross|Metagross|19/100
|-damage|p1a: Metagross|0 fnt|[from] Spikes
|faint|p1a: Metagross
|
|t:|1730014651
|switch|p1a: Houndoom|Houndoom, F|78/100
|-damage|p1a: Houndoom|53/100|[from] Spikes
|
|-heal|p1a: Houndoom|59/100|[from] item: Leftovers
|upkeep
|turn|30
|
|t:|1730014661
|switch|p2a: Blissey|Blissey, F|76/100
|-damage|p2a: Blissey|63/100|[from] Spikes
|move|p1a: Houndoom|Fire Blast|p2a: Blissey
|-damage|p2a: Blissey|37/100
|
|-heal|p1a: Houndoom|65/100|[from] item: Leftovers
|-heal|p2a: Blissey|43/100|[from] item: Leftovers
|upkeep
|turn|31
|
|t:|1730014673
|switch|p1a: Forretress|Forretress, M|99/100
|-damage|p1a: Forretress|74/100|[from] Spikes
|move|p2a: Blissey|Soft-Boiled|p2a: Blissey
|-heal|p2a: Blissey|93/100
|
|-heal|p2a: Blissey|99/100|[from] item: Leftovers
|upkeep
|turn|32
|
|t:|1730014687
|switch|p2a: Salamence|Salamence, F|46/100 slp
|-ability|p2a: Salamence|Intimidate|boost
|-unboost|p1a: Forretress|atk|1
|move|p1a: Forretress|Spikes|p2a: Salamence
|-sidestart|p2: Colby2D|Spikes
|
|-heal|p2a: Salamence|52/100 slp|[from] item: Leftovers
|upkeep
|turn|33
|
|t:|1730014696
|-curestatus|p2a: Salamence|slp|[msg]
|move|p2a: Salamence|Dragon Claw|p1a: Forretress
|-resisted|p1a: Forretress
|-damage|p1a: Forretress|56/100
|move|p1a: Forretress|Spikes|p2a: Salamence
|-sidestart|p2: Colby2D|Spikes
|
|-heal|p2a: Salamence|58/100|[from] item: Leftovers
|upkeep
|turn|34
|
|t:|1730014708
|move|p2a: Salamence|Flamethrower|p1a: Forretress
|-supereffective|p1a: Forretress
|-damage|p1a: Forretress|0 fnt
|faint|p1a: Forretress
|c|☆Mulikki|Gg
|inactive|Mulikki has 270 seconds left.
|c|☆Colby2D|ggs
|-message|Mulikki forfeited.
|
|win|Colby2D
|c|☆Colby2D|i can upload replays

</script>
<script type="application/json" class="data" id="replaydata-smogtours-gen3ou-802410">
{"id":"smogtours-gen3ou-802410","format":"[Gen 3] OU","players":["Mulikki","Colby2D"],"uploadtime":1730014733,"views":69,"formatid":"gen3ou","rating":null,"private":0,"password":null}
</script>

<script defer src="js/replays.js?9d40a366"></script>
