<!DOCTYPE html>
<meta charset="utf-8" />
<meta name="viewport" content="width=device-width" />

<title>[Gen 3] OU: OfTheLethani vs. crab person - Replays - Pok&eacute;mon Showdown!</title>

<meta name="description" content="Watch a replay of a Pok&eacute;mon battle between OfTheLethani and crab person! Format: [Gen 3] OU; Date: Oct 24, 2024" />
<!--

Hey, you! Looking in the source for the replay log?

You can find them in JSON format, just add `.json` at the end of a replay URL.

https://replay.pokemonshowdown.com/gen7randomdoublesbattle-865046831.json

Or, if you only need the log itself, add `.log` instead:

https://replay.pokemonshowdown.com/gen7randomdoublesbattle-865046831.log

-->

<link rel="stylesheet" href="//pokemonshowdown.com/style/global.css?0.767286132409787" />
<link rel="stylesheet" href="//play.pokemonshowdown.com/style/font-awesome.css?0.9266228007934947" />
<link rel="stylesheet" href="//play.pokemonshowdown.com/style/battle.css?0.7924700842790926" />
<link rel="stylesheet" href="//play.pokemonshowdown.com/style/utilichart.css?0.8777417872839479" />

<!-- Global site tag (gtag.js) - Google Analytics -->
<script async src="https://www.googletagmanager.com/gtag/js?id=UA-26211653-1"></script>
<script>
  window.dataLayer = window.dataLayer || [];
  function gtag(){dataLayer.push(arguments);}
  gtag('js', new Date());

  gtag('config', 'UA-26211653-1');
</script>
<!-- End Google Analytics -->
<!-- Venatus Ad Manager - Install in <HEAD> of page -->
	<script src="https://hb.vntsm.com/v3/live/ad-manager.min.js" type="text/javascript" data-site-id="642aba63ec9a7b11c3c9c1be" data-mode="scan" async></script>
<!-- / Venatus Ad Manager -->

<style>
	@media (max-width:820px) {
		.battle {
			margin: 0 auto;
		}
		.battle-log {
			margin: 7px auto 0;
			max-width: 640px;
			height: 300px;
			position: static;
		}
	}
	.optgroup {
		display: inline-block;
		line-height: 22px;
		font-size: 10pt;
	}
	.optgroup .button {
		height: 25px;
		padding-top: 0;
		padding-bottom: 0;
	}
	.optgroup button.button {
		padding-left: 12px;
		padding-right: 12px;
	}
	.linklist {
		list-style: none;
		margin: 0.5em 0;
		padding: 0;
	}
	.linklist li {
		padding: 2px 0;
	}
	.sidebar {
		float: left;
		width: 320px;
	}
	.bar-wrapper {
		max-width: 1100px;
		margin: 0 auto;
	}
	.bar-wrapper.has-sidebar {
		max-width: 1430px;
	}
	.mainbar {
		margin: 0;
		padding-right: 1px;
	}
	.mainbar.has-sidebar {
		margin-left: 330px;
	}
	@media (min-width: 1511px) {
		.sidebar {
			width: 400px;
		}
		.bar-wrapper.has-sidebar {
			max-width: 1510px;
		}
		.mainbar.has-sidebar {
			margin-left: 410px;
		}
	}
	.section.first-section {
		margin-top: 9px;
	}
	.blocklink small {
		white-space: normal;
	}
	.button {
		vertical-align: middle;
	}
	.replay-controls {
		padding-top: 10px;
	}
	.replay-controls h1 {
		font-size: 16pt;
		font-weight: normal;
		color: #CCC;
	}
	.pagelink {
		text-align: center;
	}
	.pagelink a {
		width: 150px;
	}
	.textbox, .button {
		font-size: 11pt;
		vertical-align: middle;
	}
	@media (max-width: 450px) {
		.button {
			font-size: 9pt;
		}
	}
</style>

<div>

	<header>
		<div class="nav-wrapper"><ul class="nav">
			<li><a class="button nav-first" href="//pokemonshowdown.com/"><img src="//pokemonshowdown.com/images/pokemonshowdownbeta.png" srcset="//pokemonshowdown.com/images/pokemonshowdownbeta.png 1x, //pokemonshowdown.com/images/pokemonshowdownbeta@2x.png 2x" alt="Pok&eacute;mon Showdown" width="146" height="44" /> Home</a></li>
			<li><a class="button" href="//pokemonshowdown.com/dex/">Pok&eacute;dex</a></li>
			<li><a class="button cur" href="/">Replays</a></li>
			<li><a class="button" href="//pokemonshowdown.com/ladder/">Ladder</a></li>
			<li><a class="button nav-last" href="//pokemonshowdown.com/forums/">Forum</a></li>
			<li><a class="button greenbutton nav-first nav-last" href="//play.pokemonshowdown.com/">Play</a></li>
		</ul></div>
	</header>

	<div class="main" id="main">

		<noscript><section class="section">You need to enable JavaScript to use this page; sorry!</section></noscript>

	</div>

</div>

<script defer nomodule src="//play.pokemonshowdown.com/js/lib/ps-polyfill.js"></script>
<script defer src="//play.pokemonshowdown.com/js/lib/preact.min.js"></script>

<script defer src="//play.pokemonshowdown.com/config/config.js?6dec07f6"></script>
<script defer src="//play.pokemonshowdown.com/js/lib/jquery-1.11.0.min.js"></script>
<script defer src="//play.pokemonshowdown.com/js/lib/html-sanitizer-minified.js"></script>
<script defer src="//play.pokemonshowdown.com/js/battle-sound.js"></script>
<script defer src="//play.pokemonshowdown.com/js/battledata.js?0.6315294753075389"></script>
<script defer src="//play.pokemonshowdown.com/data/pokedex-mini.js?0.7603743185311358"></script>
<script defer src="//play.pokemonshowdown.com/data/pokedex-mini-bw.js?0.030888842834281283"></script>
<script defer src="//play.pokemonshowdown.com/data/graphics.js?0.05593094747507488"></script>
<script defer src="//play.pokemonshowdown.com/data/pokedex.js?0.47064822249611904"></script>
<script defer src="//play.pokemonshowdown.com/data/moves.js?0.8583693120512459"></script>
<script defer src="//play.pokemonshowdown.com/data/abilities.js?0.16017181182386842"></script>
<script defer src="//play.pokemonshowdown.com/data/items.js?0.4163379185673943"></script>
<script defer src="//play.pokemonshowdown.com/data/teambuilder-tables.js?0.31075597372830477"></script>
<script defer src="//play.pokemonshowdown.com/js/battle-tooltips.js?0.6536193500708172"></script>
<script defer src="//play.pokemonshowdown.com/js/battle.js?0.1916591943277901"></script>

<script defer src="js/utils.js?e31f9a17"></script>
<script defer src="js/replays-battle.js?7008c182"></script>

<!-- don't scrape this data! just add .json or .log after the URL!
Full API docs: https://github.com/smogon/pokemon-showdown-client/blob/master/WEB-API.md -->
<script type="text/plain" class="log" id="replaylog-smogtours-gen3ou-801579">
|inactive|Battle timer is ON: inactive players will automatically lose when time's up.
|t:|1729790260
|gametype|singles
|player|p1|OfTheLethani|gardenia-masters|
|player|p2|crab person|flint|
|teamsize|p1|6
|teamsize|p2|6
|gen|3
|tier|[Gen 3] OU
|rule|Sleep Clause Mod: Limit one foe put to sleep
|rule|Switch Priority Clause Mod: Faster Pokémon switch first
|rule|Species Clause: Limit one of each Pokémon
|rule|OHKO Clause: OHKO moves are banned
|rule|Evasion Items Clause: Evasion items are banned
|rule|Evasion Moves Clause: Evasion moves are banned
|rule|Endless Battle Clause: Forcing endless battles is banned
|rule|HP Percentage Mod: HP is shown in percentages
|rule|One Boost Passer Clause: Limit one Baton Passer that has a way to boost its stats
|rule|Freeze Clause Mod: Limit one foe frozen
|
|t:|1729790260
|start
|switch|p1a: Zapdos|Zapdos|100/100
|switch|p2a: Lightning Chidori|Zapdos|100/100
|turn|1
|c|☆crab person|glhf
|
|t:|1729790275
|switch|p2a: Marshmelon|Blissey, F|100/100
|switch|p1a: Jirachi|Jirachi|100/100
|
|upkeep
|turn|2
|
|t:|1729790287
|switch|p2a: Sting Lancer|Flygon, F|100/100
|move|p1a: Jirachi|Toxic|p2a: Sting Lancer
|-status|p2a: Sting Lancer|tox
|
|-damage|p2a: Sting Lancer|95/100 tox|[from] psn
|upkeep
|turn|3
|inactive|OfTheLethani has 270 seconds left.
|
|t:|1729790324
|move|p2a: Sting Lancer|Earthquake|p1a: Jirachi
|-supereffective|p1a: Jirachi
|-damage|p1a: Jirachi|3/100
|move|p1a: Jirachi|Wish|p1a: Jirachi
|
|-damage|p2a: Sting Lancer|83/100 tox|[from] psn
|-heal|p1a: Jirachi|10/100|[from] item: Leftovers
|upkeep
|turn|4
|inactive|OfTheLethani has 270 seconds left.
|
|t:|1729790334
|switch|p2a: Simorgh|Skarmory, F|100/100
|move|p1a: Jirachi|Protect||[still]
|-fail|p1a: Jirachi
|
|-heal|p1a: Jirachi|60/100|[from] move: Wish|[wisher] Jirachi
|-heal|p1a: Jirachi|66/100|[from] item: Leftovers
|upkeep
|turn|5
|inactive|OfTheLethani has 270 seconds left.
|inactive|OfTheLethani has 240 seconds left.
|
|t:|1729790379
|switch|p1a: Zapdos|Zapdos|100/100
|move|p2a: Simorgh|Spikes|p1a: Zapdos
|-sidestart|p1: OfTheLethani|Spikes
|
|upkeep
|turn|6
|
|t:|1729790391
|move|p1a: Zapdos|Thunderbolt|p2a: Simorgh
|-supereffective|p2a: Simorgh
|-damage|p2a: Simorgh|6/100
|move|p2a: Simorgh|Roar|p1a: Zapdos
|drag|p1a: Tyranocif|Tyranitar, F|100/100
|-damage|p1a: Tyranocif|88/100|[from] Spikes
|-weather|Sandstorm|[from] ability: Sand Stream|[of] p1a: Tyranocif
|
|-weather|Sandstorm|[upkeep]
|-heal|p2a: Simorgh|13/100|[from] item: Leftovers
|-heal|p1a: Tyranocif|94/100|[from] item: Leftovers
|upkeep
|turn|7
|inactive|OfTheLethani has 240 seconds left.
|
|t:|1729790421
|-activate|p2a: Simorgh|move: Pursuit
|move|p1a: Tyranocif|Pursuit|p2a: Simorgh|[from]Pursuit
|-resisted|p2a: Simorgh
|-damage|p2a: Simorgh|0 fnt
|faint|p2a: Simorgh
|-hint|Previously chosen switches continue in Gen 2-4 after a Pursuit target faints.
|switch|p2a: Gammaceil|Blastoise, M|100/100
|
|-weather|Sandstorm|[upkeep]
|-damage|p2a: Gammaceil|94/100|[from] Sandstorm
|-heal|p2a: Gammaceil|100/100|[from] item: Leftovers
|-heal|p1a: Tyranocif|99/100|[from] item: Leftovers
|upkeep
|turn|8
|c|☆crab person|no my skarm
|c|☆crab person|;.;
|inactive|OfTheLethani has 210 seconds left.
|
|t:|1729790457
|switch|p1a: Airmure|Skarmory, F|100/100
|move|p2a: Gammaceil|Surf|p1a: Airmure
|-damage|p1a: Airmure|67/100
|
|-weather|Sandstorm|[upkeep]
|-damage|p2a: Gammaceil|94/100|[from] Sandstorm
|-heal|p2a: Gammaceil|100/100|[from] item: Leftovers
|-heal|p1a: Airmure|73/100|[from] item: Leftovers
|upkeep
|turn|9
|inactive|OfTheLethani has 210 seconds left.
|
|t:|1729790468
|move|p2a: Gammaceil|Surf|p1a: Airmure
|-damage|p1a: Airmure|38/100
|move|p1a: Airmure|Toxic|p2a: Gammaceil
|-status|p2a: Gammaceil|tox
|
|-weather|Sandstorm|[upkeep]
|-damage|p2a: Gammaceil|94/100 tox|[from] Sandstorm
|-heal|p2a: Gammaceil|100/100 tox|[from] item: Leftovers
|-damage|p2a: Gammaceil|94/100 tox|[from] psn
|-heal|p1a: Airmure|44/100|[from] item: Leftovers
|upkeep
|turn|10
|inactive|OfTheLethani has 210 seconds left.
|
|t:|1729790478
|move|p1a: Airmure|Protect|p1a: Airmure
|-singleturn|p1a: Airmure|Protect
|move|p2a: Gammaceil|Refresh|p2a: Gammaceil
|-curestatus|p2a: Gammaceil|tox|[msg]
|
|-weather|Sandstorm|[upkeep]
|-damage|p2a: Gammaceil|88/100|[from] Sandstorm
|-heal|p2a: Gammaceil|94/100|[from] item: Leftovers
|-heal|p1a: Airmure|50/100|[from] item: Leftovers
|upkeep
|turn|11
|inactive|OfTheLethani has 210 seconds left.
|
|t:|1729790497
|switch|p1a: Jirachi|Jirachi|66/100
|-damage|p1a: Jirachi|53/100|[from] Spikes
|move|p2a: Gammaceil|Surf|p1a: Jirachi
|-damage|p1a: Jirachi|30/100
|
|-weather|Sandstorm|[upkeep]
|-damage|p2a: Gammaceil|88/100|[from] Sandstorm
|-heal|p1a: Jirachi|36/100|[from] item: Leftovers
|-heal|p2a: Gammaceil|94/100|[from] item: Leftovers
|upkeep
|turn|12
|inactive|OfTheLethani has 210 seconds left.
|
|t:|1729790514
|move|p1a: Jirachi|Wish|p1a: Jirachi
|move|p2a: Gammaceil|Surf|p1a: Jirachi
|-damage|p1a: Jirachi|10/100
|
|-weather|Sandstorm|[upkeep]
|-damage|p2a: Gammaceil|88/100|[from] Sandstorm
|-heal|p1a: Jirachi|16/100|[from] item: Leftovers
|-heal|p2a: Gammaceil|94/100|[from] item: Leftovers
|upkeep
|turn|13
|inactive|OfTheLethani has 210 seconds left.
|
|t:|1729790522
|move|p1a: Jirachi|Protect|p1a: Jirachi
|-singleturn|p1a: Jirachi|Protect
|move|p2a: Gammaceil|Roar|p1a: Jirachi
|-activate|p1a: Jirachi|Protect
|
|-heal|p1a: Jirachi|66/100|[from] move: Wish|[wisher] Jirachi
|-weather|Sandstorm|[upkeep]
|-damage|p2a: Gammaceil|88/100|[from] Sandstorm
|-heal|p1a: Jirachi|73/100|[from] item: Leftovers
|-heal|p2a: Gammaceil|94/100|[from] item: Leftovers
|upkeep
|turn|14
|inactive|OfTheLethani has 210 seconds left.
|
|t:|1729790538
|switch|p2a: Marshmelon|Blissey, F|100/100
|move|p1a: Jirachi|Wish|p1a: Jirachi
|
|-weather|Sandstorm|[upkeep]
|-damage|p2a: Marshmelon|94/100|[from] Sandstorm
|-heal|p1a: Jirachi|79/100|[from] item: Leftovers
|-heal|p2a: Marshmelon|100/100|[from] item: Leftovers
|upkeep
|turn|15
|
|t:|1729790545
|move|p1a: Jirachi|Toxic|p2a: Marshmelon|[miss]
|-miss|p1a: Jirachi|p2a: Marshmelon
|move|p2a: Marshmelon|Thunderbolt|p1a: Jirachi
|-damage|p1a: Jirachi|67/100
|
|-heal|p1a: Jirachi|100/100|[from] move: Wish|[wisher] Jirachi
|-weather|Sandstorm|[upkeep]
|-damage|p2a: Marshmelon|94/100|[from] Sandstorm
|-heal|p2a: Marshmelon|100/100|[from] item: Leftovers
|upkeep
|turn|16
|
|t:|1729790554
|move|p1a: Jirachi|Toxic|p2a: Marshmelon
|-status|p2a: Marshmelon|tox
|move|p2a: Marshmelon|Wish|p2a: Marshmelon
|
|-weather|Sandstorm|[upkeep]
|-damage|p2a: Marshmelon|94/100 tox|[from] Sandstorm
|-heal|p2a: Marshmelon|100/100 tox|[from] item: Leftovers
|-damage|p2a: Marshmelon|94/100 tox|[from] psn
|upkeep
|turn|17
|
|t:|1729790563
|-curestatus|p2a: Marshmelon|tox|[from] ability: Natural Cure
|switch|p2a: Sting Lancer|Flygon, F|83/100 tox
|move|p1a: Jirachi|Fire Punch|p2a: Sting Lancer
|-resisted|p2a: Sting Lancer
|-damage|p2a: Sting Lancer|72/100 tox
|
|-heal|p2a: Sting Lancer|100/100 tox|[from] move: Wish|[wisher] Marshmelon
|-weather|Sandstorm|[upkeep]
|-damage|p2a: Sting Lancer|95/100 tox|[from] psn
|upkeep
|turn|18
|
|t:|1729790573
|switch|p2a: Lightning Chidori|Zapdos|100/100
|move|p1a: Jirachi|Protect||[still]
|-fail|p1a: Jirachi
|
|-weather|Sandstorm|[upkeep]
|-damage|p2a: Lightning Chidori|94/100|[from] Sandstorm
|upkeep
|turn|19
|
|t:|1729790580
|move|p2a: Lightning Chidori|Baton Pass|p2a: Lightning Chidori
|
|t:|1729790587
|switch|p2a: Sting Lancer|Flygon, F|95/100 tox|[from] Baton Pass
|move|p1a: Jirachi|Toxic|p2a: Sting Lancer
|-fail|p2a: Sting Lancer|tox
|
|-weather|Sandstorm|[upkeep]
|-damage|p2a: Sting Lancer|89/100 tox|[from] psn
|upkeep
|turn|20
|
|t:|1729790594
|move|p1a: Jirachi|Protect|p1a: Jirachi
|-singleturn|p1a: Jirachi|Protect
|move|p2a: Sting Lancer|Rock Slide|p1a: Jirachi
|-activate|p1a: Jirachi|Protect
|
|-weather|Sandstorm|[upkeep]
|-damage|p2a: Sting Lancer|77/100 tox|[from] psn
|upkeep
|turn|21
|c|☆crab person|I think you got me
|inactive|OfTheLethani has 240 seconds left.
|
|t:|1729790609
|switch|p2a: Marshmelon|Blissey, F|94/100
|move|p1a: Jirachi|Fire Punch|p2a: Marshmelon
|-crit|p2a: Marshmelon
|-damage|p2a: Marshmelon|82/100
|-status|p2a: Marshmelon|brn
|
|-weather|Sandstorm|[upkeep]
|-damage|p2a: Marshmelon|75/100 brn|[from] Sandstorm
|-heal|p2a: Marshmelon|82/100 brn|[from] item: Leftovers
|-damage|p2a: Marshmelon|69/100 brn|[from] brn
|upkeep
|turn|22
|inactive|OfTheLethani has 240 seconds left.
|
|t:|1729790629
|switch|p1a: Libégon|Flygon, F|100/100
|move|p2a: Marshmelon|Wish|p2a: Marshmelon
|
|-weather|Sandstorm|[upkeep]
|-damage|p2a: Marshmelon|63/100 brn|[from] Sandstorm
|-heal|p2a: Marshmelon|69/100 brn|[from] item: Leftovers
|-damage|p2a: Marshmelon|57/100 brn|[from] brn
|upkeep
|turn|23
|
|t:|1729790642
|move|p1a: Libégon|Flamethrower|p2a: Marshmelon
|-damage|p2a: Marshmelon|52/100 brn
|move|p2a: Marshmelon|Ice Beam|p1a: Libégon
|-supereffective|p1a: Libégon
|-damage|p1a: Libégon|18/100
|
|-heal|p2a: Marshmelon|100/100 brn|[from] move: Wish|[wisher] Marshmelon
|-weather|Sandstorm|[upkeep]
|-damage|p2a: Marshmelon|94/100 brn|[from] Sandstorm
|-heal|p1a: Libégon|24/100|[from] item: Leftovers
|-heal|p2a: Marshmelon|100/100 brn|[from] item: Leftovers
|-damage|p2a: Marshmelon|88/100 brn|[from] brn
|upkeep
|turn|24
|
|t:|1729790657
|move|p1a: Libégon|Earthquake|p2a: Marshmelon
|-damage|p2a: Marshmelon|56/100 brn
|move|p2a: Marshmelon|Calm Mind|p2a: Marshmelon
|-boost|p2a: Marshmelon|spa|1
|-boost|p2a: Marshmelon|spd|1
|
|-weather|Sandstorm|[upkeep]
|-damage|p2a: Marshmelon|49/100 brn|[from] Sandstorm
|-heal|p1a: Libégon|31/100|[from] item: Leftovers
|-heal|p2a: Marshmelon|56/100 brn|[from] item: Leftovers
|-damage|p2a: Marshmelon|43/100 brn|[from] brn
|upkeep
|turn|25
|
|t:|1729790683
|move|p1a: Libégon|Earthquake|p2a: Marshmelon
|-damage|p2a: Marshmelon|7/100 brn
|move|p2a: Marshmelon|Ice Beam|p1a: Libégon
|-supereffective|p1a: Libégon
|-damage|p1a: Libégon|0 fnt
|faint|p1a: Libégon
|
|t:|1729790690
|switch|p1a: Jirachi|Jirachi|100/100
|-damage|p1a: Jirachi|88/100|[from] Spikes
|
|-weather|Sandstorm|[upkeep]
|-damage|p2a: Marshmelon|1/100 brn|[from] Sandstorm
|-heal|p1a: Jirachi|94/100|[from] item: Leftovers
|-heal|p2a: Marshmelon|7/100 brn|[from] item: Leftovers
|-damage|p2a: Marshmelon|0 fnt|[from] brn
|faint|p2a: Marshmelon
|upkeep
|
|t:|1729790697
|switch|p2a: Sting Lancer|Flygon, F|77/100 tox
|turn|26
|
|t:|1729790700
|move|p1a: Jirachi|Protect|p1a: Jirachi
|-singleturn|p1a: Jirachi|Protect
|move|p2a: Sting Lancer|Earthquake|p1a: Jirachi
|-activate|p1a: Jirachi|Protect
|
|-weather|Sandstorm|[upkeep]
|-damage|p2a: Sting Lancer|71/100 tox|[from] psn
|-heal|p1a: Jirachi|100/100|[from] item: Leftovers
|upkeep
|turn|27
|
|t:|1729790709
|switch|p1a: Airmure|Skarmory, F|50/100
|move|p2a: Sting Lancer|Earthquake|p1a: Airmure
|-immune|p1a: Airmure
|
|-weather|Sandstorm|[upkeep]
|-damage|p2a: Sting Lancer|59/100 tox|[from] psn
|-heal|p1a: Airmure|56/100|[from] item: Leftovers
|upkeep
|turn|28
|inactive|OfTheLethani has 240 seconds left.
|
|t:|1729790720
|switch|p2a: Lightning Chidori|Zapdos|94/100
|move|p1a: Airmure|Spikes|p2a: Lightning Chidori
|-sidestart|p2: crab person|Spikes
|
|-weather|Sandstorm|[upkeep]
|-damage|p2a: Lightning Chidori|88/100|[from] Sandstorm
|-heal|p1a: Airmure|62/100|[from] item: Leftovers
|upkeep
|turn|29
|inactive|OfTheLethani has 240 seconds left.
|
|t:|1729790730
|move|p1a: Airmure|Protect|p1a: Airmure
|-singleturn|p1a: Airmure|Protect
|move|p2a: Lightning Chidori|Hidden Power|p1a: Airmure
|-activate|p1a: Airmure|Protect
|
|-weather|Sandstorm|[upkeep]
|-damage|p2a: Lightning Chidori|82/100|[from] Sandstorm
|-heal|p1a: Airmure|68/100|[from] item: Leftovers
|upkeep
|turn|30
|inactive|OfTheLethani has 240 seconds left.
|
|t:|1729790741
|switch|p1a: Jirachi|Jirachi|100/100
|-damage|p1a: Jirachi|88/100|[from] Spikes
|move|p2a: Lightning Chidori|Hidden Power|p1a: Jirachi
|-damage|p1a: Jirachi|62/100
|
|-weather|Sandstorm|[upkeep]
|-damage|p2a: Lightning Chidori|76/100|[from] Sandstorm
|-heal|p1a: Jirachi|69/100|[from] item: Leftovers
|upkeep
|turn|31
|inactive|OfTheLethani has 240 seconds left.
|c|☆crab person|think that's gg, Shouldn't have let bliss de
|-message|crab person forfeited.
|
|win|OfTheLethani
|c|☆OfTheLethani|ggs
|c|☆OfTheLethani|agree you needed bliss
|player|p1|
|c|☆crab person|yeah got greedy

</script>
<script type="application/json" class="data" id="replaydata-smogtours-gen3ou-801579">
{"id":"smogtours-gen3ou-801579","format":"[Gen 3] OU","players":["OfTheLethani","crab person"],"uploadtime":1729790762,"views":89,"formatid":"gen3ou","rating":null,"private":0,"password":null}
</script>

<script defer src="js/replays.js?9d40a366"></script>
