<!DOCTYPE html>
<meta charset="utf-8" />
<meta name="viewport" content="width=device-width" />

<title>[Gen 3] OU: NoBottlecapsBlisy vs. Whiscash Cuajao - Replays - Pok&eacute;mon Showdown!</title>

<meta name="description" content="Watch a replay of a Pok&eacute;mon battle between NoBottlecapsBlisy and Whiscash Cuajao! Format: [Gen 3] OU; Date: Oct 8, 2024" />
<!--

Hey, you! Looking in the source for the replay log?

You can find them in JSON format, just add `.json` at the end of a replay URL.

https://replay.pokemonshowdown.com/gen7randomdoublesbattle-865046831.json

Or, if you only need the log itself, add `.log` instead:

https://replay.pokemonshowdown.com/gen7randomdoublesbattle-865046831.log

-->

<link rel="stylesheet" href="//pokemonshowdown.com/style/global.css?0.023195364461161105" />
<link rel="stylesheet" href="//play.pokemonshowdown.com/style/font-awesome.css?0.13261647063804238" />
<link rel="stylesheet" href="//play.pokemonshowdown.com/style/battle.css?0.8753245789963631" />
<link rel="stylesheet" href="//play.pokemonshowdown.com/style/utilichart.css?0.8627959624976733" />

<!-- Global site tag (gtag.js) - Google Analytics -->
<script async src="https://www.googletagmanager.com/gtag/js?id=UA-26211653-1"></script>
<script>
  window.dataLayer = window.dataLayer || [];
  function gtag(){dataLayer.push(arguments);}
  gtag('js', new Date());

  gtag('config', 'UA-26211653-1');
</script>
<!-- End Google Analytics -->
<!-- Venatus Ad Manager - Install in <HEAD> of page -->
	<script src="https://hb.vntsm.com/v3/live/ad-manager.min.js" type="text/javascript" data-site-id="642aba63ec9a7b11c3c9c1be" data-mode="scan" async></script>
<!-- / Venatus Ad Manager -->

<style>
	@media (max-width:820px) {
		.battle {
			margin: 0 auto;
		}
		.battle-log {
			margin: 7px auto 0;
			max-width: 640px;
			height: 300px;
			position: static;
		}
	}
	.optgroup {
		display: inline-block;
		line-height: 22px;
		font-size: 10pt;
	}
	.optgroup .button {
		height: 25px;
		padding-top: 0;
		padding-bottom: 0;
	}
	.optgroup button.button {
		padding-left: 12px;
		padding-right: 12px;
	}
	.linklist {
		list-style: none;
		margin: 0.5em 0;
		padding: 0;
	}
	.linklist li {
		padding: 2px 0;
	}
	.sidebar {
		float: left;
		width: 320px;
	}
	.bar-wrapper {
		max-width: 1100px;
		margin: 0 auto;
	}
	.bar-wrapper.has-sidebar {
		max-width: 1430px;
	}
	.mainbar {
		margin: 0;
		padding-right: 1px;
	}
	.mainbar.has-sidebar {
		margin-left: 330px;
	}
	@media (min-width: 1511px) {
		.sidebar {
			width: 400px;
		}
		.bar-wrapper.has-sidebar {
			max-width: 1510px;
		}
		.mainbar.has-sidebar {
			margin-left: 410px;
		}
	}
	.section.first-section {
		margin-top: 9px;
	}
	.blocklink small {
		white-space: normal;
	}
	.button {
		vertical-align: middle;
	}
	.replay-controls {
		padding-top: 10px;
	}
	.replay-controls h1 {
		font-size: 16pt;
		font-weight: normal;
		color: #CCC;
	}
	.pagelink {
		text-align: center;
	}
	.pagelink a {
		width: 150px;
	}
	.textbox, .button {
		font-size: 11pt;
		vertical-align: middle;
	}
	@media (max-width: 450px) {
		.button {
			font-size: 9pt;
		}
	}
</style>

<div>

	<header>
		<div class="nav-wrapper"><ul class="nav">
			<li><a class="button nav-first" href="//pokemonshowdown.com/"><img src="//pokemonshowdown.com/images/pokemonshowdownbeta.png" srcset="//pokemonshowdown.com/images/pokemonshowdownbeta.png 1x, //pokemonshowdown.com/images/pokemonshowdownbeta@2x.png 2x" alt="Pok&eacute;mon Showdown" width="146" height="44" /> Home</a></li>
			<li><a class="button" href="//pokemonshowdown.com/dex/">Pok&eacute;dex</a></li>
			<li><a class="button cur" href="/">Replays</a></li>
			<li><a class="button" href="//pokemonshowdown.com/ladder/">Ladder</a></li>
			<li><a class="button nav-last" href="//pokemonshowdown.com/forums/">Forum</a></li>
			<li><a class="button greenbutton nav-first nav-last" href="//play.pokemonshowdown.com/">Play</a></li>
		</ul></div>
	</header>

	<div class="main" id="main">

		<noscript><section class="section">You need to enable JavaScript to use this page; sorry!</section></noscript>

	</div>

</div>

<script defer nomodule src="//play.pokemonshowdown.com/js/lib/ps-polyfill.js"></script>
<script defer src="//play.pokemonshowdown.com/js/lib/preact.min.js"></script>

<script defer src="//play.pokemonshowdown.com/config/config.js?2bddbc15"></script>
<script defer src="//play.pokemonshowdown.com/js/lib/jquery-1.11.0.min.js"></script>
<script defer src="//play.pokemonshowdown.com/js/lib/html-sanitizer-minified.js"></script>
<script defer src="//play.pokemonshowdown.com/js/battle-sound.js"></script>
<script defer src="//play.pokemonshowdown.com/js/battledata.js?0.7209276989879541"></script>
<script defer src="//play.pokemonshowdown.com/data/pokedex-mini.js?0.6111056340867951"></script>
<script defer src="//play.pokemonshowdown.com/data/pokedex-mini-bw.js?0.3532142036491459"></script>
<script defer src="//play.pokemonshowdown.com/data/graphics.js?0.24223875632456182"></script>
<script defer src="//play.pokemonshowdown.com/data/pokedex.js?0.38839984266356864"></script>
<script defer src="//play.pokemonshowdown.com/data/moves.js?0.21866028504024015"></script>
<script defer src="//play.pokemonshowdown.com/data/abilities.js?0.2005157953846628"></script>
<script defer src="//play.pokemonshowdown.com/data/items.js?0.9894211263848525"></script>
<script defer src="//play.pokemonshowdown.com/data/teambuilder-tables.js?0.6008791140282215"></script>
<script defer src="//play.pokemonshowdown.com/js/battle-tooltips.js?0.7580118955022959"></script>
<script defer src="//play.pokemonshowdown.com/js/battle.js?0.6057722274234274"></script>

<script defer src="js/utils.js?e31f9a17"></script>
<script defer src="js/replays-battle.js?7008c182"></script>

<!-- don't scrape this data! just add .json or .log after the URL!
Full API docs: https://github.com/smogon/pokemon-showdown-client/blob/master/WEB-API.md -->
<script type="text/plain" class="log" id="replaylog-smogtours-gen3ou-796380">
|inactive|Battle timer is ON: inactive players will automatically lose when time's up.
|t:|1728403670
|gametype|singles
|player|p1|NoBottlecapsBlisy|alder|
|player|p2|Whiscash Cuajao|101|
|teamsize|p1|6
|teamsize|p2|6
|gen|3
|tier|[Gen 3] OU
|rule|Sleep Clause Mod: Limit one foe put to sleep
|rule|Switch Priority Clause Mod: Faster Pokémon switch first
|rule|Species Clause: Limit one of each Pokémon
|rule|OHKO Clause: OHKO moves are banned
|rule|Evasion Items Clause: Evasion items are banned
|rule|Evasion Moves Clause: Evasion moves are banned
|rule|Endless Battle Clause: Forcing endless battles is banned
|rule|HP Percentage Mod: HP is shown in percentages
|rule|One Boost Passer Clause: Limit one Baton Passer that has a way to boost its stats
|rule|Freeze Clause Mod: Limit one foe frozen
|
|t:|1728403670
|start
|switch|p1a: Andy|Swellow, F|100/100
|switch|p2a: Salamence|Salamence, F|100/100
|-ability|p2a: Salamence|Intimidate|boost
|-unboost|p1a: Andy|atk|1
|turn|1
|c|☆NoBottlecapsBlisy|glhf
|c|☆Whiscash Cuajao|gl
|inactive|Whiscash Cuajao has 270 seconds left.
|
|t:|1728403722
|move|p1a: Andy|Substitute|p1a: Andy
|-start|p1a: Andy|Substitute
|-damage|p1a: Andy|76/100
|move|p2a: Salamence|Hidden Power|p1a: Andy
|-end|p1a: Andy|Substitute
|
|upkeep
|turn|2
|
|t:|1728403732
|move|p1a: Andy|Substitute|p1a: Andy
|-start|p1a: Andy|Substitute
|-damage|p1a: Andy|51/100
|move|p2a: Salamence|Hidden Power|p1a: Andy
|-end|p1a: Andy|Substitute
|
|upkeep
|turn|3
|
|t:|1728403745
|move|p1a: Andy|Substitute|p1a: Andy
|-start|p1a: Andy|Substitute
|-damage|p1a: Andy|26/100
|move|p2a: Salamence|Hidden Power|p1a: Andy
|-end|p1a: Andy|Substitute
|
|upkeep
|turn|4
|
|t:|1728403758
|move|p1a: Andy|Substitute|p1a: Andy
|-start|p1a: Andy|Substitute
|-damage|p1a: Andy|1/100
|move|p2a: Salamence|Hidden Power|p1a: Andy
|-end|p1a: Andy|Substitute
|
|-enditem|p1a: Andy|Starf Berry|[eat]
|-boost|p1a: Andy|spa|2|[from] item: Starf Berry
|upkeep
|turn|5
|inactive|Whiscash Cuajao has 270 seconds left.
|inactive|NoBottlecapsBlisy has 270 seconds left.
|
|t:|1728403801
|move|p1a: Andy|Endeavor|p2a: Salamence
|-damage|p2a: Salamence|1/100
|move|p2a: Salamence|Hidden Power|p1a: Andy
|-damage|p1a: Andy|0 fnt
|faint|p1a: Andy
|
|t:|1728403805
|switch|p1a: Mr. Rock|Tyranitar, M|100/100
|-weather|Sandstorm|[from] ability: Sand Stream|[of] p1a: Mr. Rock
|
|-weather|Sandstorm|[upkeep]
|-damage|p2a: Salamence|0 fnt|[from] Sandstorm
|faint|p2a: Salamence
|upkeep
|inactive|Whiscash Cuajao has 270 seconds left.
|
|t:|1728403817
|switch|p2a: Heracross|Heracross, F|100/100
|turn|6
|inactive|Whiscash Cuajao has 270 seconds left.
|
|t:|1728403827
|switch|p1a: Hot Headed|Charizard, F|100/100
|move|p2a: Heracross|Megahorn|p1a: Hot Headed|[miss]
|-miss|p2a: Heracross|p1a: Hot Headed
|
|-weather|Sandstorm|[upkeep]
|-damage|p1a: Hot Headed|94/100|[from] Sandstorm
|-damage|p2a: Heracross|94/100|[from] Sandstorm
|-heal|p1a: Hot Headed|100/100|[from] item: Leftovers
|-heal|p2a: Heracross|100/100|[from] item: Leftovers
|upkeep
|turn|7
|
|t:|1728403837
|switch|p2a: Starmie|Starmie|100/100
|move|p1a: Hot Headed|Substitute|p1a: Hot Headed
|-start|p1a: Hot Headed|Substitute
|-damage|p1a: Hot Headed|75/100
|
|-weather|Sandstorm|[upkeep]
|-damage|p1a: Hot Headed|69/100|[from] Sandstorm
|-damage|p2a: Starmie|94/100|[from] Sandstorm
|-heal|p1a: Hot Headed|75/100|[from] item: Leftovers
|-heal|p2a: Starmie|100/100|[from] item: Leftovers
|upkeep
|turn|8
|
|t:|1728403843
|move|p1a: Hot Headed|Hidden Power|p2a: Starmie
|-supereffective|p2a: Starmie
|-damage|p2a: Starmie|48/100
|move|p2a: Starmie|Surf|p1a: Hot Headed
|-supereffective|p1a: Hot Headed
|-end|p1a: Hot Headed|Substitute
|
|-weather|Sandstorm|[upkeep]
|-damage|p1a: Hot Headed|69/100|[from] Sandstorm
|-damage|p2a: Starmie|42/100|[from] Sandstorm
|-heal|p1a: Hot Headed|75/100|[from] item: Leftovers
|-heal|p2a: Starmie|48/100|[from] item: Leftovers
|upkeep
|turn|9
|
|t:|1728403848
|switch|p2a: Blissey|Blissey, F|100/100
|move|p1a: Hot Headed|Hidden Power|p2a: Blissey
|-damage|p2a: Blissey|91/100
|
|-weather|Sandstorm|[upkeep]
|-damage|p1a: Hot Headed|69/100|[from] Sandstorm
|-damage|p2a: Blissey|85/100|[from] Sandstorm
|-heal|p1a: Hot Headed|75/100|[from] item: Leftovers
|-heal|p2a: Blissey|91/100|[from] item: Leftovers
|upkeep
|turn|10
|
|t:|1728403876
|switch|p1a: Jet Fuel|Metagross|100/100
|move|p2a: Blissey|Seismic Toss|p1a: Jet Fuel
|-damage|p1a: Jet Fuel|73/100
|
|-weather|Sandstorm|[upkeep]
|-damage|p2a: Blissey|85/100|[from] Sandstorm
|-heal|p1a: Jet Fuel|79/100|[from] item: Leftovers
|-heal|p2a: Blissey|91/100|[from] item: Leftovers
|upkeep
|turn|11
|inactive|NoBottlecapsBlisy has 270 seconds left.
|inactive|NoBottlecapsBlisy has 240 seconds left.
|
|t:|1728403926
|switch|p2a: Starmie|Starmie|48/100
|move|p1a: Jet Fuel|Meteor Mash|p2a: Starmie
|-resisted|p2a: Starmie
|-damage|p2a: Starmie|22/100
|
|-weather|Sandstorm|[upkeep]
|-damage|p2a: Starmie|16/100|[from] Sandstorm
|-heal|p2a: Starmie|22/100|[from] item: Leftovers
|-heal|p1a: Jet Fuel|85/100|[from] item: Leftovers
|upkeep
|turn|12
|inactive|NoBottlecapsBlisy has 240 seconds left.
|
|t:|1728403962
|move|p2a: Starmie|Recover|p2a: Starmie
|-heal|p2a: Starmie|72/100
|move|p1a: Jet Fuel|Meteor Mash|p2a: Starmie
|-resisted|p2a: Starmie
|-damage|p2a: Starmie|46/100
|
|-weather|Sandstorm|[upkeep]
|-damage|p2a: Starmie|40/100|[from] Sandstorm
|-heal|p2a: Starmie|46/100|[from] item: Leftovers
|-heal|p1a: Jet Fuel|91/100|[from] item: Leftovers
|upkeep
|turn|13
|
|t:|1728403969
|move|p2a: Starmie|Recover|p2a: Starmie
|-heal|p2a: Starmie|96/100
|move|p1a: Jet Fuel|Meteor Mash|p2a: Starmie
|-resisted|p2a: Starmie
|-crit|p2a: Starmie
|-damage|p2a: Starmie|48/100
|
|-weather|Sandstorm|[upkeep]
|-damage|p2a: Starmie|42/100|[from] Sandstorm
|-heal|p2a: Starmie|48/100|[from] item: Leftovers
|-heal|p1a: Jet Fuel|97/100|[from] item: Leftovers
|upkeep
|turn|14
|
|t:|1728403985
|move|p2a: Starmie|Recover|p2a: Starmie
|-heal|p2a: Starmie|98/100
|move|p1a: Jet Fuel|Meteor Mash|p2a: Starmie
|-resisted|p2a: Starmie
|-damage|p2a: Starmie|71/100
|
|-weather|Sandstorm|[upkeep]
|-damage|p2a: Starmie|65/100|[from] Sandstorm
|-heal|p2a: Starmie|71/100|[from] item: Leftovers
|-heal|p1a: Jet Fuel|100/100|[from] item: Leftovers
|upkeep
|turn|15
|
|t:|1728403993
|move|p2a: Starmie|Surf|p1a: Jet Fuel
|-damage|p1a: Jet Fuel|68/100
|move|p1a: Jet Fuel|Meteor Mash|p2a: Starmie
|-resisted|p2a: Starmie
|-damage|p2a: Starmie|46/100
|
|-weather|Sandstorm|[upkeep]
|-damage|p2a: Starmie|40/100|[from] Sandstorm
|-heal|p2a: Starmie|46/100|[from] item: Leftovers
|-heal|p1a: Jet Fuel|74/100|[from] item: Leftovers
|upkeep
|turn|16
|
|t:|1728403999
|move|p2a: Starmie|Recover|p2a: Starmie
|-heal|p2a: Starmie|96/100
|move|p1a: Jet Fuel|Meteor Mash|p2a: Starmie
|-resisted|p2a: Starmie
|-damage|p2a: Starmie|69/100
|
|-weather|Sandstorm|[upkeep]
|-damage|p2a: Starmie|63/100|[from] Sandstorm
|-heal|p2a: Starmie|69/100|[from] item: Leftovers
|-heal|p1a: Jet Fuel|80/100|[from] item: Leftovers
|upkeep
|turn|17
|inactive|NoBottlecapsBlisy has 240 seconds left.
|
|t:|1728404006
|move|p1a: Jet Fuel|Protect|p1a: Jet Fuel
|-singleturn|p1a: Jet Fuel|Protect
|move|p2a: Starmie|Surf|p1a: Jet Fuel
|-activate|p1a: Jet Fuel|Protect
|
|-weather|Sandstorm|[upkeep]
|-damage|p2a: Starmie|63/100|[from] Sandstorm
|-heal|p2a: Starmie|69/100|[from] item: Leftovers
|-heal|p1a: Jet Fuel|86/100|[from] item: Leftovers
|upkeep
|turn|18
|
|t:|1728404010
|move|p2a: Starmie|Surf|p1a: Jet Fuel
|-damage|p1a: Jet Fuel|48/100
|move|p1a: Jet Fuel|Meteor Mash|p2a: Starmie
|-resisted|p2a: Starmie
|-damage|p2a: Starmie|44/100
|-boost|p1a: Jet Fuel|atk|1
|
|-weather|Sandstorm|[upkeep]
|-damage|p2a: Starmie|38/100|[from] Sandstorm
|-heal|p2a: Starmie|44/100|[from] item: Leftovers
|-heal|p1a: Jet Fuel|54/100|[from] item: Leftovers
|upkeep
|turn|19
|
|t:|1728404020
|move|p2a: Starmie|Surf|p1a: Jet Fuel
|-crit|p1a: Jet Fuel
|-damage|p1a: Jet Fuel|0 fnt
|faint|p1a: Jet Fuel
|
|t:|1728404040
|switch|p1a: Hot Headed|Charizard, F|75/100
|
|-weather|Sandstorm|[upkeep]
|-damage|p1a: Hot Headed|69/100|[from] Sandstorm
|-damage|p2a: Starmie|38/100|[from] Sandstorm
|-heal|p1a: Hot Headed|75/100|[from] item: Leftovers
|-heal|p2a: Starmie|44/100|[from] item: Leftovers
|upkeep
|turn|20
|
|t:|1728404049
|-singleturn|p1a: Hot Headed|move: Focus Punch
|switch|p2a: Blissey|Blissey, F|91/100
|move|p1a: Hot Headed|Focus Punch|p2a: Blissey
|-supereffective|p2a: Blissey
|-damage|p2a: Blissey|29/100
|
|-weather|Sandstorm|[upkeep]
|-damage|p1a: Hot Headed|69/100|[from] Sandstorm
|-damage|p2a: Blissey|23/100|[from] Sandstorm
|-heal|p1a: Hot Headed|75/100|[from] item: Leftovers
|-heal|p2a: Blissey|29/100|[from] item: Leftovers
|upkeep
|turn|21
|inactive|NoBottlecapsBlisy has 240 seconds left.
|
|t:|1728404080
|move|p1a: Hot Headed|Fire Blast|p2a: Blissey|[miss]
|-miss|p1a: Hot Headed|p2a: Blissey
|move|p2a: Blissey|Seismic Toss|p1a: Hot Headed
|-damage|p1a: Hot Headed|42/100
|
|-weather|Sandstorm|[upkeep]
|-damage|p1a: Hot Headed|36/100|[from] Sandstorm
|-damage|p2a: Blissey|23/100|[from] Sandstorm
|-heal|p1a: Hot Headed|42/100|[from] item: Leftovers
|-heal|p2a: Blissey|29/100|[from] item: Leftovers
|upkeep
|turn|22
|
|t:|1728404086
|-singleturn|p1a: Hot Headed|move: Focus Punch
|move|p2a: Blissey|Soft-Boiled|p2a: Blissey
|-heal|p2a: Blissey|79/100
|move|p1a: Hot Headed|Focus Punch|p2a: Blissey
|-supereffective|p2a: Blissey
|-damage|p2a: Blissey|14/100
|
|-weather|Sandstorm|[upkeep]
|-damage|p1a: Hot Headed|36/100|[from] Sandstorm
|-damage|p2a: Blissey|8/100|[from] Sandstorm
|-heal|p1a: Hot Headed|42/100|[from] item: Leftovers
|-heal|p2a: Blissey|14/100|[from] item: Leftovers
|upkeep
|turn|23
|inactive|NoBottlecapsBlisy has 240 seconds left.
|
|t:|1728404097
|move|p1a: Hot Headed|Fire Blast|p2a: Blissey|[miss]
|-miss|p1a: Hot Headed|p2a: Blissey
|move|p2a: Blissey|Soft-Boiled|p2a: Blissey
|-heal|p2a: Blissey|64/100
|
|-weather|Sandstorm|[upkeep]
|-damage|p1a: Hot Headed|36/100|[from] Sandstorm
|-damage|p2a: Blissey|58/100|[from] Sandstorm
|-heal|p1a: Hot Headed|42/100|[from] item: Leftovers
|-heal|p2a: Blissey|64/100|[from] item: Leftovers
|upkeep
|turn|24
|c|☆Whiscash Cuajao|damn
|inactive|NoBottlecapsBlisy has 240 seconds left.
|
|t:|1728404117
|switch|p1a: Dr. Mud|Swampert, M|100/100
|move|p2a: Blissey|Seismic Toss|p1a: Dr. Mud
|-damage|p1a: Dr. Mud|71/100
|
|-weather|Sandstorm|[upkeep]
|-damage|p2a: Blissey|58/100|[from] Sandstorm
|-heal|p1a: Dr. Mud|77/100|[from] item: Leftovers
|-heal|p2a: Blissey|64/100|[from] item: Leftovers
|upkeep
|turn|25
|
|t:|1728404125
|move|p1a: Dr. Mud|Earthquake|p2a: Blissey
|-crit|p2a: Blissey
|-damage|p2a: Blissey|0 fnt
|faint|p2a: Blissey
|
|t:|1728404136
|switch|p2a: Gengar|Gengar, F|100/100
|
|-weather|Sandstorm|[upkeep]
|-damage|p2a: Gengar|94/100|[from] Sandstorm
|-heal|p2a: Gengar|100/100|[from] item: Leftovers
|-heal|p1a: Dr. Mud|83/100|[from] item: Leftovers
|upkeep
|turn|26
|inactive|NoBottlecapsBlisy has 240 seconds left.
|
|t:|1728404158
|switch|p1a: Ice 2 Meet U|Regice, shiny|100/100
|move|p2a: Gengar|Hidden Power|p1a: Ice 2 Meet U
|-damage|p1a: Ice 2 Meet U|89/100
|
|-weather|Sandstorm|[upkeep]
|-damage|p2a: Gengar|94/100|[from] Sandstorm
|-damage|p1a: Ice 2 Meet U|83/100|[from] Sandstorm
|-heal|p2a: Gengar|100/100|[from] item: Leftovers
|-heal|p1a: Ice 2 Meet U|89/100|[from] item: Leftovers
|upkeep
|turn|27
|
|t:|1728404168
|switch|p2a: Metagross|Metagross|100/100
|move|p1a: Ice 2 Meet U|Thunder Wave|p2a: Metagross
|-status|p2a: Metagross|par
|
|-weather|Sandstorm|[upkeep]
|-damage|p1a: Ice 2 Meet U|83/100|[from] Sandstorm
|-heal|p1a: Ice 2 Meet U|89/100|[from] item: Leftovers
|upkeep
|turn|28
|
|t:|1728404187
|switch|p1a: Dr. Mud|Swampert, M|83/100
|move|p2a: Metagross|Meteor Mash|p1a: Dr. Mud
|-resisted|p1a: Dr. Mud
|-damage|p1a: Dr. Mud|56/100
|-boost|p2a: Metagross|atk|1
|
|-weather|Sandstorm|[upkeep]
|-heal|p1a: Dr. Mud|62/100|[from] item: Leftovers
|upkeep
|turn|29
|
|t:|1728404196
|switch|p2a: Gengar|Gengar, F|100/100
|move|p1a: Dr. Mud|Earthquake|p2a: Gengar
|-immune|p2a: Gengar
|
|-weather|Sandstorm|[upkeep]
|-damage|p2a: Gengar|94/100|[from] Sandstorm
|-heal|p2a: Gengar|100/100|[from] item: Leftovers
|-heal|p1a: Dr. Mud|68/100|[from] item: Leftovers
|upkeep
|turn|30
|
|t:|1728404201
|switch|p1a: Ice 2 Meet U|Regice, shiny|89/100
|move|p2a: Gengar|Hidden Power|p1a: Ice 2 Meet U
|-damage|p1a: Ice 2 Meet U|77/100
|
|-weather|Sandstorm|[upkeep]
|-damage|p2a: Gengar|94/100|[from] Sandstorm
|-damage|p1a: Ice 2 Meet U|71/100|[from] Sandstorm
|-heal|p2a: Gengar|100/100|[from] item: Leftovers
|-heal|p1a: Ice 2 Meet U|77/100|[from] item: Leftovers
|upkeep
|turn|31
|
|t:|1728404206
|switch|p2a: Metagross|Metagross|100/100 par
|move|p1a: Ice 2 Meet U|Thunderbolt|p2a: Metagross
|-damage|p2a: Metagross|69/100 par
|
|-weather|Sandstorm|[upkeep]
|-damage|p1a: Ice 2 Meet U|71/100|[from] Sandstorm
|-heal|p1a: Ice 2 Meet U|77/100|[from] item: Leftovers
|-heal|p2a: Metagross|75/100 par|[from] item: Leftovers
|upkeep
|turn|32
|
|t:|1728404225
|switch|p1a: Dr. Mud|Swampert, M|68/100
|move|p2a: Metagross|Meteor Mash|p1a: Dr. Mud
|-resisted|p1a: Dr. Mud
|-crit|p1a: Dr. Mud
|-damage|p1a: Dr. Mud|10/100
|
|-weather|Sandstorm|[upkeep]
|-heal|p1a: Dr. Mud|16/100|[from] item: Leftovers
|-heal|p2a: Metagross|82/100 par|[from] item: Leftovers
|upkeep
|turn|33
|
|t:|1728404235
|switch|p2a: Gengar|Gengar, F|100/100
|move|p1a: Dr. Mud|Hydro Pump|p2a: Gengar
|-damage|p2a: Gengar|0 fnt
|faint|p2a: Gengar
|
|t:|1728404252
|switch|p2a: Starmie|Starmie|44/100
|
|-weather|Sandstorm|[upkeep]
|-damage|p2a: Starmie|38/100|[from] Sandstorm
|-heal|p2a: Starmie|44/100|[from] item: Leftovers
|-heal|p1a: Dr. Mud|22/100|[from] item: Leftovers
|upkeep
|turn|34
|inactive|NoBottlecapsBlisy has 270 seconds left.
|
|t:|1728404277
|move|p2a: Starmie|Surf|p1a: Dr. Mud
|-damage|p1a: Dr. Mud|0 fnt
|faint|p1a: Dr. Mud
|
|t:|1728404283
|switch|p1a: Hot Headed|Charizard, F|42/100
|
|-weather|Sandstorm|[upkeep]
|-damage|p1a: Hot Headed|36/100|[from] Sandstorm
|-damage|p2a: Starmie|38/100|[from] Sandstorm
|-heal|p1a: Hot Headed|42/100|[from] item: Leftovers
|-heal|p2a: Starmie|44/100|[from] item: Leftovers
|upkeep
|turn|35
|
|t:|1728404295
|move|p1a: Hot Headed|Hidden Power|p2a: Starmie
|-supereffective|p2a: Starmie
|-damage|p2a: Starmie|0 fnt
|faint|p2a: Starmie
|
|t:|1728404298
|switch|p2a: Heracross|Heracross, F|100/100
|
|-weather|Sandstorm|[upkeep]
|-damage|p1a: Hot Headed|36/100|[from] Sandstorm
|-damage|p2a: Heracross|94/100|[from] Sandstorm
|-heal|p1a: Hot Headed|42/100|[from] item: Leftovers
|-heal|p2a: Heracross|100/100|[from] item: Leftovers
|upkeep
|turn|36
|inactive|NoBottlecapsBlisy has 270 seconds left.
|
|t:|1728404304
|move|p1a: Hot Headed|Fire Blast|p2a: Heracross
|-supereffective|p2a: Heracross
|-damage|p2a: Heracross|0 fnt
|faint|p2a: Heracross
|
|t:|1728404310
|switch|p2a: Metagross|Metagross|82/100 par
|
|-weather|Sandstorm|[upkeep]
|-damage|p1a: Hot Headed|36/100|[from] Sandstorm
|-heal|p1a: Hot Headed|42/100|[from] item: Leftovers
|-heal|p2a: Metagross|88/100 par|[from] item: Leftovers
|upkeep
|turn|37
|
|t:|1728404313
|move|p1a: Hot Headed|Fire Blast|p2a: Metagross
|-supereffective|p2a: Metagross
|-damage|p2a: Metagross|0 fnt
|faint|p2a: Metagross
|
|win|NoBottlecapsBlisy
|c|☆NoBottlecapsBlisy|gg
|player|p2|
|player|p1|
|player|p2|Whiscash Cuajao|101|
|c|☆Whiscash Cuajao|gg

</script>
<script type="application/json" class="data" id="replaydata-smogtours-gen3ou-796380">
{"id":"smogtours-gen3ou-796380","format":"[Gen 3] OU","players":["NoBottlecapsBlisy","Whiscash Cuajao"],"uploadtime":1728404313,"views":92,"formatid":"gen3ou","rating":null,"private":0,"password":null}
</script>

<script defer src="js/replays.js?9d40a366"></script>
