<!DOCTYPE html>
<meta charset="utf-8" />
<meta name="viewport" content="width=device-width" />

<title>[Gen 3] OU: salmonlad vs. almarkowbender - Replays - Pok&eacute;mon Showdown!</title>

<meta name="description" content="Watch a replay of a Pok&eacute;mon battle between salmonlad and almarkowbender! Format: [Gen 3] OU; Date: Oct 23, 2024" />
<!--

Hey, you! Looking in the source for the replay log?

You can find them in JSON format, just add `.json` at the end of a replay URL.

https://replay.pokemonshowdown.com/gen7randomdoublesbattle-865046831.json

Or, if you only need the log itself, add `.log` instead:

https://replay.pokemonshowdown.com/gen7randomdoublesbattle-865046831.log

-->

<link rel="stylesheet" href="//pokemonshowdown.com/style/global.css?0.023195364461161105" />
<link rel="stylesheet" href="//play.pokemonshowdown.com/style/font-awesome.css?0.13261647063804238" />
<link rel="stylesheet" href="//play.pokemonshowdown.com/style/battle.css?0.8753245789963631" />
<link rel="stylesheet" href="//play.pokemonshowdown.com/style/utilichart.css?0.8627959624976733" />

<!-- Global site tag (gtag.js) - Google Analytics -->
<script async src="https://www.googletagmanager.com/gtag/js?id=UA-26211653-1"></script>
<script>
  window.dataLayer = window.dataLayer || [];
  function gtag(){dataLayer.push(arguments);}
  gtag('js', new Date());

  gtag('config', 'UA-26211653-1');
</script>
<!-- End Google Analytics -->
<!-- Venatus Ad Manager - Install in <HEAD> of page -->
	<script src="https://hb.vntsm.com/v3/live/ad-manager.min.js" type="text/javascript" data-site-id="642aba63ec9a7b11c3c9c1be" data-mode="scan" async></script>
<!-- / Venatus Ad Manager -->

<style>
	@media (max-width:820px) {
		.battle {
			margin: 0 auto;
		}
		.battle-log {
			margin: 7px auto 0;
			max-width: 640px;
			height: 300px;
			position: static;
		}
	}
	.optgroup {
		display: inline-block;
		line-height: 22px;
		font-size: 10pt;
	}
	.optgroup .button {
		height: 25px;
		padding-top: 0;
		padding-bottom: 0;
	}
	.optgroup button.button {
		padding-left: 12px;
		padding-right: 12px;
	}
	.linklist {
		list-style: none;
		margin: 0.5em 0;
		padding: 0;
	}
	.linklist li {
		padding: 2px 0;
	}
	.sidebar {
		float: left;
		width: 320px;
	}
	.bar-wrapper {
		max-width: 1100px;
		margin: 0 auto;
	}
	.bar-wrapper.has-sidebar {
		max-width: 1430px;
	}
	.mainbar {
		margin: 0;
		padding-right: 1px;
	}
	.mainbar.has-sidebar {
		margin-left: 330px;
	}
	@media (min-width: 1511px) {
		.sidebar {
			width: 400px;
		}
		.bar-wrapper.has-sidebar {
			max-width: 1510px;
		}
		.mainbar.has-sidebar {
			margin-left: 410px;
		}
	}
	.section.first-section {
		margin-top: 9px;
	}
	.blocklink small {
		white-space: normal;
	}
	.button {
		vertical-align: middle;
	}
	.replay-controls {
		padding-top: 10px;
	}
	.replay-controls h1 {
		font-size: 16pt;
		font-weight: normal;
		color: #CCC;
	}
	.pagelink {
		text-align: center;
	}
	.pagelink a {
		width: 150px;
	}
	.textbox, .button {
		font-size: 11pt;
		vertical-align: middle;
	}
	@media (max-width: 450px) {
		.button {
			font-size: 9pt;
		}
	}
</style>

<div>

	<header>
		<div class="nav-wrapper"><ul class="nav">
			<li><a class="button nav-first" href="//pokemonshowdown.com/"><img src="//pokemonshowdown.com/images/pokemonshowdownbeta.png" srcset="//pokemonshowdown.com/images/pokemonshowdownbeta.png 1x, //pokemonshowdown.com/images/pokemonshowdownbeta@2x.png 2x" alt="Pok&eacute;mon Showdown" width="146" height="44" /> Home</a></li>
			<li><a class="button" href="//pokemonshowdown.com/dex/">Pok&eacute;dex</a></li>
			<li><a class="button cur" href="/">Replays</a></li>
			<li><a class="button" href="//pokemonshowdown.com/ladder/">Ladder</a></li>
			<li><a class="button nav-last" href="//pokemonshowdown.com/forums/">Forum</a></li>
			<li><a class="button greenbutton nav-first nav-last" href="//play.pokemonshowdown.com/">Play</a></li>
		</ul></div>
	</header>

	<div class="main" id="main">

		<noscript><section class="section">You need to enable JavaScript to use this page; sorry!</section></noscript>

	</div>

</div>

<script defer nomodule src="//play.pokemonshowdown.com/js/lib/ps-polyfill.js"></script>
<script defer src="//play.pokemonshowdown.com/js/lib/preact.min.js"></script>

<script defer src="//play.pokemonshowdown.com/config/config.js?2bddbc15"></script>
<script defer src="//play.pokemonshowdown.com/js/lib/jquery-1.11.0.min.js"></script>
<script defer src="//play.pokemonshowdown.com/js/lib/html-sanitizer-minified.js"></script>
<script defer src="//play.pokemonshowdown.com/js/battle-sound.js"></script>
<script defer src="//play.pokemonshowdown.com/js/battledata.js?0.7209276989879541"></script>
<script defer src="//play.pokemonshowdown.com/data/pokedex-mini.js?0.6111056340867951"></script>
<script defer src="//play.pokemonshowdown.com/data/pokedex-mini-bw.js?0.3532142036491459"></script>
<script defer src="//play.pokemonshowdown.com/data/graphics.js?0.24223875632456182"></script>
<script defer src="//play.pokemonshowdown.com/data/pokedex.js?0.38839984266356864"></script>
<script defer src="//play.pokemonshowdown.com/data/moves.js?0.21866028504024015"></script>
<script defer src="//play.pokemonshowdown.com/data/abilities.js?0.2005157953846628"></script>
<script defer src="//play.pokemonshowdown.com/data/items.js?0.9894211263848525"></script>
<script defer src="//play.pokemonshowdown.com/data/teambuilder-tables.js?0.6008791140282215"></script>
<script defer src="//play.pokemonshowdown.com/js/battle-tooltips.js?0.7580118955022959"></script>
<script defer src="//play.pokemonshowdown.com/js/battle.js?0.6057722274234274"></script>

<script defer src="js/utils.js?e31f9a17"></script>
<script defer src="js/replays-battle.js?7008c182"></script>

<!-- don't scrape this data! just add .json or .log after the URL!
Full API docs: https://github.com/smogon/pokemon-showdown-client/blob/master/WEB-API.md -->
<script type="text/plain" class="log" id="replaylog-smogtours-gen3ou-801421">
|inactive|Battle timer is ON: inactive players will automatically lose when time's up.
|t:|1729717349
|gametype|singles
|player|p1|salmonlad|265|
|player|p2|almarkowbender|102|
|teamsize|p1|6
|teamsize|p2|6
|gen|3
|tier|[Gen 3] OU
|rule|Sleep Clause Mod: Limit one foe put to sleep
|rule|Switch Priority Clause Mod: Faster Pokémon switch first
|rule|Species Clause: Limit one of each Pokémon
|rule|OHKO Clause: OHKO moves are banned
|rule|Evasion Items Clause: Evasion items are banned
|rule|Evasion Moves Clause: Evasion moves are banned
|rule|Endless Battle Clause: Forcing endless battles is banned
|rule|HP Percentage Mod: HP is shown in percentages
|rule|One Boost Passer Clause: Limit one Baton Passer that has a way to boost its stats
|rule|Freeze Clause Mod: Limit one foe frozen
|
|t:|1729717349
|start
|switch|p1a: Zanna|Zapdos|100/100
|switch|p2a: Metagross|Metagross|100/100
|turn|1
|c|☆salmonlad|glhf
|
|t:|1729717363
|switch|p2a: Celebi|Celebi|100/100
|move|p1a: Zanna|Thunderbolt|p2a: Celebi
|-resisted|p2a: Celebi
|-damage|p2a: Celebi|78/100
|-status|p2a: Celebi|par
|
|-heal|p2a: Celebi|85/100 par|[from] item: Leftovers
|upkeep
|turn|2
|c|☆almarkowbender|u 2 
|
|t:|1729717368
|move|p1a: Zanna|Substitute|p1a: Zanna
|-start|p1a: Zanna|Substitute
|-damage|p1a: Zanna|76/100
|cant|p2a: Celebi|par
|
|-heal|p1a: Zanna|82/100|[from] item: Leftovers
|-heal|p2a: Celebi|91/100 par|[from] item: Leftovers
|upkeep
|turn|3
|
|t:|1729717380
|move|p1a: Zanna|Baton Pass|p1a: Zanna
|
|t:|1729717383
|switch|p1a: Dominio|Dugtrio, M|100/100|[from] Baton Pass
|move|p2a: Celebi|Baton Pass|p2a: Celebi
|
|t:|1729717411
|-curestatus|p2a: Celebi|par|[from] ability: Natural Cure
|switch|p2a: Superconductor|Magneton|100/100|[from] Baton Pass
|
|upkeep
|turn|4
|
|t:|1729717424
|switch|p1a: Zanna|Zapdos|82/100
|move|p2a: Superconductor|Endure||[still]
|-fail|p2a: Superconductor
|
|-heal|p1a: Zanna|88/100|[from] item: Leftovers
|upkeep
|turn|5
|
|t:|1729717434
|switch|p1a: Dominio|Dugtrio, M|100/100
|move|p2a: Superconductor|Thunderbolt|p1a: Dominio
|-immune|p1a: Dominio
|
|upkeep
|turn|6
|
|t:|1729717447
|move|p2a: Superconductor|Endure|p2a: Superconductor
|-singleturn|p2a: Superconductor|move: Endure
|move|p1a: Dominio|Earthquake|p2a: Superconductor
|-supereffective|p2a: Superconductor
|-activate|p2a: Superconductor|move: Endure
|-damage|p2a: Superconductor|1/100
|
|-enditem|p2a: Superconductor|Salac Berry|[eat]
|-boost|p2a: Superconductor|spe|1|[from] item: Salac Berry
|upkeep
|turn|7
|
|t:|1729717451
|move|p2a: Superconductor|Hidden Power|p1a: Dominio
|-supereffective|p1a: Dominio
|-damage|p1a: Dominio|11/100
|move|p1a: Dominio|Earthquake|p2a: Superconductor
|-supereffective|p2a: Superconductor
|-damage|p2a: Superconductor|0 fnt
|faint|p2a: Superconductor
|
|t:|1729717460
|switch|p2a: Celebi|Celebi|91/100
|
|-heal|p2a: Celebi|97/100|[from] item: Leftovers
|upkeep
|turn|8
|
|t:|1729717488
|switch|p1a: Morigeratezza|Metagross|100/100
|move|p2a: Celebi|Leech Seed|p1a: Morigeratezza
|-start|p1a: Morigeratezza|move: Leech Seed
|
|-heal|p2a: Celebi|100/100|[from] item: Leftovers
|-damage|p1a: Morigeratezza|88/100|[from] Leech Seed|[of] p2a: Celebi
|upkeep
|turn|9
|
|t:|1729717492
|switch|p1a: Zanna|Zapdos|88/100
|move|p2a: Celebi|Substitute|p2a: Celebi
|-start|p2a: Celebi|Substitute
|-damage|p2a: Celebi|75/100
|
|-heal|p1a: Zanna|94/100|[from] item: Leftovers
|-heal|p2a: Celebi|82/100|[from] item: Leftovers
|upkeep
|turn|10
|
|t:|1729717499
|move|p1a: Zanna|Substitute|p1a: Zanna
|-start|p1a: Zanna|Substitute
|-damage|p1a: Zanna|69/100
|move|p2a: Celebi|Leech Seed||[still]
|-fail|p2a: Celebi
|
|-heal|p2a: Celebi|88/100|[from] item: Leftovers
|-heal|p1a: Zanna|76/100|[from] item: Leftovers
|upkeep
|turn|11
|
|t:|1729717504
|move|p1a: Zanna|Thunderbolt|p2a: Celebi
|-resisted|p2a: Celebi
|-activate|p2a: Celebi|Substitute|[damage]
|move|p2a: Celebi|Psychic|p1a: Zanna
|-end|p1a: Zanna|Substitute
|
|-heal|p1a: Zanna|82/100|[from] item: Leftovers
|-heal|p2a: Celebi|94/100|[from] item: Leftovers
|upkeep
|turn|12
|
|t:|1729717511
|move|p1a: Zanna|Thunderbolt|p2a: Celebi
|-resisted|p2a: Celebi
|-end|p2a: Celebi|Substitute
|move|p2a: Celebi|Leech Seed|p1a: Zanna
|-start|p1a: Zanna|move: Leech Seed
|
|-heal|p2a: Celebi|99/100|[from] item: Leftovers
|-heal|p1a: Zanna|88/100|[from] item: Leftovers
|-damage|p1a: Zanna|76/100|[from] Leech Seed|[of] p2a: Celebi
|-heal|p2a: Celebi|100/100|[silent]
|upkeep
|turn|13
|
|t:|1729717518
|switch|p1a: Morigeratezza|Metagross|88/100
|move|p2a: Celebi|Substitute|p2a: Celebi
|-start|p2a: Celebi|Substitute
|-damage|p2a: Celebi|75/100
|
|-heal|p2a: Celebi|82/100|[from] item: Leftovers
|-heal|p1a: Morigeratezza|94/100|[from] item: Leftovers
|upkeep
|turn|14
|
|t:|1729717547
|move|p2a: Celebi|Leech Seed|p1a: Morigeratezza
|-start|p1a: Morigeratezza|move: Leech Seed
|move|p1a: Morigeratezza|Meteor Mash|p2a: Celebi
|-end|p2a: Celebi|Substitute
|
|-heal|p2a: Celebi|88/100|[from] item: Leftovers
|-heal|p1a: Morigeratezza|99/100|[from] item: Leftovers
|-damage|p1a: Morigeratezza|88/100|[from] Leech Seed|[of] p2a: Celebi
|-heal|p2a: Celebi|99/100|[silent]
|upkeep
|turn|15
|
|t:|1729717558
|move|p2a: Celebi|Substitute|p2a: Celebi
|-start|p2a: Celebi|Substitute
|-damage|p2a: Celebi|74/100
|move|p1a: Morigeratezza|Meteor Mash|p2a: Celebi
|-end|p2a: Celebi|Substitute
|
|-heal|p2a: Celebi|80/100|[from] item: Leftovers
|-heal|p1a: Morigeratezza|94/100|[from] item: Leftovers
|-damage|p1a: Morigeratezza|82/100|[from] Leech Seed|[of] p2a: Celebi
|-heal|p2a: Celebi|91/100|[silent]
|upkeep
|turn|16
|
|t:|1729717563
|move|p2a: Celebi|Substitute|p2a: Celebi
|-start|p2a: Celebi|Substitute
|-damage|p2a: Celebi|66/100
|move|p1a: Morigeratezza|Meteor Mash|p2a: Celebi
|-end|p2a: Celebi|Substitute
|
|-heal|p2a: Celebi|73/100|[from] item: Leftovers
|-heal|p1a: Morigeratezza|88/100|[from] item: Leftovers
|-damage|p1a: Morigeratezza|75/100|[from] Leech Seed|[of] p2a: Celebi
|-heal|p2a: Celebi|84/100|[silent]
|upkeep
|turn|17
|
|t:|1729717567
|move|p2a: Celebi|Substitute|p2a: Celebi
|-start|p2a: Celebi|Substitute
|-damage|p2a: Celebi|59/100
|move|p1a: Morigeratezza|Meteor Mash|p2a: Celebi|[miss]
|-miss|p1a: Morigeratezza|p2a: Celebi
|
|-heal|p2a: Celebi|65/100|[from] item: Leftovers
|-heal|p1a: Morigeratezza|81/100|[from] item: Leftovers
|-damage|p1a: Morigeratezza|69/100|[from] Leech Seed|[of] p2a: Celebi
|-heal|p2a: Celebi|76/100|[silent]
|upkeep
|turn|18
|
|t:|1729717573
|move|p2a: Celebi|Psychic|p1a: Morigeratezza
|-resisted|p1a: Morigeratezza
|-damage|p1a: Morigeratezza|61/100
|move|p1a: Morigeratezza|Meteor Mash|p2a: Celebi
|-end|p2a: Celebi|Substitute
|
|-heal|p2a: Celebi|82/100|[from] item: Leftovers
|-heal|p1a: Morigeratezza|68/100|[from] item: Leftovers
|-damage|p1a: Morigeratezza|55/100|[from] Leech Seed|[of] p2a: Celebi
|-heal|p2a: Celebi|93/100|[silent]
|upkeep
|turn|19
|
|t:|1729717578
|move|p2a: Celebi|Substitute|p2a: Celebi
|-start|p2a: Celebi|Substitute
|-damage|p2a: Celebi|68/100
|move|p1a: Morigeratezza|Explosion|p2a: Celebi
|-end|p2a: Celebi|Substitute
|faint|p1a: Morigeratezza
|
|t:|1729717581
|switch|p1a: Dominio|Dugtrio, M|11/100
|
|-heal|p2a: Celebi|75/100|[from] item: Leftovers
|upkeep
|turn|20
|
|t:|1729717586
|move|p1a: Dominio|Hidden Power|p2a: Celebi
|-supereffective|p2a: Celebi
|-damage|p2a: Celebi|0 fnt
|faint|p2a: Celebi
|
|t:|1729717594
|switch|p2a: Salamence|Salamence, M|100/100
|-ability|p2a: Salamence|Intimidate|boost
|-unboost|p1a: Dominio|atk|1
|
|upkeep
|turn|21
|
|t:|1729717616
|switch|p1a: Soluzione|Suicune|100/100
|move|p2a: Salamence|Dragon Dance|p2a: Salamence
|-boost|p2a: Salamence|atk|1
|-boost|p2a: Salamence|spe|1
|
|upkeep
|turn|22
|
|t:|1729717621
|move|p2a: Salamence|Hidden Power|p1a: Soluzione
|-damage|p1a: Soluzione|48/100
|move|p1a: Soluzione|Ice Beam|p2a: Salamence
|-supereffective|p2a: Salamence
|-damage|p2a: Salamence|0 fnt
|faint|p2a: Salamence
|
|t:|1729717626
|switch|p2a: Metagross|Metagross|100/100
|
|-heal|p1a: Soluzione|54/100|[from] item: Leftovers
|upkeep
|turn|23
|
|t:|1729717632
|move|p1a: Soluzione|Surf|p2a: Metagross
|-damage|p2a: Metagross|53/100
|move|p2a: Metagross|Meteor Mash|p1a: Soluzione
|-resisted|p1a: Soluzione
|-damage|p1a: Soluzione|16/100
|-boost|p2a: Metagross|atk|1
|
|-heal|p1a: Soluzione|22/100|[from] item: Leftovers
|upkeep
|turn|24
|
|t:|1729717636
|move|p1a: Soluzione|Surf|p2a: Metagross
|-damage|p2a: Metagross|6/100
|move|p2a: Metagross|Meteor Mash|p1a: Soluzione
|-resisted|p1a: Soluzione
|-crit|p1a: Soluzione
|-damage|p1a: Soluzione|0 fnt
|faint|p1a: Soluzione
|
|t:|1729717640
|switch|p1a: Dominio|Dugtrio, M|11/100
|
|upkeep
|turn|25
|
|t:|1729717647
|move|p1a: Dominio|Earthquake|p2a: Metagross
|-supereffective|p2a: Metagross
|-damage|p2a: Metagross|0 fnt
|faint|p2a: Metagross
|
|t:|1729717651
|switch|p2a: Gyarados|Gyarados, F|100/100
|-ability|p2a: Gyarados|Intimidate|boost
|-unboost|p1a: Dominio|atk|1
|
|upkeep
|turn|26
|
|t:|1729717668
|switch|p1a: Zanna|Zapdos|76/100
|move|p2a: Gyarados|Dragon Dance|p2a: Gyarados
|-boost|p2a: Gyarados|atk|1
|-boost|p2a: Gyarados|spe|1
|
|-heal|p1a: Zanna|82/100|[from] item: Leftovers
|upkeep
|turn|27
|
|t:|1729717673
|move|p2a: Gyarados|Double-Edge|p1a: Zanna
|-crit|p1a: Zanna
|-damage|p1a: Zanna|0 fnt
|-damage|p2a: Gyarados|75/100|[from] Recoil|[of] p1a: Zanna
|faint|p1a: Zanna
|
|t:|1729717695
|switch|p1a: Risoluzione|Raikou|100/100
|
|-heal|p2a: Gyarados|81/100|[from] item: Leftovers
|upkeep
|turn|28
|
|t:|1729717698
|move|p2a: Gyarados|Earthquake|p1a: Risoluzione
|-supereffective|p1a: Risoluzione
|-crit|p1a: Risoluzione
|-damage|p1a: Risoluzione|0 fnt
|faint|p1a: Risoluzione
|
|t:|1729717700
|switch|p1a: Alterazione|Ludicolo, F|100/100
|
|-heal|p2a: Gyarados|87/100|[from] item: Leftovers
|upkeep
|turn|29
|
|t:|1729717710
|move|p2a: Gyarados|Hidden Power|p1a: Alterazione
|-supereffective|p1a: Alterazione
|-damage|p1a: Alterazione|0 fnt
|faint|p1a: Alterazione
|
|t:|1729717712
|switch|p1a: Dominio|Dugtrio, M|11/100
|
|-heal|p2a: Gyarados|93/100|[from] item: Leftovers
|upkeep
|turn|30
|
|t:|1729717714
|move|p2a: Gyarados|Hidden Power|p1a: Dominio
|-damage|p1a: Dominio|0 fnt
|faint|p1a: Dominio
|
|win|almarkowbender
|c|☆salmonlad|gg
|c|☆almarkowbender|gg

</script>
<script type="application/json" class="data" id="replaydata-smogtours-gen3ou-801421">
{"id":"smogtours-gen3ou-801421","format":"[Gen 3] OU","players":["salmonlad","almarkowbender"],"uploadtime":1729717714,"views":85,"formatid":"gen3ou","rating":null,"private":0,"password":null}
</script>

<script defer src="js/replays.js?9d40a366"></script>
