<!DOCTYPE html>
<meta charset="utf-8" />
<meta name="viewport" content="width=device-width" />

<title>[Gen 3] OU: gooball99 vs. cyberas - Replays - Pok&eacute;mon Showdown!</title>

<meta name="description" content="Watch a replay of a Pok&eacute;mon battle between gooball99 and cyberas! Format: [Gen 3] OU; Date: Oct 25, 2024" />
<!--

Hey, you! Looking in the source for the replay log?

You can find them in JSON format, just add `.json` at the end of a replay URL.

https://replay.pokemonshowdown.com/gen7randomdoublesbattle-865046831.json

Or, if you only need the log itself, add `.log` instead:

https://replay.pokemonshowdown.com/gen7randomdoublesbattle-865046831.log

-->

<link rel="stylesheet" href="//pokemonshowdown.com/style/global.css?0.023195364461161105" />
<link rel="stylesheet" href="//play.pokemonshowdown.com/style/font-awesome.css?0.13261647063804238" />
<link rel="stylesheet" href="//play.pokemonshowdown.com/style/battle.css?0.8753245789963631" />
<link rel="stylesheet" href="//play.pokemonshowdown.com/style/utilichart.css?0.8627959624976733" />

<!-- Global site tag (gtag.js) - Google Analytics -->
<script async src="https://www.googletagmanager.com/gtag/js?id=UA-26211653-1"></script>
<script>
  window.dataLayer = window.dataLayer || [];
  function gtag(){dataLayer.push(arguments);}
  gtag('js', new Date());

  gtag('config', 'UA-26211653-1');
</script>
<!-- End Google Analytics -->
<!-- Venatus Ad Manager - Install in <HEAD> of page -->
	<script src="https://hb.vntsm.com/v3/live/ad-manager.min.js" type="text/javascript" data-site-id="642aba63ec9a7b11c3c9c1be" data-mode="scan" async></script>
<!-- / Venatus Ad Manager -->

<style>
	@media (max-width:820px) {
		.battle {
			margin: 0 auto;
		}
		.battle-log {
			margin: 7px auto 0;
			max-width: 640px;
			height: 300px;
			position: static;
		}
	}
	.optgroup {
		display: inline-block;
		line-height: 22px;
		font-size: 10pt;
	}
	.optgroup .button {
		height: 25px;
		padding-top: 0;
		padding-bottom: 0;
	}
	.optgroup button.button {
		padding-left: 12px;
		padding-right: 12px;
	}
	.linklist {
		list-style: none;
		margin: 0.5em 0;
		padding: 0;
	}
	.linklist li {
		padding: 2px 0;
	}
	.sidebar {
		float: left;
		width: 320px;
	}
	.bar-wrapper {
		max-width: 1100px;
		margin: 0 auto;
	}
	.bar-wrapper.has-sidebar {
		max-width: 1430px;
	}
	.mainbar {
		margin: 0;
		padding-right: 1px;
	}
	.mainbar.has-sidebar {
		margin-left: 330px;
	}
	@media (min-width: 1511px) {
		.sidebar {
			width: 400px;
		}
		.bar-wrapper.has-sidebar {
			max-width: 1510px;
		}
		.mainbar.has-sidebar {
			margin-left: 410px;
		}
	}
	.section.first-section {
		margin-top: 9px;
	}
	.blocklink small {
		white-space: normal;
	}
	.button {
		vertical-align: middle;
	}
	.replay-controls {
		padding-top: 10px;
	}
	.replay-controls h1 {
		font-size: 16pt;
		font-weight: normal;
		color: #CCC;
	}
	.pagelink {
		text-align: center;
	}
	.pagelink a {
		width: 150px;
	}
	.textbox, .button {
		font-size: 11pt;
		vertical-align: middle;
	}
	@media (max-width: 450px) {
		.button {
			font-size: 9pt;
		}
	}
</style>

<div>

	<header>
		<div class="nav-wrapper"><ul class="nav">
			<li><a class="button nav-first" href="//pokemonshowdown.com/"><img src="//pokemonshowdown.com/images/pokemonshowdownbeta.png" srcset="//pokemonshowdown.com/images/pokemonshowdownbeta.png 1x, //pokemonshowdown.com/images/pokemonshowdownbeta@2x.png 2x" alt="Pok&eacute;mon Showdown" width="146" height="44" /> Home</a></li>
			<li><a class="button" href="//pokemonshowdown.com/dex/">Pok&eacute;dex</a></li>
			<li><a class="button cur" href="/">Replays</a></li>
			<li><a class="button" href="//pokemonshowdown.com/ladder/">Ladder</a></li>
			<li><a class="button nav-last" href="//pokemonshowdown.com/forums/">Forum</a></li>
			<li><a class="button greenbutton nav-first nav-last" href="//play.pokemonshowdown.com/">Play</a></li>
		</ul></div>
	</header>

	<div class="main" id="main">

		<noscript><section class="section">You need to enable JavaScript to use this page; sorry!</section></noscript>

	</div>

</div>

<script defer nomodule src="//play.pokemonshowdown.com/js/lib/ps-polyfill.js"></script>
<script defer src="//play.pokemonshowdown.com/js/lib/preact.min.js"></script>

<script defer src="//play.pokemonshowdown.com/config/config.js?2bddbc15"></script>
<script defer src="//play.pokemonshowdown.com/js/lib/jquery-1.11.0.min.js"></script>
<script defer src="//play.pokemonshowdown.com/js/lib/html-sanitizer-minified.js"></script>
<script defer src="//play.pokemonshowdown.com/js/battle-sound.js"></script>
<script defer src="//play.pokemonshowdown.com/js/battledata.js?0.7209276989879541"></script>
<script defer src="//play.pokemonshowdown.com/data/pokedex-mini.js?0.6111056340867951"></script>
<script defer src="//play.pokemonshowdown.com/data/pokedex-mini-bw.js?0.3532142036491459"></script>
<script defer src="//play.pokemonshowdown.com/data/graphics.js?0.24223875632456182"></script>
<script defer src="//play.pokemonshowdown.com/data/pokedex.js?0.38839984266356864"></script>
<script defer src="//play.pokemonshowdown.com/data/moves.js?0.21866028504024015"></script>
<script defer src="//play.pokemonshowdown.com/data/abilities.js?0.2005157953846628"></script>
<script defer src="//play.pokemonshowdown.com/data/items.js?0.9894211263848525"></script>
<script defer src="//play.pokemonshowdown.com/data/teambuilder-tables.js?0.6008791140282215"></script>
<script defer src="//play.pokemonshowdown.com/js/battle-tooltips.js?0.7580118955022959"></script>
<script defer src="//play.pokemonshowdown.com/js/battle.js?0.6057722274234274"></script>

<script defer src="js/utils.js?e31f9a17"></script>
<script defer src="js/replays-battle.js?7008c182"></script>

<!-- don't scrape this data! just add .json or .log after the URL!
Full API docs: https://github.com/smogon/pokemon-showdown-client/blob/master/WEB-API.md -->
<script type="text/plain" class="log" id="replaylog-smogtours-gen3ou-801972">
|inactive|Battle timer is ON: inactive players will automatically lose when time's up.
|t:|1729898142
|gametype|singles
|player|p1|gooball99|265|
|player|p2|cyberas|170|
|teamsize|p1|6
|teamsize|p2|6
|gen|3
|tier|[Gen 3] OU
|rule|Sleep Clause Mod: Limit one foe put to sleep
|rule|Switch Priority Clause Mod: Faster Pokémon switch first
|rule|Species Clause: Limit one of each Pokémon
|rule|OHKO Clause: OHKO moves are banned
|rule|Evasion Items Clause: Evasion items are banned
|rule|Evasion Moves Clause: Evasion moves are banned
|rule|Endless Battle Clause: Forcing endless battles is banned
|rule|HP Percentage Mod: HP is shown in percentages
|rule|One Boost Passer Clause: Limit one Baton Passer that has a way to boost its stats
|rule|Freeze Clause Mod: Limit one foe frozen
|
|t:|1729898142
|start
|switch|p1a: Breloom|Breloom, M|100/100
|switch|p2a: Tyranitar|Tyranitar, F|100/100
|-weather|Sandstorm|[from] ability: Sand Stream|[of] p2a: Tyranitar
|turn|1
|c|☆cyberas|hf
|c|☆gooball99|you too!
|
|t:|1729898167
|-singleturn|p1a: Breloom|move: Focus Punch
|switch|p2a: Skarmory|Skarmory, F|100/100
|move|p1a: Breloom|Focus Punch|p2a: Skarmory
|-crit|p2a: Skarmory
|-damage|p2a: Skarmory|0 fnt
|faint|p2a: Skarmory
|
|t:|1729898172
|switch|p2a: Celebi|Celebi|100/100
|
|-weather|Sandstorm|[upkeep]
|-damage|p1a: Breloom|94/100|[from] Sandstorm
|-damage|p2a: Celebi|94/100|[from] Sandstorm
|-heal|p1a: Breloom|100/100|[from] item: Leftovers
|-heal|p2a: Celebi|100/100|[from] item: Leftovers
|upkeep
|turn|2
|
|t:|1729898181
|switch|p1a: Skarmory|Skarmory, F|100/100
|move|p2a: Celebi|Leech Seed|p1a: Skarmory
|-start|p1a: Skarmory|move: Leech Seed
|
|-weather|Sandstorm|[upkeep]
|-damage|p2a: Celebi|94/100|[from] Sandstorm
|-heal|p2a: Celebi|100/100|[from] item: Leftovers
|-damage|p1a: Skarmory|88/100|[from] Leech Seed|[of] p2a: Celebi
|upkeep
|turn|3
|
|t:|1729898189
|move|p2a: Celebi|Hidden Power|p1a: Skarmory
|-supereffective|p1a: Skarmory
|-damage|p1a: Skarmory|46/100
|move|p1a: Skarmory|Thief|p2a: Celebi
|-supereffective|p2a: Celebi
|-damage|p2a: Celebi|94/100
|-enditem|p2a: Celebi|Leftovers|[silent]|[from] move: Thief|[of] p1a: Skarmory
|-item|p1a: Skarmory|Leftovers|[from] move: Thief|[of] p2a: Celebi
|
|-weather|Sandstorm|[upkeep]
|-damage|p2a: Celebi|87/100|[from] Sandstorm
|-heal|p1a: Skarmory|52/100|[from] item: Leftovers
|-damage|p1a: Skarmory|40/100|[from] Leech Seed|[of] p2a: Celebi
|-heal|p2a: Celebi|98/100|[silent]
|upkeep
|turn|4
|
|t:|1729898209
|switch|p1a: Blissey|Blissey, F|100/100
|move|p2a: Celebi|Leech Seed|p1a: Blissey|[miss]
|-miss|p2a: Celebi|p1a: Blissey
|
|-weather|Sandstorm|[upkeep]
|-damage|p2a: Celebi|92/100|[from] Sandstorm
|-damage|p1a: Blissey|94/100|[from] Sandstorm
|-heal|p1a: Blissey|100/100|[from] item: Leftovers
|upkeep
|turn|5
|inactive|cyberas has 270 seconds left.
|inactive|cyberas has 240 seconds left.
|
|t:|1729898272
|switch|p2a: Tyranitar|Tyranitar, F|100/100
|switch|p1a: Breloom|Breloom, M|100/100
|
|-weather|Sandstorm|[upkeep]
|-damage|p1a: Breloom|94/100|[from] Sandstorm
|-heal|p1a: Breloom|100/100|[from] item: Leftovers
|upkeep
|turn|6
|
|t:|1729898280
|switch|p2a: Celebi|Celebi|92/100
|move|p1a: Breloom|Spore|p2a: Celebi
|-status|p2a: Celebi|slp|[from] move: Spore
|
|-weather|Sandstorm|[upkeep]
|-damage|p1a: Breloom|94/100|[from] Sandstorm
|-damage|p2a: Celebi|86/100 slp|[from] Sandstorm
|-heal|p1a: Breloom|100/100|[from] item: Leftovers
|upkeep
|turn|7
|inactive|cyberas has 240 seconds left.
|
|t:|1729898303
|-curestatus|p2a: Celebi|slp|[from] ability: Natural Cure
|switch|p2a: Swampert|Swampert, F|100/100
|move|p1a: Breloom|Hidden Power|p2a: Swampert
|-damage|p2a: Swampert|79/100
|
|-weather|Sandstorm|[upkeep]
|-damage|p1a: Breloom|94/100|[from] Sandstorm
|-heal|p1a: Breloom|100/100|[from] item: Leftovers
|-heal|p2a: Swampert|85/100|[from] item: Leftovers
|upkeep
|turn|8
|inactive|cyberas has 240 seconds left.
|
|t:|1729898315
|switch|p1a: Suicune|Suicune|100/100
|move|p2a: Swampert|Ice Beam|p1a: Suicune
|-resisted|p1a: Suicune
|-damage|p1a: Suicune|91/100
|-status|p1a: Suicune|frz
|
|-weather|Sandstorm|[upkeep]
|-damage|p1a: Suicune|85/100 frz|[from] Sandstorm
|-heal|p1a: Suicune|91/100 frz|[from] item: Leftovers
|-heal|p2a: Swampert|91/100|[from] item: Leftovers
|upkeep
|turn|9
|inactive|cyberas has 240 seconds left.
|
|t:|1729898330
|switch|p2a: Celebi|Celebi|86/100
|cant|p1a: Suicune|frz
|
|-weather|Sandstorm|[upkeep]
|-damage|p2a: Celebi|79/100|[from] Sandstorm
|-damage|p1a: Suicune|85/100 frz|[from] Sandstorm
|-heal|p1a: Suicune|91/100 frz|[from] item: Leftovers
|upkeep
|turn|10
|
|t:|1729898339
|switch|p1a: Blissey|Blissey, F|100/100
|move|p2a: Celebi|Leech Seed|p1a: Blissey
|-start|p1a: Blissey|move: Leech Seed
|
|-weather|Sandstorm|[upkeep]
|-damage|p2a: Celebi|73/100|[from] Sandstorm
|-damage|p1a: Blissey|94/100|[from] Sandstorm
|-heal|p1a: Blissey|100/100|[from] item: Leftovers
|-damage|p1a: Blissey|88/100|[from] Leech Seed|[of] p2a: Celebi
|-heal|p2a: Celebi|94/100|[silent]
|upkeep
|turn|11
|inactive|cyberas has 240 seconds left.
|
|t:|1729898376
|switch|p2a: Jirachi|Jirachi|100/100
|move|p1a: Blissey|Ice Beam|p2a: Jirachi
|-resisted|p2a: Jirachi
|-damage|p2a: Jirachi|90/100
|
|-weather|Sandstorm|[upkeep]
|-damage|p1a: Blissey|82/100|[from] Sandstorm
|-heal|p2a: Jirachi|96/100|[from] item: Leftovers
|-heal|p1a: Blissey|88/100|[from] item: Leftovers
|-damage|p1a: Blissey|76/100|[from] Leech Seed|[of] p2a: Jirachi
|-heal|p2a: Jirachi|100/100|[silent]
|upkeep
|turn|12
|
|t:|1729898387
|switch|p1a: Skarmory|Skarmory, F|40/100
|move|p2a: Jirachi|Substitute|p2a: Jirachi
|-start|p2a: Jirachi|Substitute
|-damage|p2a: Jirachi|75/100
|
|-weather|Sandstorm|[upkeep]
|-heal|p2a: Jirachi|82/100|[from] item: Leftovers
|-heal|p1a: Skarmory|46/100|[from] item: Leftovers
|upkeep
|turn|13
|inactive|cyberas has 240 seconds left.
|
|t:|1729898400
|switch|p1a: Tyranitar|Tyranitar, F|100/100
|move|p2a: Jirachi|Thunderbolt|p1a: Tyranitar
|-damage|p1a: Tyranitar|73/100
|
|-weather|Sandstorm|[upkeep]
|-heal|p2a: Jirachi|88/100|[from] item: Leftovers
|upkeep
|turn|14
|
|t:|1729898408
|move|p2a: Jirachi|Hidden Power|p1a: Tyranitar
|-supereffective|p1a: Tyranitar
|-damage|p1a: Tyranitar|35/100
|move|p1a: Tyranitar|Earthquake|p2a: Jirachi
|-supereffective|p2a: Jirachi
|-end|p2a: Jirachi|Substitute
|
|-weather|Sandstorm|[upkeep]
|-heal|p2a: Jirachi|94/100|[from] item: Leftovers
|upkeep
|turn|15
|
|t:|1729898420
|move|p2a: Jirachi|Hidden Power|p1a: Tyranitar
|-supereffective|p1a: Tyranitar
|-damage|p1a: Tyranitar|0 fnt
|faint|p1a: Tyranitar
|
|t:|1729898426
|switch|p1a: Breloom|Breloom, M|100/100
|
|-weather|Sandstorm|[upkeep]
|-damage|p1a: Breloom|94/100|[from] Sandstorm
|-heal|p2a: Jirachi|99/100|[from] item: Leftovers
|-heal|p1a: Breloom|100/100|[from] item: Leftovers
|upkeep
|turn|16
|
|t:|1729898439
|move|p2a: Jirachi|Substitute|p2a: Jirachi
|-start|p2a: Jirachi|Substitute
|-damage|p2a: Jirachi|75/100
|move|p1a: Breloom|Spore||[still]
|-fail|p1a: Breloom
|
|-weather|Sandstorm|[upkeep]
|-damage|p1a: Breloom|94/100|[from] Sandstorm
|-heal|p2a: Jirachi|81/100|[from] item: Leftovers
|-heal|p1a: Breloom|100/100|[from] item: Leftovers
|upkeep
|turn|17
|inactive|cyberas has 270 seconds left.
|
|t:|1729898449
|move|p2a: Jirachi|Calm Mind|p2a: Jirachi
|-boost|p2a: Jirachi|spa|1
|-boost|p2a: Jirachi|spd|1
|move|p1a: Breloom|Hidden Power|p2a: Jirachi
|-activate|p2a: Jirachi|Substitute|[damage]
|
|-weather|Sandstorm|[upkeep]
|-damage|p1a: Breloom|94/100|[from] Sandstorm
|-heal|p2a: Jirachi|88/100|[from] item: Leftovers
|-heal|p1a: Breloom|100/100|[from] item: Leftovers
|upkeep
|turn|18
|
|t:|1729898459
|switch|p1a: Blissey|Blissey, F|76/100
|move|p2a: Jirachi|Calm Mind|p2a: Jirachi
|-boost|p2a: Jirachi|spa|1
|-boost|p2a: Jirachi|spd|1
|
|-weather|Sandstorm|[upkeep]
|-damage|p1a: Blissey|69/100|[from] Sandstorm
|-heal|p2a: Jirachi|94/100|[from] item: Leftovers
|-heal|p1a: Blissey|76/100|[from] item: Leftovers
|upkeep
|turn|19
|
|t:|1729898468
|move|p2a: Jirachi|Calm Mind|p2a: Jirachi
|-boost|p2a: Jirachi|spa|1
|-boost|p2a: Jirachi|spd|1
|move|p1a: Blissey|Calm Mind|p1a: Blissey
|-boost|p1a: Blissey|spa|1
|-boost|p1a: Blissey|spd|1
|
|-weather|Sandstorm|[upkeep]
|-damage|p1a: Blissey|69/100|[from] Sandstorm
|-heal|p2a: Jirachi|99/100|[from] item: Leftovers
|-heal|p1a: Blissey|76/100|[from] item: Leftovers
|upkeep
|turn|20
|
|t:|1729898487
|switch|p2a: Tyranitar|Tyranitar, F|100/100
|move|p1a: Blissey|Calm Mind|p1a: Blissey
|-boost|p1a: Blissey|spa|1
|-boost|p1a: Blissey|spd|1
|
|-weather|Sandstorm|[upkeep]
|-damage|p1a: Blissey|69/100|[from] Sandstorm
|-heal|p1a: Blissey|76/100|[from] item: Leftovers
|upkeep
|turn|21
|
|t:|1729898495
|-singleturn|p2a: Tyranitar|move: Focus Punch
|switch|p1a: Swampert|Swampert, F|100/100
|move|p2a: Tyranitar|Focus Punch|p1a: Swampert
|-damage|p1a: Swampert|64/100
|
|-weather|Sandstorm|[upkeep]
|-heal|p1a: Swampert|70/100|[from] item: Leftovers
|upkeep
|turn|22
|
|t:|1729898505
|switch|p2a: Celebi|Celebi|94/100
|move|p1a: Swampert|Ice Beam|p2a: Celebi
|-supereffective|p2a: Celebi
|-damage|p2a: Celebi|60/100
|
|-weather|Sandstorm|[upkeep]
|-damage|p2a: Celebi|54/100|[from] Sandstorm
|-heal|p1a: Swampert|76/100|[from] item: Leftovers
|upkeep
|turn|23
|
|t:|1729898513
|move|p1a: Swampert|Protect|p1a: Swampert
|-singleturn|p1a: Swampert|Protect
|move|p2a: Celebi|Leech Seed|p1a: Swampert
|-activate|p1a: Swampert|Protect
|
|-weather|Sandstorm|[upkeep]
|-damage|p2a: Celebi|48/100|[from] Sandstorm
|-heal|p1a: Swampert|82/100|[from] item: Leftovers
|upkeep
|turn|24
|
|t:|1729898522
|switch|p1a: Breloom|Breloom, M|100/100
|move|p2a: Celebi|Giga Drain|p1a: Breloom
|-resisted|p1a: Breloom
|-damage|p1a: Breloom|75/100
|-heal|p2a: Celebi|56/100|[from] drain|[of] p1a: Breloom
|
|-weather|Sandstorm|[upkeep]
|-damage|p1a: Breloom|69/100|[from] Sandstorm
|-damage|p2a: Celebi|50/100|[from] Sandstorm
|-heal|p1a: Breloom|75/100|[from] item: Leftovers
|upkeep
|turn|25
|
|t:|1729898532
|move|p1a: Breloom|Spore|p2a: Celebi
|-status|p2a: Celebi|slp|[from] move: Spore
|cant|p2a: Celebi|slp
|
|-weather|Sandstorm|[upkeep]
|-damage|p1a: Breloom|69/100|[from] Sandstorm
|-damage|p2a: Celebi|44/100 slp|[from] Sandstorm
|-heal|p1a: Breloom|75/100|[from] item: Leftovers
|upkeep
|turn|26
|inactive|cyberas has 270 seconds left.
|inactive|cyberas has 240 seconds left.
|inactive|cyberas has 210 seconds left.
|
|t:|1729898624
|-singleturn|p1a: Breloom|move: Focus Punch
|-curestatus|p2a: Celebi|slp|[from] ability: Natural Cure
|switch|p2a: Jirachi|Jirachi|99/100
|move|p1a: Breloom|Focus Punch|p2a: Jirachi
|-damage|p2a: Jirachi|39/100
|
|-weather|Sandstorm|[upkeep]
|-damage|p1a: Breloom|69/100|[from] Sandstorm
|-heal|p2a: Jirachi|45/100|[from] item: Leftovers
|-heal|p1a: Breloom|75/100|[from] item: Leftovers
|upkeep
|turn|27
|
|t:|1729898637
|switch|p2a: Aerodactyl|Aerodactyl, F|100/100
|switch|p1a: Blissey|Blissey, F|76/100
|
|-weather|Sandstorm|[upkeep]
|-damage|p1a: Blissey|69/100|[from] Sandstorm
|-heal|p1a: Blissey|76/100|[from] item: Leftovers
|upkeep
|turn|28
|inactive|cyberas has 210 seconds left.
|
|t:|1729898654
|switch|p1a: Skarmory|Skarmory, F|46/100
|move|p2a: Aerodactyl|Double-Edge|p1a: Skarmory
|-resisted|p1a: Skarmory
|-damage|p1a: Skarmory|25/100
|
|-weather|Sandstorm|[upkeep]
|-heal|p1a: Skarmory|31/100|[from] item: Leftovers
|upkeep
|turn|29
|inactive|cyberas has 210 seconds left.
|
|t:|1729898679
|switch|p2a: Swampert|Swampert, F|91/100
|move|p1a: Skarmory|Toxic|p2a: Swampert
|-status|p2a: Swampert|tox
|
|-weather|Sandstorm|[upkeep]
|-heal|p1a: Skarmory|37/100|[from] item: Leftovers
|-heal|p2a: Swampert|98/100 tox|[from] item: Leftovers
|-damage|p2a: Swampert|91/100 tox|[from] psn
|upkeep
|turn|30
|
|t:|1729898688
|move|p1a: Skarmory|Spikes|p2a: Swampert
|-sidestart|p2: cyberas|Spikes
|move|p2a: Swampert|Curse|p2a: Swampert
|-unboost|p2a: Swampert|spe|1
|-boost|p2a: Swampert|atk|1
|-boost|p2a: Swampert|def|1
|
|-weather|Sandstorm|[upkeep]
|-heal|p1a: Skarmory|43/100|[from] item: Leftovers
|-heal|p2a: Swampert|98/100 tox|[from] item: Leftovers
|-damage|p2a: Swampert|85/100 tox|[from] psn
|upkeep
|turn|31
|
|t:|1729898699
|switch|p1a: Breloom|Breloom, M|75/100
|move|p2a: Swampert|Hydro Pump|p1a: Breloom
|-resisted|p1a: Breloom
|-damage|p1a: Breloom|27/100
|
|-weather|Sandstorm|[upkeep]
|-damage|p1a: Breloom|21/100|[from] Sandstorm
|-heal|p1a: Breloom|27/100|[from] item: Leftovers
|-heal|p2a: Swampert|91/100 tox|[from] item: Leftovers
|-damage|p2a: Swampert|73/100 tox|[from] psn
|upkeep
|turn|32
|
|t:|1729898709
|switch|p1a: Suicune|Suicune|91/100 frz
|move|p2a: Swampert|Ice Beam|p1a: Suicune
|-resisted|p1a: Suicune
|-damage|p1a: Suicune|83/100 frz
|
|-weather|Sandstorm|[upkeep]
|-damage|p1a: Suicune|76/100 frz|[from] Sandstorm
|-heal|p1a: Suicune|83/100 frz|[from] item: Leftovers
|-heal|p2a: Swampert|79/100 tox|[from] item: Leftovers
|-damage|p2a: Swampert|54/100 tox|[from] psn
|upkeep
|turn|33
|
|t:|1729898720
|cant|p1a: Suicune|frz
|move|p2a: Swampert|Hydro Pump|p1a: Suicune
|-resisted|p1a: Suicune
|-crit|p1a: Suicune
|-damage|p1a: Suicune|46/100 frz
|
|-weather|Sandstorm|[upkeep]
|-damage|p1a: Suicune|40/100 frz|[from] Sandstorm
|-heal|p1a: Suicune|46/100 frz|[from] item: Leftovers
|-heal|p2a: Swampert|60/100 tox|[from] item: Leftovers
|-damage|p2a: Swampert|29/100 tox|[from] psn
|upkeep
|turn|34
|
|t:|1729898730
|cant|p1a: Suicune|frz
|move|p2a: Swampert|Earthquake|p1a: Suicune
|-damage|p1a: Suicune|15/100 frz
|
|-weather|Sandstorm|[upkeep]
|-damage|p1a: Suicune|9/100 frz|[from] Sandstorm
|-heal|p1a: Suicune|15/100 frz|[from] item: Leftovers
|-heal|p2a: Swampert|35/100 tox|[from] item: Leftovers
|-damage|p2a: Swampert|0 fnt|[from] psn
|faint|p2a: Swampert
|upkeep
|inactive|cyberas has 240 seconds left.
|
|t:|1729898748
|switch|p2a: Celebi|Celebi|44/100
|-damage|p2a: Celebi|31/100|[from] Spikes
|turn|35
|
|t:|1729898752
|move|p2a: Celebi|Giga Drain|p1a: Suicune
|-supereffective|p1a: Suicune
|-damage|p1a: Suicune|0 fnt
|-heal|p2a: Celebi|39/100|[from] drain|[of] p1a: Suicune
|faint|p1a: Suicune
|
|t:|1729898758
|switch|p1a: Breloom|Breloom, M|27/100
|
|-weather|Sandstorm|[upkeep]
|-damage|p1a: Breloom|21/100|[from] Sandstorm
|-damage|p2a: Celebi|33/100|[from] Sandstorm
|-heal|p1a: Breloom|27/100|[from] item: Leftovers
|upkeep
|turn|36
|
|t:|1729898768
|move|p1a: Breloom|Spore|p2a: Celebi
|-status|p2a: Celebi|slp|[from] move: Spore
|cant|p2a: Celebi|slp
|
|-weather|Sandstorm|[upkeep]
|-damage|p1a: Breloom|21/100|[from] Sandstorm
|-damage|p2a: Celebi|26/100 slp|[from] Sandstorm
|-heal|p1a: Breloom|27/100|[from] item: Leftovers
|upkeep
|turn|37
|
|t:|1729898777
|-singleturn|p1a: Breloom|move: Focus Punch
|-curestatus|p2a: Celebi|slp|[msg]
|move|p2a: Celebi|Psychic|p1a: Breloom
|-supereffective|p1a: Breloom
|-damage|p1a: Breloom|0 fnt
|faint|p1a: Breloom
|c|☆gooball99|Drat
|
|t:|1729898787
|switch|p1a: Blissey|Blissey, F|76/100
|
|-weather|Sandstorm|[upkeep]
|-damage|p2a: Celebi|20/100|[from] Sandstorm
|-damage|p1a: Blissey|69/100|[from] Sandstorm
|-heal|p1a: Blissey|76/100|[from] item: Leftovers
|upkeep
|turn|38
|
|t:|1729898797
|move|p2a: Celebi|Leech Seed|p1a: Blissey
|-start|p1a: Blissey|move: Leech Seed
|move|p1a: Blissey|Ice Beam|p2a: Celebi
|-supereffective|p2a: Celebi
|-damage|p2a: Celebi|0 fnt
|faint|p2a: Celebi
|inactive|cyberas has 270 seconds left.
|
|t:|1729898820
|switch|p2a: Jirachi|Jirachi|45/100
|-damage|p2a: Jirachi|32/100|[from] Spikes
|
|-weather|Sandstorm|[upkeep]
|-damage|p1a: Blissey|69/100|[from] Sandstorm
|-heal|p2a: Jirachi|39/100|[from] item: Leftovers
|-heal|p1a: Blissey|76/100|[from] item: Leftovers
|-damage|p1a: Blissey|63/100|[from] Leech Seed|[of] p2a: Jirachi
|-heal|p2a: Jirachi|59/100|[silent]
|upkeep
|turn|39
|
|t:|1729898833
|move|p2a: Jirachi|Calm Mind|p2a: Jirachi
|-boost|p2a: Jirachi|spa|1
|-boost|p2a: Jirachi|spd|1
|move|p1a: Blissey|Calm Mind|p1a: Blissey
|-boost|p1a: Blissey|spa|1
|-boost|p1a: Blissey|spd|1
|
|-weather|Sandstorm|[upkeep]
|-damage|p1a: Blissey|57/100|[from] Sandstorm
|-heal|p2a: Jirachi|65/100|[from] item: Leftovers
|-heal|p1a: Blissey|63/100|[from] item: Leftovers
|-damage|p1a: Blissey|51/100|[from] Leech Seed|[of] p2a: Jirachi
|-heal|p2a: Jirachi|85/100|[silent]
|upkeep
|turn|40
|
|t:|1729898845
|move|p2a: Jirachi|Calm Mind|p2a: Jirachi
|-boost|p2a: Jirachi|spa|1
|-boost|p2a: Jirachi|spd|1
|move|p1a: Blissey|Calm Mind|p1a: Blissey
|-boost|p1a: Blissey|spa|1
|-boost|p1a: Blissey|spd|1
|
|-weather|Sandstorm|[upkeep]
|-damage|p1a: Blissey|45/100|[from] Sandstorm
|-heal|p2a: Jirachi|91/100|[from] item: Leftovers
|-heal|p1a: Blissey|51/100|[from] item: Leftovers
|-damage|p1a: Blissey|38/100|[from] Leech Seed|[of] p2a: Jirachi
|-heal|p2a: Jirachi|100/100|[silent]
|upkeep
|turn|41
|
|t:|1729898856
|move|p2a: Jirachi|Calm Mind|p2a: Jirachi
|-boost|p2a: Jirachi|spa|1
|-boost|p2a: Jirachi|spd|1
|move|p1a: Blissey|Soft-Boiled|p1a: Blissey
|-heal|p1a: Blissey|88/100
|
|-weather|Sandstorm|[upkeep]
|-damage|p1a: Blissey|82/100|[from] Sandstorm
|-heal|p1a: Blissey|88/100|[from] item: Leftovers
|-damage|p1a: Blissey|76/100|[from] Leech Seed|[of] p2a: Jirachi
|upkeep
|turn|42
|
|t:|1729898865
|move|p2a: Jirachi|Calm Mind|p2a: Jirachi
|-boost|p2a: Jirachi|spa|1
|-boost|p2a: Jirachi|spd|1
|move|p1a: Blissey|Calm Mind|p1a: Blissey
|-boost|p1a: Blissey|spa|1
|-boost|p1a: Blissey|spd|1
|
|-weather|Sandstorm|[upkeep]
|-damage|p1a: Blissey|70/100|[from] Sandstorm
|-heal|p1a: Blissey|76/100|[from] item: Leftovers
|-damage|p1a: Blissey|63/100|[from] Leech Seed|[of] p2a: Jirachi
|upkeep
|turn|43
|
|t:|1729898875
|move|p2a: Jirachi|Calm Mind|p2a: Jirachi
|-boost|p2a: Jirachi|spa|1
|-boost|p2a: Jirachi|spd|1
|move|p1a: Blissey|Calm Mind|p1a: Blissey
|-boost|p1a: Blissey|spa|1
|-boost|p1a: Blissey|spd|1
|
|-weather|Sandstorm|[upkeep]
|-damage|p1a: Blissey|57/100|[from] Sandstorm
|-heal|p1a: Blissey|63/100|[from] item: Leftovers
|-damage|p1a: Blissey|51/100|[from] Leech Seed|[of] p2a: Jirachi
|upkeep
|turn|44
|
|t:|1729898884
|move|p2a: Jirachi|Calm Mind|p2a: Jirachi
|-boost|p2a: Jirachi|spa|1
|-boost|p2a: Jirachi|spd|1
|move|p1a: Blissey|Soft-Boiled|p1a: Blissey
|-heal|p1a: Blissey|100/100
|
|-weather|Sandstorm|[upkeep]
|-damage|p1a: Blissey|94/100|[from] Sandstorm
|-heal|p1a: Blissey|100/100|[from] item: Leftovers
|-damage|p1a: Blissey|88/100|[from] Leech Seed|[of] p2a: Jirachi
|upkeep
|turn|45
|
|t:|1729898893
|move|p2a: Jirachi|Thunderbolt|p1a: Blissey
|-damage|p1a: Blissey|75/100
|-status|p1a: Blissey|par
|cant|p1a: Blissey|par
|
|-weather|Sandstorm|[upkeep]
|-damage|p1a: Blissey|68/100 par|[from] Sandstorm
|-heal|p1a: Blissey|75/100 par|[from] item: Leftovers
|-damage|p1a: Blissey|62/100 par|[from] Leech Seed|[of] p2a: Jirachi
|upkeep
|turn|46
|
|t:|1729898902
|move|p2a: Jirachi|Thunderbolt|p1a: Blissey
|-damage|p1a: Blissey|48/100 par
|move|p1a: Blissey|Soft-Boiled|p1a: Blissey
|-heal|p1a: Blissey|98/100 par
|
|-weather|Sandstorm|[upkeep]
|-damage|p1a: Blissey|92/100 par|[from] Sandstorm
|-heal|p1a: Blissey|98/100 par|[from] item: Leftovers
|-damage|p1a: Blissey|85/100 par|[from] Leech Seed|[of] p2a: Jirachi
|upkeep
|turn|47
|
|t:|1729898911
|move|p2a: Jirachi|Thunderbolt|p1a: Blissey
|-damage|p1a: Blissey|71/100 par
|move|p1a: Blissey|Thunderbolt|p2a: Jirachi
|-damage|p2a: Jirachi|85/100
|
|-weather|Sandstorm|[upkeep]
|-damage|p1a: Blissey|65/100 par|[from] Sandstorm
|-heal|p2a: Jirachi|91/100|[from] item: Leftovers
|-heal|p1a: Blissey|71/100 par|[from] item: Leftovers
|-damage|p1a: Blissey|59/100 par|[from] Leech Seed|[of] p2a: Jirachi
|-heal|p2a: Jirachi|100/100|[silent]
|upkeep
|turn|48
|
|t:|1729898923
|move|p2a: Jirachi|Thunderbolt|p1a: Blissey
|-damage|p1a: Blissey|45/100 par
|move|p1a: Blissey|Soft-Boiled|p1a: Blissey
|-heal|p1a: Blissey|95/100 par
|
|-weather|Sandstorm|[upkeep]
|-damage|p1a: Blissey|89/100 par|[from] Sandstorm
|-heal|p1a: Blissey|95/100 par|[from] item: Leftovers
|-damage|p1a: Blissey|83/100 par|[from] Leech Seed|[of] p2a: Jirachi
|upkeep
|turn|49
|
|t:|1729898931
|move|p2a: Jirachi|Substitute|p2a: Jirachi
|-start|p2a: Jirachi|Substitute
|-damage|p2a: Jirachi|75/100
|move|p1a: Blissey|Thunderbolt|p2a: Jirachi
|-crit|p2a: Jirachi
|-end|p2a: Jirachi|Substitute
|
|-weather|Sandstorm|[upkeep]
|-damage|p1a: Blissey|77/100 par|[from] Sandstorm
|-heal|p2a: Jirachi|82/100|[from] item: Leftovers
|-heal|p1a: Blissey|83/100 par|[from] item: Leftovers
|-damage|p1a: Blissey|70/100 par|[from] Leech Seed|[of] p2a: Jirachi
|-heal|p2a: Jirachi|100/100|[silent]
|upkeep
|turn|50
|
|t:|1729898942
|move|p2a: Jirachi|Thunderbolt|p1a: Blissey
|-damage|p1a: Blissey|57/100 par
|move|p1a: Blissey|Thunderbolt|p2a: Jirachi
|-damage|p2a: Jirachi|86/100
|
|-weather|Sandstorm|[upkeep]
|-damage|p1a: Blissey|51/100 par|[from] Sandstorm
|-heal|p2a: Jirachi|92/100|[from] item: Leftovers
|-heal|p1a: Blissey|57/100 par|[from] item: Leftovers
|-damage|p1a: Blissey|44/100 par|[from] Leech Seed|[of] p2a: Jirachi
|-heal|p2a: Jirachi|100/100|[silent]
|upkeep
|turn|51
|
|t:|1729898953
|move|p2a: Jirachi|Thunderbolt|p1a: Blissey
|-damage|p1a: Blissey|29/100 par
|move|p1a: Blissey|Soft-Boiled|p1a: Blissey
|-heal|p1a: Blissey|79/100 par
|
|-weather|Sandstorm|[upkeep]
|-damage|p1a: Blissey|73/100 par|[from] Sandstorm
|-heal|p1a: Blissey|79/100 par|[from] item: Leftovers
|-damage|p1a: Blissey|67/100 par|[from] Leech Seed|[of] p2a: Jirachi
|upkeep
|turn|52
|
|t:|1729898961
|move|p2a: Jirachi|Substitute|p2a: Jirachi
|-start|p2a: Jirachi|Substitute
|-damage|p2a: Jirachi|75/100
|move|p1a: Blissey|Soft-Boiled|p1a: Blissey
|-heal|p1a: Blissey|100/100 par
|
|-weather|Sandstorm|[upkeep]
|-damage|p1a: Blissey|94/100 par|[from] Sandstorm
|-heal|p2a: Jirachi|82/100|[from] item: Leftovers
|-heal|p1a: Blissey|100/100 par|[from] item: Leftovers
|-damage|p1a: Blissey|88/100 par|[from] Leech Seed|[of] p2a: Jirachi
|-heal|p2a: Jirachi|100/100|[silent]
|upkeep
|turn|53
|
|t:|1729898972
|-curestatus|p1a: Blissey|par|[from] ability: Natural Cure
|switch|p1a: Swampert|Swampert, F|82/100
|move|p2a: Jirachi|Thunderbolt|p1a: Swampert
|-immune|p1a: Swampert
|
|-weather|Sandstorm|[upkeep]
|-heal|p1a: Swampert|88/100|[from] item: Leftovers
|upkeep
|turn|54
|
|t:|1729898980
|move|p1a: Swampert|Protect|p1a: Swampert
|-singleturn|p1a: Swampert|Protect
|move|p2a: Jirachi|Hidden Power|p1a: Swampert
|-activate|p1a: Swampert|Protect
|
|-weather|Sandstorm|[upkeep]
|-heal|p1a: Swampert|95/100|[from] item: Leftovers
|upkeep
|turn|55
|
|t:|1729898987
|switch|p1a: Skarmory|Skarmory, F|43/100
|move|p2a: Jirachi|Hidden Power|p1a: Skarmory
|-resisted|p1a: Skarmory
|-damage|p1a: Skarmory|25/100
|
|-weather|Sandstorm|[upkeep]
|-heal|p1a: Skarmory|31/100|[from] item: Leftovers
|upkeep
|turn|56
|
|t:|1729898995
|move|p1a: Skarmory|Protect|p1a: Skarmory
|-singleturn|p1a: Skarmory|Protect
|move|p2a: Jirachi|Thunderbolt|p1a: Skarmory
|-activate|p1a: Skarmory|Protect
|
|-weather|Sandstorm|[upkeep]
|-heal|p1a: Skarmory|37/100|[from] item: Leftovers
|upkeep
|turn|57
|
|t:|1729899002
|switch|p1a: Swampert|Swampert, F|95/100
|move|p2a: Jirachi|Thunderbolt|p1a: Swampert
|-immune|p1a: Swampert
|
|-weather|Sandstorm|[upkeep]
|-heal|p1a: Swampert|100/100|[from] item: Leftovers
|upkeep
|turn|58
|
|t:|1729899010
|move|p1a: Swampert|Protect|p1a: Swampert
|-singleturn|p1a: Swampert|Protect
|move|p2a: Jirachi|Hidden Power|p1a: Swampert
|-activate|p1a: Swampert|Protect
|
|-weather|Sandstorm|[upkeep]
|upkeep
|turn|59
|
|t:|1729899016
|move|p2a: Jirachi|Hidden Power|p1a: Swampert
|-supereffective|p1a: Swampert
|-damage|p1a: Swampert|0 fnt
|faint|p1a: Swampert
|
|t:|1729899020
|switch|p1a: Skarmory|Skarmory, F|37/100
|
|-weather|Sandstorm|[upkeep]
|-heal|p1a: Skarmory|43/100|[from] item: Leftovers
|upkeep
|turn|60
|
|t:|1729899025
|move|p1a: Skarmory|Protect|p1a: Skarmory
|-singleturn|p1a: Skarmory|Protect
|move|p2a: Jirachi|Hidden Power|p1a: Skarmory
|-activate|p1a: Skarmory|Protect
|
|-weather|Sandstorm|[upkeep]
|-heal|p1a: Skarmory|49/100|[from] item: Leftovers
|upkeep
|turn|61
|
|t:|1729899032
|move|p1a: Skarmory|Protect||[still]
|-fail|p1a: Skarmory
|move|p2a: Jirachi|Thunderbolt|p1a: Skarmory
|-supereffective|p1a: Skarmory
|-damage|p1a: Skarmory|0 fnt
|faint|p1a: Skarmory
|
|t:|1729899038
|switch|p1a: Blissey|Blissey, F|88/100
|
|-weather|Sandstorm|[upkeep]
|-damage|p1a: Blissey|82/100|[from] Sandstorm
|-heal|p1a: Blissey|88/100|[from] item: Leftovers
|upkeep
|turn|62
|
|t:|1729899043
|move|p2a: Jirachi|Thunderbolt|p1a: Blissey
|-damage|p1a: Blissey|43/100
|move|p1a: Blissey|Calm Mind|p1a: Blissey
|-boost|p1a: Blissey|spa|1
|-boost|p1a: Blissey|spd|1
|
|-weather|Sandstorm|[upkeep]
|-damage|p1a: Blissey|37/100|[from] Sandstorm
|-heal|p1a: Blissey|43/100|[from] item: Leftovers
|upkeep
|turn|63
|
|t:|1729899052
|move|p2a: Jirachi|Thunderbolt|p1a: Blissey
|-damage|p1a: Blissey|14/100
|-status|p1a: Blissey|par
|cant|p1a: Blissey|par
|
|-weather|Sandstorm|[upkeep]
|-damage|p1a: Blissey|8/100 par|[from] Sandstorm
|-heal|p1a: Blissey|14/100 par|[from] item: Leftovers
|upkeep
|turn|64
|c|☆cyberas|gg
|c|☆gooball99|Ah gg
|
|t:|1729899060
|move|p2a: Jirachi|Thunderbolt|p1a: Blissey
|-damage|p1a: Blissey|0 fnt
|faint|p1a: Blissey
|
|win|cyberas

</script>
<script type="application/json" class="data" id="replaydata-smogtours-gen3ou-801972">
{"id":"smogtours-gen3ou-801972","format":"[Gen 3] OU","players":["gooball99","cyberas"],"uploadtime":1729899060,"views":85,"formatid":"gen3ou","rating":null,"private":0,"password":null}
</script>

<script defer src="js/replays.js?9d40a366"></script>
