<!DOCTYPE html>
<meta charset="utf-8" />
<meta name="viewport" content="width=device-width" />

<title>[Gen 3] OU: Msousagamer vs. Void - Replays - Pok&eacute;mon Showdown!</title>

<meta name="description" content="Watch a replay of a Pok&eacute;mon battle between Msousagamer and Void! Format: [Gen 3] OU; Date: Nov 9, 2024" />
<!--

Hey, you! Looking in the source for the replay log?

You can find them in JSON format, just add `.json` at the end of a replay URL.

https://replay.pokemonshowdown.com/gen7randomdoublesbattle-865046831.json

Or, if you only need the log itself, add `.log` instead:

https://replay.pokemonshowdown.com/gen7randomdoublesbattle-865046831.log

-->

<link rel="stylesheet" href="//pokemonshowdown.com/style/global.css?0.023195364461161105" />
<link rel="stylesheet" href="//play.pokemonshowdown.com/style/font-awesome.css?0.13261647063804238" />
<link rel="stylesheet" href="//play.pokemonshowdown.com/style/battle.css?0.8753245789963631" />
<link rel="stylesheet" href="//play.pokemonshowdown.com/style/utilichart.css?0.8627959624976733" />

<!-- Global site tag (gtag.js) - Google Analytics -->
<script async src="https://www.googletagmanager.com/gtag/js?id=UA-26211653-1"></script>
<script>
  window.dataLayer = window.dataLayer || [];
  function gtag(){dataLayer.push(arguments);}
  gtag('js', new Date());

  gtag('config', 'UA-26211653-1');
</script>
<!-- End Google Analytics -->
<!-- Venatus Ad Manager - Install in <HEAD> of page -->
	<script src="https://hb.vntsm.com/v3/live/ad-manager.min.js" type="text/javascript" data-site-id="642aba63ec9a7b11c3c9c1be" data-mode="scan" async></script>
<!-- / Venatus Ad Manager -->

<style>
	@media (max-width:820px) {
		.battle {
			margin: 0 auto;
		}
		.battle-log {
			margin: 7px auto 0;
			max-width: 640px;
			height: 300px;
			position: static;
		}
	}
	.optgroup {
		display: inline-block;
		line-height: 22px;
		font-size: 10pt;
	}
	.optgroup .button {
		height: 25px;
		padding-top: 0;
		padding-bottom: 0;
	}
	.optgroup button.button {
		padding-left: 12px;
		padding-right: 12px;
	}
	.linklist {
		list-style: none;
		margin: 0.5em 0;
		padding: 0;
	}
	.linklist li {
		padding: 2px 0;
	}
	.sidebar {
		float: left;
		width: 320px;
	}
	.bar-wrapper {
		max-width: 1100px;
		margin: 0 auto;
	}
	.bar-wrapper.has-sidebar {
		max-width: 1430px;
	}
	.mainbar {
		margin: 0;
		padding-right: 1px;
	}
	.mainbar.has-sidebar {
		margin-left: 330px;
	}
	@media (min-width: 1511px) {
		.sidebar {
			width: 400px;
		}
		.bar-wrapper.has-sidebar {
			max-width: 1510px;
		}
		.mainbar.has-sidebar {
			margin-left: 410px;
		}
	}
	.section.first-section {
		margin-top: 9px;
	}
	.blocklink small {
		white-space: normal;
	}
	.button {
		vertical-align: middle;
	}
	.replay-controls {
		padding-top: 10px;
	}
	.replay-controls h1 {
		font-size: 16pt;
		font-weight: normal;
		color: #CCC;
	}
	.pagelink {
		text-align: center;
	}
	.pagelink a {
		width: 150px;
	}
	.textbox, .button {
		font-size: 11pt;
		vertical-align: middle;
	}
	@media (max-width: 450px) {
		.button {
			font-size: 9pt;
		}
	}
</style>

<div>

	<header>
		<div class="nav-wrapper"><ul class="nav">
			<li><a class="button nav-first" href="//pokemonshowdown.com/"><img src="//pokemonshowdown.com/images/pokemonshowdownbeta.png" srcset="//pokemonshowdown.com/images/pokemonshowdownbeta.png 1x, //pokemonshowdown.com/images/pokemonshowdownbeta@2x.png 2x" alt="Pok&eacute;mon Showdown" width="146" height="44" /> Home</a></li>
			<li><a class="button" href="//pokemonshowdown.com/dex/">Pok&eacute;dex</a></li>
			<li><a class="button cur" href="/">Replays</a></li>
			<li><a class="button" href="//pokemonshowdown.com/ladder/">Ladder</a></li>
			<li><a class="button nav-last" href="//pokemonshowdown.com/forums/">Forum</a></li>
			<li><a class="button greenbutton nav-first nav-last" href="//play.pokemonshowdown.com/">Play</a></li>
		</ul></div>
	</header>

	<div class="main" id="main">

		<noscript><section class="section">You need to enable JavaScript to use this page; sorry!</section></noscript>

	</div>

</div>

<script defer nomodule src="//play.pokemonshowdown.com/js/lib/ps-polyfill.js"></script>
<script defer src="//play.pokemonshowdown.com/js/lib/preact.min.js"></script>

<script defer src="//play.pokemonshowdown.com/config/config.js?2bddbc15"></script>
<script defer src="//play.pokemonshowdown.com/js/lib/jquery-1.11.0.min.js"></script>
<script defer src="//play.pokemonshowdown.com/js/lib/html-sanitizer-minified.js"></script>
<script defer src="//play.pokemonshowdown.com/js/battle-sound.js"></script>
<script defer src="//play.pokemonshowdown.com/js/battledata.js?0.7209276989879541"></script>
<script defer src="//play.pokemonshowdown.com/data/pokedex-mini.js?0.6111056340867951"></script>
<script defer src="//play.pokemonshowdown.com/data/pokedex-mini-bw.js?0.3532142036491459"></script>
<script defer src="//play.pokemonshowdown.com/data/graphics.js?0.24223875632456182"></script>
<script defer src="//play.pokemonshowdown.com/data/pokedex.js?0.38839984266356864"></script>
<script defer src="//play.pokemonshowdown.com/data/moves.js?0.21866028504024015"></script>
<script defer src="//play.pokemonshowdown.com/data/abilities.js?0.2005157953846628"></script>
<script defer src="//play.pokemonshowdown.com/data/items.js?0.9894211263848525"></script>
<script defer src="//play.pokemonshowdown.com/data/teambuilder-tables.js?0.6008791140282215"></script>
<script defer src="//play.pokemonshowdown.com/js/battle-tooltips.js?0.7580118955022959"></script>
<script defer src="//play.pokemonshowdown.com/js/battle.js?0.6057722274234274"></script>

<script defer src="js/utils.js?e31f9a17"></script>
<script defer src="js/replays-battle.js?7008c182"></script>

<!-- don't scrape this data! just add .json or .log after the URL!
Full API docs: https://github.com/smogon/pokemon-showdown-client/blob/master/WEB-API.md -->
<script type="text/plain" class="log" id="replaylog-smogtours-gen3ou-805365">
|inactive|Battle timer is ON: inactive players will automatically lose when time's up.
|t:|1731144238
|gametype|singles
|player|p1|Msousagamer|veteran|
|player|p2|Void|#splxvwolfpack|
|teamsize|p1|6
|teamsize|p2|6
|gen|3
|tier|[Gen 3] OU
|rule|Sleep Clause Mod: Limit one foe put to sleep
|rule|Switch Priority Clause Mod: Faster Pokémon switch first
|rule|Species Clause: Limit one of each Pokémon
|rule|OHKO Clause: OHKO moves are banned
|rule|Evasion Items Clause: Evasion items are banned
|rule|Evasion Moves Clause: Evasion moves are banned
|rule|Endless Battle Clause: Forcing endless battles is banned
|rule|HP Percentage Mod: HP is shown in percentages
|rule|One Boost Passer Clause: Limit one Baton Passer that has a way to boost its stats
|rule|Freeze Clause Mod: Limit one foe frozen
|
|t:|1731144238
|start
|switch|p1a: Yellow Lizard|Zapdos|100/100
|switch|p2a: Tyranitar|Tyranitar, F|100/100
|-weather|Sandstorm|[from] ability: Sand Stream|[of] p2a: Tyranitar
|turn|1
|c|☆Void|glhf
|c|☆Msousagamer|gl hf
|inactive|Msousagamer has 270 seconds left.
|
|t:|1731144275
|move|p1a: Yellow Lizard|Protect|p1a: Yellow Lizard
|-singleturn|p1a: Yellow Lizard|Protect
|move|p2a: Tyranitar|Ice Beam|p1a: Yellow Lizard
|-activate|p1a: Yellow Lizard|Protect
|
|-weather|Sandstorm|[upkeep]
|-damage|p1a: Yellow Lizard|94/100|[from] Sandstorm
|-heal|p1a: Yellow Lizard|100/100|[from] item: Leftovers
|upkeep
|turn|2
|inactive|Msousagamer has 270 seconds left.
|inactive|Msousagamer has 240 seconds left.
|inactive|Msousagamer has 210 seconds left.
|inactive|Msousagamer has 180 seconds left.
|
|t:|1731144395
|switch|p1a: Green Lizard|Tyranitar, F|100/100
|switch|p2a: Celebi|Celebi|100/100
|
|-weather|Sandstorm|[upkeep]
|-damage|p2a: Celebi|94/100|[from] Sandstorm
|-heal|p2a: Celebi|100/100|[from] item: Leftovers
|upkeep
|turn|3
|inactive|Void has 270 seconds left.
|
|t:|1731144412
|switch|p2a: Skarmory|Skarmory, M|100/100
|switch|p1a: Red Lizard|Charizard, M|100/100
|
|-weather|Sandstorm|[upkeep]
|-damage|p1a: Red Lizard|94/100|[from] Sandstorm
|-heal|p1a: Red Lizard|100/100|[from] item: Leftovers
|upkeep
|turn|4
|inactive|Void has 270 seconds left.
|
|t:|1731144425
|switch|p2a: Aerodactyl|Aerodactyl, M|100/100
|move|p1a: Red Lizard|Fire Blast|p2a: Aerodactyl
|-resisted|p2a: Aerodactyl
|-damage|p2a: Aerodactyl|61/100
|
|-weather|Sandstorm|[upkeep]
|-damage|p1a: Red Lizard|94/100|[from] Sandstorm
|-heal|p1a: Red Lizard|100/100|[from] item: Leftovers
|upkeep
|turn|5
|
|t:|1731144434
|switch|p1a: Blue Lizard|Swampert, M|100/100
|move|p2a: Aerodactyl|Earthquake|p1a: Blue Lizard
|-damage|p1a: Blue Lizard|71/100
|
|-weather|Sandstorm|[upkeep]
|-heal|p1a: Blue Lizard|78/100|[from] item: Leftovers
|upkeep
|turn|6
|inactive|Msousagamer has 180 seconds left.
|inactive|Void has 270 seconds left.
|c|☆Msousagamer|Oh, so that's what happened
|c|☆Msousagamer|Changed a set from another team but accidentally changed this one
|c|☆Msousagamer|Fun
|c|☆Void|ah damn
|inactive|Msousagamer has 150 seconds left.
|
|t:|1731144487
|switch|p2a: Swampert|Swampert, M|100/100
|move|p1a: Blue Lizard|Roar|p2a: Swampert
|drag|p2a: Tyranitar|Tyranitar, F|100/100
|
|-weather|Sandstorm|[upkeep]
|-heal|p1a: Blue Lizard|84/100|[from] item: Leftovers
|upkeep
|turn|7
|inactive|Msousagamer has 150 seconds left.
|
|t:|1731144502
|switch|p1a: Yeek|Celebi|100/100
|move|p2a: Tyranitar|Hidden Power|p1a: Yeek
|-resisted|p1a: Yeek
|-damage|p1a: Yeek|91/100
|
|-weather|Sandstorm|[upkeep]
|-damage|p1a: Yeek|85/100|[from] Sandstorm
|-heal|p1a: Yeek|91/100|[from] item: Leftovers
|upkeep
|turn|8
|
|t:|1731144507
|move|p1a: Yeek|Leech Seed|p2a: Tyranitar|[miss]
|-miss|p1a: Yeek|p2a: Tyranitar
|move|p2a: Tyranitar|Crunch|p1a: Yeek
|-supereffective|p1a: Yeek
|-damage|p1a: Yeek|23/100
|
|-weather|Sandstorm|[upkeep]
|-damage|p1a: Yeek|17/100|[from] Sandstorm
|-heal|p1a: Yeek|23/100|[from] item: Leftovers
|upkeep
|turn|9
|
|t:|1731144511
|move|p1a: Yeek|Giga Drain|p2a: Tyranitar
|-supereffective|p2a: Tyranitar
|-damage|p2a: Tyranitar|49/100
|-heal|p1a: Yeek|52/100|[from] drain|[of] p2a: Tyranitar
|move|p2a: Tyranitar|Crunch|p1a: Yeek
|-supereffective|p1a: Yeek
|-damage|p1a: Yeek|0 fnt
|faint|p1a: Yeek
|
|t:|1731144520
|switch|p1a: Leviathan|Metagross|100/100
|
|-weather|Sandstorm|[upkeep]
|-heal|p2a: Tyranitar|55/100|[from] item: Leftovers
|upkeep
|turn|10
|
|t:|1731144535
|switch|p2a: Skarmory|Skarmory, M|100/100
|switch|p1a: Red Lizard|Charizard, M|100/100
|
|-weather|Sandstorm|[upkeep]
|-damage|p1a: Red Lizard|94/100|[from] Sandstorm
|-heal|p1a: Red Lizard|100/100|[from] item: Leftovers
|upkeep
|turn|11
|inactive|Msousagamer has 180 seconds left.
|
|t:|1731144560
|switch|p2a: Tyranitar|Tyranitar, F|55/100
|move|p1a: Red Lizard|Hidden Power|p2a: Tyranitar
|-supereffective|p2a: Tyranitar
|-damage|p2a: Tyranitar|16/100
|
|-weather|Sandstorm|[upkeep]
|-damage|p1a: Red Lizard|94/100|[from] Sandstorm
|-heal|p1a: Red Lizard|100/100|[from] item: Leftovers
|-heal|p2a: Tyranitar|22/100|[from] item: Leftovers
|upkeep
|turn|12
|
|t:|1731144574
|move|p1a: Red Lizard|Hidden Power|p2a: Tyranitar
|-supereffective|p2a: Tyranitar
|-damage|p2a: Tyranitar|0 fnt
|faint|p2a: Tyranitar
|
|t:|1731144579
|switch|p2a: Aerodactyl|Aerodactyl, M|61/100
|
|-weather|Sandstorm|[upkeep]
|-damage|p1a: Red Lizard|94/100|[from] Sandstorm
|-heal|p1a: Red Lizard|100/100|[from] item: Leftovers
|upkeep
|turn|13
|
|t:|1731144587
|switch|p1a: Blue Lizard|Swampert, M|84/100
|move|p2a: Aerodactyl|Double-Edge|p1a: Blue Lizard
|-damage|p1a: Blue Lizard|48/100
|
|-weather|Sandstorm|[upkeep]
|-heal|p1a: Blue Lizard|54/100|[from] item: Leftovers
|upkeep
|turn|14
|inactive|Msousagamer has 180 seconds left.
|
|t:|1731144600
|switch|p2a: Skarmory|Skarmory, M|100/100
|switch|p1a: Leviathan|Metagross|100/100
|
|-weather|Sandstorm|[upkeep]
|upkeep
|turn|15
|
|t:|1731144608
|move|p2a: Skarmory|Toxic|p1a: Leviathan
|-immune|p1a: Leviathan
|move|p1a: Leviathan|Hidden Power|p2a: Skarmory
|-supereffective|p2a: Skarmory
|-damage|p2a: Skarmory|60/100
|
|-weather|Sandstorm|[upkeep]
|-heal|p2a: Skarmory|66/100|[from] item: Leftovers
|upkeep
|turn|16
|
|t:|1731144615
|switch|p1a: Red Lizard|Charizard, M|100/100
|move|p2a: Skarmory|Spikes|p1a: Red Lizard
|-sidestart|p1: Msousagamer|Spikes
|
|-weather|Sandstorm|[upkeep]
|-damage|p1a: Red Lizard|94/100|[from] Sandstorm
|-heal|p1a: Red Lizard|100/100|[from] item: Leftovers
|-heal|p2a: Skarmory|72/100|[from] item: Leftovers
|upkeep
|turn|17
|
|t:|1731144620
|switch|p2a: Aerodactyl|Aerodactyl, M|61/100
|move|p1a: Red Lizard|Fire Blast|p2a: Aerodactyl|[miss]
|-miss|p1a: Red Lizard|p2a: Aerodactyl
|
|-weather|Sandstorm|[upkeep]
|-damage|p1a: Red Lizard|94/100|[from] Sandstorm
|-heal|p1a: Red Lizard|100/100|[from] item: Leftovers
|upkeep
|turn|18
|
|t:|1731144630
|move|p2a: Aerodactyl|Rock Slide|p1a: Red Lizard
|-supereffective|p1a: Red Lizard
|-damage|p1a: Red Lizard|0 fnt
|faint|p1a: Red Lizard
|
|t:|1731144633
|switch|p1a: Leviathan|Metagross|100/100
|-damage|p1a: Leviathan|88/100|[from] Spikes
|
|-weather|Sandstorm|[upkeep]
|-heal|p1a: Leviathan|94/100|[from] item: Leftovers
|upkeep
|turn|19
|
|t:|1731144646
|switch|p2a: Swampert|Swampert, M|100/100
|move|p1a: Leviathan|Psychic|p2a: Swampert
|-damage|p2a: Swampert|63/100
|
|-weather|Sandstorm|[upkeep]
|-heal|p1a: Leviathan|99/100|[from] item: Leftovers
|-heal|p2a: Swampert|69/100|[from] item: Leftovers
|upkeep
|turn|20
|
|t:|1731144651
|move|p2a: Swampert|Protect|p2a: Swampert
|-singleturn|p2a: Swampert|Protect
|move|p1a: Leviathan|Psychic|p2a: Swampert
|-activate|p2a: Swampert|Protect
|
|-weather|Sandstorm|[upkeep]
|-heal|p1a: Leviathan|100/100|[from] item: Leftovers
|-heal|p2a: Swampert|75/100|[from] item: Leftovers
|upkeep
|turn|21
|
|t:|1731144655
|switch|p2a: Celebi|Celebi|100/100
|move|p1a: Leviathan|Psychic|p2a: Celebi
|-resisted|p2a: Celebi
|-damage|p2a: Celebi|83/100
|
|-weather|Sandstorm|[upkeep]
|-damage|p2a: Celebi|77/100|[from] Sandstorm
|-heal|p2a: Celebi|83/100|[from] item: Leftovers
|upkeep
|turn|22
|
|t:|1731144659
|move|p2a: Celebi|Leech Seed|p1a: Leviathan
|-start|p1a: Leviathan|move: Leech Seed
|move|p1a: Leviathan|Explosion|p2a: Celebi
|-crit|p2a: Celebi
|-damage|p2a: Celebi|0 fnt
|faint|p1a: Leviathan
|faint|p2a: Celebi
|
|t:|1731144687
|switch|p2a: Magneton|Magneton|100/100
|switch|p1a: Yellow Lizard|Zapdos|100/100
|
|-weather|Sandstorm|[upkeep]
|-damage|p1a: Yellow Lizard|94/100|[from] Sandstorm
|-heal|p1a: Yellow Lizard|100/100|[from] item: Leftovers
|upkeep
|turn|23
|inactive|Msousagamer has 240 seconds left.
|inactive|Msousagamer has 210 seconds left.
|
|t:|1731144751
|switch|p1a: Blue Lizard|Swampert, M|54/100
|-damage|p1a: Blue Lizard|41/100|[from] Spikes
|move|p2a: Magneton|Toxic|p1a: Blue Lizard
|-status|p1a: Blue Lizard|tox
|
|-weather|Sandstorm|[upkeep]
|-heal|p1a: Blue Lizard|48/100 tox|[from] item: Leftovers
|-damage|p1a: Blue Lizard|41/100 tox|[from] psn
|upkeep
|turn|24
|
|t:|1731144773
|move|p2a: Magneton|Protect|p2a: Magneton
|-singleturn|p2a: Magneton|Protect
|move|p1a: Blue Lizard|Surf|p2a: Magneton
|-activate|p2a: Magneton|Protect
|
|-weather|Sandstorm|[upkeep]
|-heal|p1a: Blue Lizard|48/100 tox|[from] item: Leftovers
|-damage|p1a: Blue Lizard|35/100 tox|[from] psn
|upkeep
|turn|25
|
|t:|1731144777
|switch|p2a: Skarmory|Skarmory, M|72/100
|move|p1a: Blue Lizard|Surf|p2a: Skarmory
|-damage|p2a: Skarmory|44/100
|
|-weather|Sandstorm|[upkeep]
|-heal|p2a: Skarmory|50/100|[from] item: Leftovers
|-heal|p1a: Blue Lizard|41/100 tox|[from] item: Leftovers
|-damage|p1a: Blue Lizard|23/100 tox|[from] psn
|upkeep
|turn|26
|
|t:|1731144784
|switch|p1a: Yellow Lizard|Zapdos|100/100
|move|p2a: Skarmory|Spikes|p1a: Yellow Lizard
|-sidestart|p1: Msousagamer|Spikes
|
|-weather|Sandstorm|[upkeep]
|-damage|p1a: Yellow Lizard|94/100|[from] Sandstorm
|-heal|p1a: Yellow Lizard|100/100|[from] item: Leftovers
|-heal|p2a: Skarmory|56/100|[from] item: Leftovers
|upkeep
|turn|27
|
|t:|1731144794
|move|p2a: Skarmory|Protect|p2a: Skarmory
|-singleturn|p2a: Skarmory|Protect
|move|p1a: Yellow Lizard|Thunder Wave|p2a: Skarmory
|-activate|p2a: Skarmory|Protect
|
|-weather|Sandstorm|[upkeep]
|-damage|p1a: Yellow Lizard|94/100|[from] Sandstorm
|-heal|p1a: Yellow Lizard|100/100|[from] item: Leftovers
|-heal|p2a: Skarmory|62/100|[from] item: Leftovers
|upkeep
|turn|28
|
|t:|1731144800
|switch|p2a: Magneton|Magneton|100/100
|move|p1a: Yellow Lizard|Thunderbolt|p2a: Magneton
|-resisted|p2a: Magneton
|-damage|p2a: Magneton|57/100
|
|-weather|Sandstorm|[upkeep]
|-damage|p1a: Yellow Lizard|94/100|[from] Sandstorm
|-heal|p1a: Yellow Lizard|100/100|[from] item: Leftovers
|upkeep
|turn|29
|inactive|Msousagamer has 240 seconds left.
|
|t:|1731144805
|move|p1a: Yellow Lizard|Thunderbolt|p2a: Magneton
|-resisted|p2a: Magneton
|-damage|p2a: Magneton|18/100
|move|p2a: Magneton|Toxic|p1a: Yellow Lizard|[miss]
|-miss|p2a: Magneton|p1a: Yellow Lizard
|
|-weather|Sandstorm|[upkeep]
|-damage|p1a: Yellow Lizard|94/100|[from] Sandstorm
|-heal|p1a: Yellow Lizard|100/100|[from] item: Leftovers
|upkeep
|turn|30
|
|t:|1731144811
|move|p2a: Magneton|Protect|p2a: Magneton
|-singleturn|p2a: Magneton|Protect
|move|p1a: Yellow Lizard|Hidden Power|p2a: Magneton
|-activate|p2a: Magneton|Protect
|
|-weather|Sandstorm|[upkeep]
|-damage|p1a: Yellow Lizard|94/100|[from] Sandstorm
|-heal|p1a: Yellow Lizard|100/100|[from] item: Leftovers
|upkeep
|turn|31
|
|t:|1731144816
|switch|p2a: Swampert|Swampert, M|75/100
|move|p1a: Yellow Lizard|Hidden Power|p2a: Swampert
|-damage|p2a: Swampert|54/100
|
|-weather|Sandstorm|[upkeep]
|-damage|p1a: Yellow Lizard|94/100|[from] Sandstorm
|-heal|p1a: Yellow Lizard|100/100|[from] item: Leftovers
|-heal|p2a: Swampert|61/100|[from] item: Leftovers
|upkeep
|turn|32
|
|t:|1731144819
|move|p2a: Swampert|Protect|p2a: Swampert
|-singleturn|p2a: Swampert|Protect
|move|p1a: Yellow Lizard|Hidden Power|p2a: Swampert
|-activate|p2a: Swampert|Protect
|
|-weather|Sandstorm|[upkeep]
|-damage|p1a: Yellow Lizard|94/100|[from] Sandstorm
|-heal|p1a: Yellow Lizard|100/100|[from] item: Leftovers
|-heal|p2a: Swampert|67/100|[from] item: Leftovers
|upkeep
|turn|33
|
|t:|1731144822
|move|p1a: Yellow Lizard|Hidden Power|p2a: Swampert
|-damage|p2a: Swampert|49/100
|move|p2a: Swampert|Ice Beam|p1a: Yellow Lizard
|-supereffective|p1a: Yellow Lizard
|-damage|p1a: Yellow Lizard|58/100
|
|-weather|Sandstorm|[upkeep]
|-damage|p1a: Yellow Lizard|51/100|[from] Sandstorm
|-heal|p1a: Yellow Lizard|58/100|[from] item: Leftovers
|-heal|p2a: Swampert|55/100|[from] item: Leftovers
|upkeep
|turn|34
|
|t:|1731144827
|move|p2a: Swampert|Protect|p2a: Swampert
|-singleturn|p2a: Swampert|Protect
|move|p1a: Yellow Lizard|Hidden Power|p2a: Swampert
|-activate|p2a: Swampert|Protect
|
|-weather|Sandstorm|[upkeep]
|-damage|p1a: Yellow Lizard|51/100|[from] Sandstorm
|-heal|p1a: Yellow Lizard|58/100|[from] item: Leftovers
|-heal|p2a: Swampert|61/100|[from] item: Leftovers
|upkeep
|turn|35
|
|t:|1731144829
|move|p1a: Yellow Lizard|Hidden Power|p2a: Swampert
|-crit|p2a: Swampert
|-damage|p2a: Swampert|18/100
|move|p2a: Swampert|Ice Beam|p1a: Yellow Lizard
|-supereffective|p1a: Yellow Lizard
|-damage|p1a: Yellow Lizard|14/100
|
|-weather|Sandstorm|[upkeep]
|-damage|p1a: Yellow Lizard|8/100|[from] Sandstorm
|-heal|p1a: Yellow Lizard|14/100|[from] item: Leftovers
|-heal|p2a: Swampert|25/100|[from] item: Leftovers
|upkeep
|turn|36
|
|t:|1731144838
|switch|p1a: Blue Lizard|Swampert, M|23/100 tox
|-damage|p1a: Blue Lizard|6/100 tox|[from] Spikes
|move|p2a: Swampert|Protect||[still]
|-fail|p2a: Swampert
|
|-weather|Sandstorm|[upkeep]
|-heal|p1a: Blue Lizard|12/100 tox|[from] item: Leftovers
|-damage|p1a: Blue Lizard|6/100 tox|[from] psn
|-heal|p2a: Swampert|31/100|[from] item: Leftovers
|upkeep
|turn|37
|
|t:|1731144842
|move|p2a: Swampert|Protect|p2a: Swampert
|-singleturn|p2a: Swampert|Protect
|move|p1a: Blue Lizard|Surf|p2a: Swampert
|-activate|p2a: Swampert|Protect
|
|-weather|Sandstorm|[upkeep]
|-heal|p1a: Blue Lizard|12/100 tox|[from] item: Leftovers
|-damage|p1a: Blue Lizard|0 fnt|[from] psn
|faint|p1a: Blue Lizard
|-heal|p2a: Swampert|37/100|[from] item: Leftovers
|upkeep
|
|t:|1731144844
|switch|p1a: Green Lizard|Tyranitar, F|100/100
|-damage|p1a: Green Lizard|84/100|[from] Spikes
|turn|38
|
|t:|1731144851
|move|p1a: Green Lizard|Hidden Power|p2a: Swampert
|-supereffective|p2a: Swampert
|-damage|p2a: Swampert|0 fnt
|faint|p2a: Swampert
|
|t:|1731144864
|switch|p2a: Skarmory|Skarmory, M|62/100
|
|-weather|Sandstorm|[upkeep]
|-heal|p1a: Green Lizard|90/100|[from] item: Leftovers
|-heal|p2a: Skarmory|68/100|[from] item: Leftovers
|upkeep
|turn|39
|
|t:|1731144873
|move|p1a: Green Lizard|Dragon Dance|p1a: Green Lizard
|-boost|p1a: Green Lizard|atk|1
|-boost|p1a: Green Lizard|spe|1
|move|p2a: Skarmory|Toxic|p1a: Green Lizard
|-status|p1a: Green Lizard|tox
|
|-weather|Sandstorm|[upkeep]
|-heal|p1a: Green Lizard|96/100 tox|[from] item: Leftovers
|-damage|p1a: Green Lizard|90/100 tox|[from] psn
|-heal|p2a: Skarmory|74/100|[from] item: Leftovers
|upkeep
|turn|40
|
|t:|1731144880
|move|p1a: Green Lizard|Rock Slide|p2a: Skarmory
|-damage|p2a: Skarmory|32/100
|move|p2a: Skarmory|Roar|p1a: Green Lizard
|drag|p1a: Yellow Lizard|Zapdos|14/100
|
|-weather|Sandstorm|[upkeep]
|-damage|p1a: Yellow Lizard|8/100|[from] Sandstorm
|-heal|p1a: Yellow Lizard|14/100|[from] item: Leftovers
|-heal|p2a: Skarmory|38/100|[from] item: Leftovers
|upkeep
|turn|41
|
|t:|1731144885
|move|p2a: Skarmory|Protect|p2a: Skarmory
|-singleturn|p2a: Skarmory|Protect
|move|p1a: Yellow Lizard|Thunderbolt|p2a: Skarmory
|-activate|p2a: Skarmory|Protect
|
|-weather|Sandstorm|[upkeep]
|-damage|p1a: Yellow Lizard|8/100|[from] Sandstorm
|-heal|p1a: Yellow Lizard|14/100|[from] item: Leftovers
|-heal|p2a: Skarmory|44/100|[from] item: Leftovers
|upkeep
|turn|42
|
|t:|1731144893
|switch|p2a: Magneton|Magneton|18/100
|move|p1a: Yellow Lizard|Thunderbolt|p2a: Magneton
|-resisted|p2a: Magneton
|-damage|p2a: Magneton|0 fnt
|faint|p2a: Magneton
|
|t:|1731144895
|switch|p2a: Aerodactyl|Aerodactyl, M|61/100
|
|-weather|Sandstorm|[upkeep]
|-damage|p1a: Yellow Lizard|8/100|[from] Sandstorm
|-heal|p1a: Yellow Lizard|14/100|[from] item: Leftovers
|upkeep
|turn|43
|
|t:|1731144900
|move|p1a: Yellow Lizard|Protect|p1a: Yellow Lizard
|-singleturn|p1a: Yellow Lizard|Protect
|move|p2a: Aerodactyl|Double-Edge|p1a: Yellow Lizard
|-activate|p1a: Yellow Lizard|Protect
|
|-weather|Sandstorm|[upkeep]
|-damage|p1a: Yellow Lizard|8/100|[from] Sandstorm
|-heal|p1a: Yellow Lizard|14/100|[from] item: Leftovers
|upkeep
|turn|44
|
|t:|1731144915
|switch|p1a: Green Lizard|Tyranitar, F|90/100 tox
|-damage|p1a: Green Lizard|73/100 tox|[from] Spikes
|move|p2a: Aerodactyl|Double-Edge|p1a: Green Lizard
|-resisted|p1a: Green Lizard
|-damage|p1a: Green Lizard|53/100 tox
|
|-weather|Sandstorm|[upkeep]
|-heal|p1a: Green Lizard|59/100 tox|[from] item: Leftovers
|-damage|p1a: Green Lizard|53/100 tox|[from] psn
|upkeep
|turn|45
|
|t:|1731144924
|move|p2a: Aerodactyl|Double-Edge|p1a: Green Lizard
|-resisted|p1a: Green Lizard
|-damage|p1a: Green Lizard|32/100 tox
|move|p1a: Green Lizard|Rock Slide|p2a: Aerodactyl
|-supereffective|p2a: Aerodactyl
|-damage|p2a: Aerodactyl|0 fnt
|faint|p2a: Aerodactyl
|
|t:|1731144929
|switch|p2a: Skarmory|Skarmory, M|44/100
|
|-weather|Sandstorm|[upkeep]
|-heal|p1a: Green Lizard|38/100 tox|[from] item: Leftovers
|-damage|p1a: Green Lizard|26/100 tox|[from] psn
|-heal|p2a: Skarmory|50/100|[from] item: Leftovers
|upkeep
|turn|46
|
|t:|1731144934
|move|p1a: Green Lizard|Rock Slide|p2a: Skarmory
|-damage|p2a: Skarmory|16/100
|move|p2a: Skarmory|Spikes|p1a: Green Lizard
|-sidestart|p1: Msousagamer|Spikes
|
|-weather|Sandstorm|[upkeep]
|-heal|p1a: Green Lizard|32/100 tox|[from] item: Leftovers
|-damage|p1a: Green Lizard|13/100 tox|[from] psn
|-heal|p2a: Skarmory|22/100|[from] item: Leftovers
|upkeep
|turn|47
|c|☆Void|lol i got distracted by someone and misclicked
|c|☆Void|fuck me
|
|t:|1731144953
|move|p2a: Skarmory|Protect|p2a: Skarmory
|-singleturn|p2a: Skarmory|Protect
|move|p1a: Green Lizard|Rock Slide|p2a: Skarmory
|-activate|p2a: Skarmory|Protect
|
|-weather|Sandstorm|[upkeep]
|-heal|p1a: Green Lizard|20/100 tox|[from] item: Leftovers
|-damage|p1a: Green Lizard|0 fnt|[from] psn
|faint|p1a: Green Lizard
|-heal|p2a: Skarmory|28/100|[from] item: Leftovers
|upkeep
|
|t:|1731144956
|switch|p1a: Yellow Lizard|Zapdos|14/100
|turn|48
|c|☆Void|gg
|c|☆Msousagamer|Doesn't tbolt kill anyway?
|c|☆Msousagamer|Gg
|
|t:|1731144965
|move|p1a: Yellow Lizard|Thunderbolt|p2a: Skarmory
|-supereffective|p2a: Skarmory
|-damage|p2a: Skarmory|0 fnt
|faint|p2a: Skarmory
|
|win|Msousagamer
|c|☆Void|I just switch out aero
|c|☆Void|and lock slide
|c|☆Msousagamer|Yeah it was a 50/50
|c|☆Msousagamer|Either I predict or that
|c|☆Void|That was 100%
|c|☆Msousagamer|Actually maybe yeah rock slide
|c|☆Void|well I didnt calc
|c|☆Void|You caught the choke/misclick anyway was the right thing to do
|player|p2|
|c|☆Msousagamer|U deal 40% so with toxic dmg u might get it
|player|p1|
|player|p2|Void|#splxvwolfpack|

</script>
<script type="application/json" class="data" id="replaydata-smogtours-gen3ou-805365">
{"id":"smogtours-gen3ou-805365","format":"[Gen 3] OU","players":["Msousagamer","Void"],"uploadtime":1731144965,"views":63,"formatid":"gen3ou","rating":null,"private":0,"password":null}
</script>

<script defer src="js/replays.js?9d40a366"></script>
