<!DOCTYPE html>
<meta charset="utf-8" />
<meta name="viewport" content="width=device-width" />

<title>[Gen 3] OU: Rainer2424 vs. Zpanther - Replays - Pok&eacute;mon Showdown!</title>

<meta name="description" content="Watch a replay of a Pok&eacute;mon battle between Rainer2424 and Zpanther! Format: [Gen 3] OU; Date: Oct 27, 2024" />
<!--

Hey, you! Looking in the source for the replay log?

You can find them in JSON format, just add `.json` at the end of a replay URL.

https://replay.pokemonshowdown.com/gen7randomdoublesbattle-865046831.json

Or, if you only need the log itself, add `.log` instead:

https://replay.pokemonshowdown.com/gen7randomdoublesbattle-865046831.log

-->

<link rel="stylesheet" href="//pokemonshowdown.com/style/global.css?0.023195364461161105" />
<link rel="stylesheet" href="//play.pokemonshowdown.com/style/font-awesome.css?0.13261647063804238" />
<link rel="stylesheet" href="//play.pokemonshowdown.com/style/battle.css?0.8753245789963631" />
<link rel="stylesheet" href="//play.pokemonshowdown.com/style/utilichart.css?0.8627959624976733" />

<!-- Global site tag (gtag.js) - Google Analytics -->
<script async src="https://www.googletagmanager.com/gtag/js?id=UA-26211653-1"></script>
<script>
  window.dataLayer = window.dataLayer || [];
  function gtag(){dataLayer.push(arguments);}
  gtag('js', new Date());

  gtag('config', 'UA-26211653-1');
</script>
<!-- End Google Analytics -->
<!-- Venatus Ad Manager - Install in <HEAD> of page -->
	<script src="https://hb.vntsm.com/v3/live/ad-manager.min.js" type="text/javascript" data-site-id="642aba63ec9a7b11c3c9c1be" data-mode="scan" async></script>
<!-- / Venatus Ad Manager -->

<style>
	@media (max-width:820px) {
		.battle {
			margin: 0 auto;
		}
		.battle-log {
			margin: 7px auto 0;
			max-width: 640px;
			height: 300px;
			position: static;
		}
	}
	.optgroup {
		display: inline-block;
		line-height: 22px;
		font-size: 10pt;
	}
	.optgroup .button {
		height: 25px;
		padding-top: 0;
		padding-bottom: 0;
	}
	.optgroup button.button {
		padding-left: 12px;
		padding-right: 12px;
	}
	.linklist {
		list-style: none;
		margin: 0.5em 0;
		padding: 0;
	}
	.linklist li {
		padding: 2px 0;
	}
	.sidebar {
		float: left;
		width: 320px;
	}
	.bar-wrapper {
		max-width: 1100px;
		margin: 0 auto;
	}
	.bar-wrapper.has-sidebar {
		max-width: 1430px;
	}
	.mainbar {
		margin: 0;
		padding-right: 1px;
	}
	.mainbar.has-sidebar {
		margin-left: 330px;
	}
	@media (min-width: 1511px) {
		.sidebar {
			width: 400px;
		}
		.bar-wrapper.has-sidebar {
			max-width: 1510px;
		}
		.mainbar.has-sidebar {
			margin-left: 410px;
		}
	}
	.section.first-section {
		margin-top: 9px;
	}
	.blocklink small {
		white-space: normal;
	}
	.button {
		vertical-align: middle;
	}
	.replay-controls {
		padding-top: 10px;
	}
	.replay-controls h1 {
		font-size: 16pt;
		font-weight: normal;
		color: #CCC;
	}
	.pagelink {
		text-align: center;
	}
	.pagelink a {
		width: 150px;
	}
	.textbox, .button {
		font-size: 11pt;
		vertical-align: middle;
	}
	@media (max-width: 450px) {
		.button {
			font-size: 9pt;
		}
	}
</style>

<div>

	<header>
		<div class="nav-wrapper"><ul class="nav">
			<li><a class="button nav-first" href="//pokemonshowdown.com/"><img src="//pokemonshowdown.com/images/pokemonshowdownbeta.png" srcset="//pokemonshowdown.com/images/pokemonshowdownbeta.png 1x, //pokemonshowdown.com/images/pokemonshowdownbeta@2x.png 2x" alt="Pok&eacute;mon Showdown" width="146" height="44" /> Home</a></li>
			<li><a class="button" href="//pokemonshowdown.com/dex/">Pok&eacute;dex</a></li>
			<li><a class="button cur" href="/">Replays</a></li>
			<li><a class="button" href="//pokemonshowdown.com/ladder/">Ladder</a></li>
			<li><a class="button nav-last" href="//pokemonshowdown.com/forums/">Forum</a></li>
			<li><a class="button greenbutton nav-first nav-last" href="//play.pokemonshowdown.com/">Play</a></li>
		</ul></div>
	</header>

	<div class="main" id="main">

		<noscript><section class="section">You need to enable JavaScript to use this page; sorry!</section></noscript>

	</div>

</div>

<script defer nomodule src="//play.pokemonshowdown.com/js/lib/ps-polyfill.js"></script>
<script defer src="//play.pokemonshowdown.com/js/lib/preact.min.js"></script>

<script defer src="//play.pokemonshowdown.com/config/config.js?2bddbc15"></script>
<script defer src="//play.pokemonshowdown.com/js/lib/jquery-1.11.0.min.js"></script>
<script defer src="//play.pokemonshowdown.com/js/lib/html-sanitizer-minified.js"></script>
<script defer src="//play.pokemonshowdown.com/js/battle-sound.js"></script>
<script defer src="//play.pokemonshowdown.com/js/battledata.js?0.7209276989879541"></script>
<script defer src="//play.pokemonshowdown.com/data/pokedex-mini.js?0.6111056340867951"></script>
<script defer src="//play.pokemonshowdown.com/data/pokedex-mini-bw.js?0.3532142036491459"></script>
<script defer src="//play.pokemonshowdown.com/data/graphics.js?0.24223875632456182"></script>
<script defer src="//play.pokemonshowdown.com/data/pokedex.js?0.38839984266356864"></script>
<script defer src="//play.pokemonshowdown.com/data/moves.js?0.21866028504024015"></script>
<script defer src="//play.pokemonshowdown.com/data/abilities.js?0.2005157953846628"></script>
<script defer src="//play.pokemonshowdown.com/data/items.js?0.9894211263848525"></script>
<script defer src="//play.pokemonshowdown.com/data/teambuilder-tables.js?0.6008791140282215"></script>
<script defer src="//play.pokemonshowdown.com/js/battle-tooltips.js?0.7580118955022959"></script>
<script defer src="//play.pokemonshowdown.com/js/battle.js?0.6057722274234274"></script>

<script defer src="js/utils.js?e31f9a17"></script>
<script defer src="js/replays-battle.js?7008c182"></script>

<!-- don't scrape this data! just add .json or .log after the URL!
Full API docs: https://github.com/smogon/pokemon-showdown-client/blob/master/WEB-API.md -->
<script type="text/plain" class="log" id="replaylog-smogtours-gen3ou-802795">
|inactive|Battle timer is ON: inactive players will automatically lose when time's up.
|t:|1730066541
|gametype|singles
|player|p1|Rainer2424|266|
|player|p2|Zpanther|rose-zerosuit|
|teamsize|p1|6
|teamsize|p2|6
|gen|3
|tier|[Gen 3] OU
|rule|Sleep Clause Mod: Limit one foe put to sleep
|rule|Switch Priority Clause Mod: Faster Pokémon switch first
|rule|Species Clause: Limit one of each Pokémon
|rule|OHKO Clause: OHKO moves are banned
|rule|Evasion Items Clause: Evasion items are banned
|rule|Evasion Moves Clause: Evasion moves are banned
|rule|Endless Battle Clause: Forcing endless battles is banned
|rule|HP Percentage Mod: HP is shown in percentages
|rule|One Boost Passer Clause: Limit one Baton Passer that has a way to boost its stats
|rule|Freeze Clause Mod: Limit one foe frozen
|
|t:|1730066541
|start
|switch|p1a: TheMiseducation|Zapdos|100/100
|switch|p2a: Salamence|Salamence, M|100/100
|-ability|p2a: Salamence|Intimidate|boost
|-unboost|p1a: TheMiseducation|atk|1
|turn|1
|c|☆Zpanther|hf
|c|☆Rainer2424|You too mate
|inactive|Zpanther has 270 seconds left.
|
|t:|1730066574
|switch|p2a: Blissey|Blissey, F|100/100
|move|p1a: TheMiseducation|Hidden Power|p2a: Blissey
|-damage|p2a: Blissey|90/100
|
|-heal|p2a: Blissey|96/100|[from] item: Leftovers
|upkeep
|turn|2
|
|t:|1730066580
|move|p1a: TheMiseducation|Baton Pass|p1a: TheMiseducation
|
|t:|1730066584
|switch|p1a: LostOnes|Celebi|100/100|[from] Baton Pass
|move|p2a: Blissey|Ice Beam|p1a: LostOnes
|-supereffective|p1a: LostOnes
|-damage|p1a: LostOnes|62/100
|
|-heal|p1a: LostOnes|68/100|[from] item: Leftovers
|-heal|p2a: Blissey|100/100|[from] item: Leftovers
|upkeep
|turn|3
|
|t:|1730066588
|switch|p2a: Skarmory|Skarmory, F|100/100
|move|p1a: LostOnes|Leech Seed|p2a: Skarmory
|-start|p2a: Skarmory|move: Leech Seed
|
|-heal|p1a: LostOnes|74/100|[from] item: Leftovers
|-damage|p2a: Skarmory|88/100|[from] Leech Seed|[of] p1a: LostOnes
|-heal|p1a: LostOnes|85/100|[silent]
|upkeep
|turn|4
|
|t:|1730066595
|move|p1a: LostOnes|Calm Mind|p1a: LostOnes
|-boost|p1a: LostOnes|spa|1
|-boost|p1a: LostOnes|spd|1
|move|p2a: Skarmory|Spikes|p1a: LostOnes
|-sidestart|p1: Rainer2424|Spikes
|
|-heal|p1a: LostOnes|91/100|[from] item: Leftovers
|-heal|p2a: Skarmory|94/100|[from] item: Leftovers
|-damage|p2a: Skarmory|82/100|[from] Leech Seed|[of] p1a: LostOnes
|-heal|p1a: LostOnes|100/100|[silent]
|upkeep
|turn|5
|
|t:|1730066597
|move|p1a: LostOnes|Hidden Power|p2a: Skarmory
|-supereffective|p2a: Skarmory
|-damage|p2a: Skarmory|15/100
|move|p2a: Skarmory|Roar|p1a: LostOnes
|drag|p1a: UsedToLoveHim|Swampert, M|100/100
|-damage|p1a: UsedToLoveHim|88/100|[from] Spikes
|
|-heal|p2a: Skarmory|21/100|[from] item: Leftovers
|-damage|p2a: Skarmory|9/100|[from] Leech Seed|[of] p1a: UsedToLoveHim
|-heal|p1a: UsedToLoveHim|99/100|[silent]
|-heal|p1a: UsedToLoveHim|100/100|[from] item: Leftovers
|upkeep
|turn|6
|
|t:|1730066603
|move|p2a: Skarmory|Toxic|p1a: UsedToLoveHim|[miss]
|-miss|p2a: Skarmory|p1a: UsedToLoveHim
|move|p1a: UsedToLoveHim|Ice Beam|p2a: Skarmory
|-damage|p2a: Skarmory|0 fnt
|faint|p2a: Skarmory
|
|t:|1730066611
|switch|p2a: Blissey|Blissey, F|100/100
|
|upkeep
|turn|7
|
|t:|1730066614
|move|p2a: Blissey|Seismic Toss|p1a: UsedToLoveHim
|-damage|p1a: UsedToLoveHim|73/100
|move|p1a: UsedToLoveHim|Earthquake|p2a: Blissey
|-damage|p2a: Blissey|56/100
|
|-heal|p2a: Blissey|62/100|[from] item: Leftovers
|-heal|p1a: UsedToLoveHim|80/100|[from] item: Leftovers
|upkeep
|turn|8
|
|t:|1730066622
|move|p2a: Blissey|Seismic Toss|p1a: UsedToLoveHim
|-damage|p1a: UsedToLoveHim|53/100
|move|p1a: UsedToLoveHim|Ice Beam|p2a: Blissey
|-damage|p2a: Blissey|53/100
|
|-heal|p2a: Blissey|59/100|[from] item: Leftovers
|-heal|p1a: UsedToLoveHim|59/100|[from] item: Leftovers
|upkeep
|turn|9
|
|t:|1730066635
|switch|p2a: Salamence|Salamence, M|100/100
|-ability|p2a: Salamence|Intimidate|boost
|-unboost|p1a: UsedToLoveHim|atk|1
|move|p1a: UsedToLoveHim|Earthquake|p2a: Salamence
|-immune|p2a: Salamence
|
|-heal|p1a: UsedToLoveHim|65/100|[from] item: Leftovers
|upkeep
|turn|10
|
|t:|1730066638
|switch|p1a: TheMiseducation|Zapdos|100/100
|move|p2a: Salamence|Hidden Power|p1a: TheMiseducation
|-resisted|p1a: TheMiseducation
|-damage|p1a: TheMiseducation|89/100
|
|-heal|p1a: TheMiseducation|95/100|[from] item: Leftovers
|upkeep
|turn|11
|
|t:|1730066644
|switch|p2a: Tyranitar|Tyranitar, M|100/100
|-weather|Sandstorm|[from] ability: Sand Stream|[of] p2a: Tyranitar
|move|p1a: TheMiseducation|Baton Pass|p1a: TheMiseducation
|
|t:|1730066648
|switch|p1a: UsedToLoveHim|Swampert, M|65/100|[from] Baton Pass
|-damage|p1a: UsedToLoveHim|53/100|[from] Spikes
|
|-weather|Sandstorm|[upkeep]
|-heal|p1a: UsedToLoveHim|59/100|[from] item: Leftovers
|upkeep
|turn|12
|
|t:|1730066657
|move|p2a: Tyranitar|Double-Edge|p1a: UsedToLoveHim
|-damage|p1a: UsedToLoveHim|0 fnt
|-damage|p2a: Tyranitar|79/100|[from] Recoil|[of] p1a: UsedToLoveHim
|faint|p1a: UsedToLoveHim
|
|t:|1730066660
|switch|p1a: ThatThing|Dugtrio, M|100/100
|-damage|p1a: ThatThing|88/100|[from] Spikes
|
|-weather|Sandstorm|[upkeep]
|upkeep
|turn|13
|
|t:|1730066663
|move|p1a: ThatThing|Earthquake|p2a: Tyranitar
|-supereffective|p2a: Tyranitar
|-damage|p2a: Tyranitar|0 fnt
|faint|p2a: Tyranitar
|
|t:|1730066667
|switch|p2a: Salamence|Salamence, M|100/100
|-ability|p2a: Salamence|Intimidate|boost
|-unboost|p1a: ThatThing|atk|1
|
|-weather|Sandstorm|[upkeep]
|-damage|p2a: Salamence|94/100|[from] Sandstorm
|-heal|p2a: Salamence|100/100|[from] item: Leftovers
|upkeep
|turn|14
|
|t:|1730066672
|switch|p1a: TheMiseducation|Zapdos|95/100
|move|p2a: Salamence|Dragon Claw|p1a: TheMiseducation
|-damage|p1a: TheMiseducation|52/100
|
|-weather|Sandstorm|[upkeep]
|-damage|p2a: Salamence|94/100|[from] Sandstorm
|-damage|p1a: TheMiseducation|46/100|[from] Sandstorm
|-heal|p2a: Salamence|100/100|[from] item: Leftovers
|-heal|p1a: TheMiseducation|52/100|[from] item: Leftovers
|upkeep
|turn|15
|
|t:|1730066689
|move|p2a: Salamence|Dragon Claw|p1a: TheMiseducation
|-damage|p1a: TheMiseducation|14/100
|move|p1a: TheMiseducation|Baton Pass|p1a: TheMiseducation
|
|t:|1730066706
|switch|p1a: Ex-Factor|Kingdra, M|100/100|[from] Baton Pass
|-damage|p1a: Ex-Factor|88/100|[from] Spikes
|
|-weather|Sandstorm|[upkeep]
|-damage|p2a: Salamence|94/100|[from] Sandstorm
|-damage|p1a: Ex-Factor|82/100|[from] Sandstorm
|-heal|p2a: Salamence|100/100|[from] item: Leftovers
|-heal|p1a: Ex-Factor|88/100|[from] item: Leftovers
|upkeep
|turn|16
|
|t:|1730066714
|move|p2a: Salamence|Dragon Claw|p1a: Ex-Factor
|-supereffective|p1a: Ex-Factor
|-damage|p1a: Ex-Factor|0 fnt
|faint|p1a: Ex-Factor
|
|t:|1730066720
|switch|p1a: LostOnes|Celebi|100/100
|-damage|p1a: LostOnes|88/100|[from] Spikes
|
|-weather|Sandstorm|[upkeep]
|-damage|p2a: Salamence|94/100|[from] Sandstorm
|-damage|p1a: LostOnes|82/100|[from] Sandstorm
|-heal|p2a: Salamence|100/100|[from] item: Leftovers
|-heal|p1a: LostOnes|88/100|[from] item: Leftovers
|upkeep
|turn|17
|
|t:|1730066724
|move|p2a: Salamence|Fire Blast|p1a: LostOnes
|-supereffective|p1a: LostOnes
|-damage|p1a: LostOnes|23/100
|move|p1a: LostOnes|Leech Seed|p2a: Salamence
|-start|p2a: Salamence|move: Leech Seed
|
|-weather|Sandstorm|[upkeep]
|-damage|p2a: Salamence|94/100|[from] Sandstorm
|-damage|p1a: LostOnes|17/100|[from] Sandstorm
|-heal|p2a: Salamence|100/100|[from] item: Leftovers
|-damage|p2a: Salamence|88/100|[from] Leech Seed|[of] p1a: LostOnes
|-heal|p1a: LostOnes|28/100|[silent]
|-heal|p1a: LostOnes|34/100|[from] item: Leftovers
|upkeep
|turn|18
|
|t:|1730066732
|move|p2a: Salamence|Dragon Claw|p1a: LostOnes
|-damage|p1a: LostOnes|1/100
|move|p1a: LostOnes|Calm Mind|p1a: LostOnes
|-boost|p1a: LostOnes|spa|1
|-boost|p1a: LostOnes|spd|1
|
|-weather|Sandstorm|[upkeep]
|-damage|p2a: Salamence|82/100|[from] Sandstorm
|-damage|p1a: LostOnes|0 fnt|[from] Sandstorm
|faint|p1a: LostOnes
|-heal|p2a: Salamence|88/100|[from] item: Leftovers
|upkeep
|
|t:|1730066739
|switch|p1a: Superstar|Jirachi|100/100
|-damage|p1a: Superstar|88/100|[from] Spikes
|turn|19
|
|t:|1730066743
|switch|p2a: Metagross|Metagross|100/100
|move|p1a: Superstar|Substitute|p1a: Superstar
|-start|p1a: Superstar|Substitute
|-damage|p1a: Superstar|63/100
|
|-weather|Sandstorm|[upkeep]
|-heal|p1a: Superstar|69/100|[from] item: Leftovers
|upkeep
|turn|20
|
|t:|1730066746
|move|p1a: Superstar|Fire Punch|p2a: Metagross
|-supereffective|p2a: Metagross
|-damage|p2a: Metagross|50/100
|-status|p2a: Metagross|brn
|move|p2a: Metagross|Earthquake|p1a: Superstar
|-supereffective|p1a: Superstar
|-end|p1a: Superstar|Substitute
|
|-weather|Sandstorm|[upkeep]
|-heal|p1a: Superstar|75/100|[from] item: Leftovers
|-heal|p2a: Metagross|56/100 brn|[from] item: Leftovers
|-damage|p2a: Metagross|44/100 brn|[from] brn
|upkeep
|turn|21
|
|t:|1730066751
|move|p1a: Superstar|Fire Punch|p2a: Metagross
|-supereffective|p2a: Metagross
|-damage|p2a: Metagross|0 fnt
|faint|p2a: Metagross
|
|t:|1730066754
|switch|p2a: Salamence|Salamence, M|88/100
|-ability|p2a: Salamence|Intimidate|boost
|-unboost|p1a: Superstar|atk|1
|
|-weather|Sandstorm|[upkeep]
|-damage|p2a: Salamence|82/100|[from] Sandstorm
|-heal|p2a: Salamence|88/100|[from] item: Leftovers
|-heal|p1a: Superstar|82/100|[from] item: Leftovers
|upkeep
|turn|22
|
|t:|1730066765
|move|p2a: Salamence|Fire Blast|p1a: Superstar
|-supereffective|p1a: Superstar
|-damage|p1a: Superstar|13/100
|move|p1a: Superstar|Psychic|p2a: Salamence
|-damage|p2a: Salamence|34/100
|
|-weather|Sandstorm|[upkeep]
|-damage|p2a: Salamence|28/100|[from] Sandstorm
|-heal|p2a: Salamence|34/100|[from] item: Leftovers
|-heal|p1a: Superstar|19/100|[from] item: Leftovers
|upkeep
|turn|23
|
|t:|1730066772
|move|p2a: Salamence|Fire Blast|p1a: Superstar
|-supereffective|p1a: Superstar
|-damage|p1a: Superstar|0 fnt
|faint|p1a: Superstar
|
|t:|1730066775
|switch|p1a: TheMiseducation|Zapdos|14/100
|
|-weather|Sandstorm|[upkeep]
|-damage|p2a: Salamence|28/100|[from] Sandstorm
|-damage|p1a: TheMiseducation|8/100|[from] Sandstorm
|-heal|p2a: Salamence|34/100|[from] item: Leftovers
|-heal|p1a: TheMiseducation|14/100|[from] item: Leftovers
|upkeep
|turn|24
|
|t:|1730066778
|switch|p2a: Blissey|Blissey, F|59/100
|move|p1a: TheMiseducation|Thunderbolt|p2a: Blissey
|-damage|p2a: Blissey|38/100
|
|-weather|Sandstorm|[upkeep]
|-damage|p1a: TheMiseducation|8/100|[from] Sandstorm
|-damage|p2a: Blissey|31/100|[from] Sandstorm
|-heal|p1a: TheMiseducation|14/100|[from] item: Leftovers
|-heal|p2a: Blissey|38/100|[from] item: Leftovers
|upkeep
|turn|25
|
|t:|1730066782
|move|p1a: TheMiseducation|Thunderbolt|p2a: Blissey
|-damage|p2a: Blissey|17/100
|move|p2a: Blissey|Soft-Boiled|p2a: Blissey
|-heal|p2a: Blissey|67/100
|
|-weather|Sandstorm|[upkeep]
|-damage|p1a: TheMiseducation|8/100|[from] Sandstorm
|-damage|p2a: Blissey|61/100|[from] Sandstorm
|-heal|p1a: TheMiseducation|14/100|[from] item: Leftovers
|-heal|p2a: Blissey|67/100|[from] item: Leftovers
|upkeep
|turn|26
|
|t:|1730066784
|move|p1a: TheMiseducation|Thunderbolt|p2a: Blissey
|-damage|p2a: Blissey|46/100
|move|p2a: Blissey|Soft-Boiled|p2a: Blissey
|-heal|p2a: Blissey|96/100
|
|-weather|Sandstorm|[upkeep]
|-damage|p1a: TheMiseducation|8/100|[from] Sandstorm
|-damage|p2a: Blissey|90/100|[from] Sandstorm
|-heal|p1a: TheMiseducation|14/100|[from] item: Leftovers
|-heal|p2a: Blissey|96/100|[from] item: Leftovers
|upkeep
|turn|27
|-message|Rainer2424 forfeited.
|
|win|Zpanther
|c|☆Zpanther|gg
|c|☆Rainer2424|Gg
|c|☆Rainer2424|lemme grab another team rq
|c|☆Zpanther|nw

</script>
<script type="application/json" class="data" id="replaydata-smogtours-gen3ou-802795">
{"id":"smogtours-gen3ou-802795","format":"[Gen 3] OU","players":["Rainer2424","Zpanther"],"uploadtime":1730066790,"views":121,"formatid":"gen3ou","rating":null,"private":0,"password":null}
</script>

<script defer src="js/replays.js?9d40a366"></script>
