<!DOCTYPE html>
<meta charset="utf-8" />
<meta name="viewport" content="width=device-width" />

<title>[Gen 3] OU: MadelinMorningStar vs. 4lowrey - Replays - Pok&eacute;mon Showdown!</title>

<meta name="description" content="Watch a replay of a Pok&eacute;mon battle between MadelinMorningStar and 4lowrey! Format: [Gen 3] OU; Date: Oct 20, 2024" />
<!--

Hey, you! Looking in the source for the replay log?

You can find them in JSON format, just add `.json` at the end of a replay URL.

https://replay.pokemonshowdown.com/gen7randomdoublesbattle-865046831.json

Or, if you only need the log itself, add `.log` instead:

https://replay.pokemonshowdown.com/gen7randomdoublesbattle-865046831.log

-->

<link rel="stylesheet" href="//pokemonshowdown.com/style/global.css?0.023195364461161105" />
<link rel="stylesheet" href="//play.pokemonshowdown.com/style/font-awesome.css?0.13261647063804238" />
<link rel="stylesheet" href="//play.pokemonshowdown.com/style/battle.css?0.8753245789963631" />
<link rel="stylesheet" href="//play.pokemonshowdown.com/style/utilichart.css?0.8627959624976733" />

<!-- Global site tag (gtag.js) - Google Analytics -->
<script async src="https://www.googletagmanager.com/gtag/js?id=UA-26211653-1"></script>
<script>
  window.dataLayer = window.dataLayer || [];
  function gtag(){dataLayer.push(arguments);}
  gtag('js', new Date());

  gtag('config', 'UA-26211653-1');
</script>
<!-- End Google Analytics -->
<!-- Venatus Ad Manager - Install in <HEAD> of page -->
	<script src="https://hb.vntsm.com/v3/live/ad-manager.min.js" type="text/javascript" data-site-id="642aba63ec9a7b11c3c9c1be" data-mode="scan" async></script>
<!-- / Venatus Ad Manager -->

<style>
	@media (max-width:820px) {
		.battle {
			margin: 0 auto;
		}
		.battle-log {
			margin: 7px auto 0;
			max-width: 640px;
			height: 300px;
			position: static;
		}
	}
	.optgroup {
		display: inline-block;
		line-height: 22px;
		font-size: 10pt;
	}
	.optgroup .button {
		height: 25px;
		padding-top: 0;
		padding-bottom: 0;
	}
	.optgroup button.button {
		padding-left: 12px;
		padding-right: 12px;
	}
	.linklist {
		list-style: none;
		margin: 0.5em 0;
		padding: 0;
	}
	.linklist li {
		padding: 2px 0;
	}
	.sidebar {
		float: left;
		width: 320px;
	}
	.bar-wrapper {
		max-width: 1100px;
		margin: 0 auto;
	}
	.bar-wrapper.has-sidebar {
		max-width: 1430px;
	}
	.mainbar {
		margin: 0;
		padding-right: 1px;
	}
	.mainbar.has-sidebar {
		margin-left: 330px;
	}
	@media (min-width: 1511px) {
		.sidebar {
			width: 400px;
		}
		.bar-wrapper.has-sidebar {
			max-width: 1510px;
		}
		.mainbar.has-sidebar {
			margin-left: 410px;
		}
	}
	.section.first-section {
		margin-top: 9px;
	}
	.blocklink small {
		white-space: normal;
	}
	.button {
		vertical-align: middle;
	}
	.replay-controls {
		padding-top: 10px;
	}
	.replay-controls h1 {
		font-size: 16pt;
		font-weight: normal;
		color: #CCC;
	}
	.pagelink {
		text-align: center;
	}
	.pagelink a {
		width: 150px;
	}
	.textbox, .button {
		font-size: 11pt;
		vertical-align: middle;
	}
	@media (max-width: 450px) {
		.button {
			font-size: 9pt;
		}
	}
</style>

<div>

	<header>
		<div class="nav-wrapper"><ul class="nav">
			<li><a class="button nav-first" href="//pokemonshowdown.com/"><img src="//pokemonshowdown.com/images/pokemonshowdownbeta.png" srcset="//pokemonshowdown.com/images/pokemonshowdownbeta.png 1x, //pokemonshowdown.com/images/pokemonshowdownbeta@2x.png 2x" alt="Pok&eacute;mon Showdown" width="146" height="44" /> Home</a></li>
			<li><a class="button" href="//pokemonshowdown.com/dex/">Pok&eacute;dex</a></li>
			<li><a class="button cur" href="/">Replays</a></li>
			<li><a class="button" href="//pokemonshowdown.com/ladder/">Ladder</a></li>
			<li><a class="button nav-last" href="//pokemonshowdown.com/forums/">Forum</a></li>
			<li><a class="button greenbutton nav-first nav-last" href="//play.pokemonshowdown.com/">Play</a></li>
		</ul></div>
	</header>

	<div class="main" id="main">

		<noscript><section class="section">You need to enable JavaScript to use this page; sorry!</section></noscript>

	</div>

</div>

<script defer nomodule src="//play.pokemonshowdown.com/js/lib/ps-polyfill.js"></script>
<script defer src="//play.pokemonshowdown.com/js/lib/preact.min.js"></script>

<script defer src="//play.pokemonshowdown.com/config/config.js?2bddbc15"></script>
<script defer src="//play.pokemonshowdown.com/js/lib/jquery-1.11.0.min.js"></script>
<script defer src="//play.pokemonshowdown.com/js/lib/html-sanitizer-minified.js"></script>
<script defer src="//play.pokemonshowdown.com/js/battle-sound.js"></script>
<script defer src="//play.pokemonshowdown.com/js/battledata.js?0.7209276989879541"></script>
<script defer src="//play.pokemonshowdown.com/data/pokedex-mini.js?0.6111056340867951"></script>
<script defer src="//play.pokemonshowdown.com/data/pokedex-mini-bw.js?0.3532142036491459"></script>
<script defer src="//play.pokemonshowdown.com/data/graphics.js?0.24223875632456182"></script>
<script defer src="//play.pokemonshowdown.com/data/pokedex.js?0.38839984266356864"></script>
<script defer src="//play.pokemonshowdown.com/data/moves.js?0.21866028504024015"></script>
<script defer src="//play.pokemonshowdown.com/data/abilities.js?0.2005157953846628"></script>
<script defer src="//play.pokemonshowdown.com/data/items.js?0.9894211263848525"></script>
<script defer src="//play.pokemonshowdown.com/data/teambuilder-tables.js?0.6008791140282215"></script>
<script defer src="//play.pokemonshowdown.com/js/battle-tooltips.js?0.7580118955022959"></script>
<script defer src="//play.pokemonshowdown.com/js/battle.js?0.6057722274234274"></script>

<script defer src="js/utils.js?e31f9a17"></script>
<script defer src="js/replays-battle.js?7008c182"></script>

<!-- don't scrape this data! just add .json or .log after the URL!
Full API docs: https://github.com/smogon/pokemon-showdown-client/blob/master/WEB-API.md -->
<script type="text/plain" class="log" id="replaylog-smogtours-gen3ou-800505">
|inactive|Battle timer is ON: inactive players will automatically lose when time's up.
|t:|1729440661
|gametype|singles
|player|p1|MadelinMorningStar|jasmine|
|player|p2|4lowrey|veteranf|
|teamsize|p1|6
|teamsize|p2|6
|gen|3
|tier|[Gen 3] OU
|rule|Sleep Clause Mod: Limit one foe put to sleep
|rule|Switch Priority Clause Mod: Faster Pokémon switch first
|rule|Species Clause: Limit one of each Pokémon
|rule|OHKO Clause: OHKO moves are banned
|rule|Evasion Items Clause: Evasion items are banned
|rule|Evasion Moves Clause: Evasion moves are banned
|rule|Endless Battle Clause: Forcing endless battles is banned
|rule|HP Percentage Mod: HP is shown in percentages
|rule|One Boost Passer Clause: Limit one Baton Passer that has a way to boost its stats
|rule|Freeze Clause Mod: Limit one foe frozen
|
|t:|1729440661
|start
|switch|p1a: Dugtrio|Dugtrio, M|100/100
|switch|p2a: Registeel|Registeel|100/100
|turn|1
|
|t:|1729440674
|switch|p1a: Forretress|Forretress, M|100/100
|move|p2a: Registeel|Counter|p1a: Forretress
|
|upkeep
|turn|2
|
|t:|1729440684
|move|p2a: Registeel|Thunder Wave|p1a: Forretress
|-status|p1a: Forretress|par
|move|p1a: Forretress|Spikes|p2a: Registeel
|-sidestart|p2: 4lowrey|Spikes
|
|upkeep
|turn|3
|
|t:|1729440687
|move|p2a: Registeel|Seismic Toss|p1a: Forretress
|-damage|p1a: Forretress|72/100 par
|move|p1a: Forretress|Spikes|p2a: Registeel
|-sidestart|p2: 4lowrey|Spikes
|
|-heal|p1a: Forretress|78/100 par|[from] item: Leftovers
|upkeep
|turn|4
|
|t:|1729440690
|move|p2a: Registeel|Seismic Toss|p1a: Forretress
|-damage|p1a: Forretress|50/100 par
|move|p1a: Forretress|Spikes|p2a: Registeel
|-sidestart|p2: 4lowrey|Spikes
|
|-heal|p1a: Forretress|56/100 par|[from] item: Leftovers
|upkeep
|turn|5
|
|t:|1729440697
|cant|p1a: Forretress|par
|move|p2a: Registeel|Counter|p1a: Forretress
|
|-heal|p1a: Forretress|63/100 par|[from] item: Leftovers
|upkeep
|turn|6
|
|t:|1729440721
|move|p2a: Registeel|Seismic Toss|p1a: Forretress
|-damage|p1a: Forretress|34/100 par
|move|p1a: Forretress|Rest|p1a: Forretress
|-status|p1a: Forretress|slp|[from] move: Rest
|-heal|p1a: Forretress|100/100 slp|[silent]
|
|upkeep
|turn|7
|
|t:|1729440733
|switch|p2a: Claydol|Claydol|100/100
|cant|p1a: Forretress|slp
|
|upkeep
|turn|8
|inactive|4lowrey has 270 seconds left.
|
|t:|1729440766
|switch|p2a: Registeel|Registeel|100/100
|-damage|p2a: Registeel|75/100|[from] Spikes
|switch|p1a: Suicune|Suicune|100/100
|
|-heal|p2a: Registeel|82/100|[from] item: Leftovers
|upkeep
|turn|9
|
|t:|1729440774
|move|p1a: Suicune|Surf|p2a: Registeel
|-damage|p2a: Registeel|66/100
|move|p2a: Registeel|Thunder Wave|p1a: Suicune
|-status|p1a: Suicune|par
|
|-heal|p2a: Registeel|72/100|[from] item: Leftovers
|upkeep
|turn|10
|
|t:|1729440791
|move|p2a: Registeel|Seismic Toss|p1a: Suicune
|-damage|p1a: Suicune|76/100 par
|move|p1a: Suicune|Roar|p2a: Registeel
|drag|p2a: Milotic|Milotic, F|100/100
|-damage|p2a: Milotic|76/100|[from] Spikes
|
|-heal|p2a: Milotic|82/100|[from] item: Leftovers
|-heal|p1a: Suicune|82/100 par|[from] item: Leftovers
|upkeep
|turn|11
|
|t:|1729440802
|switch|p2a: Registeel|Registeel|72/100
|-damage|p2a: Registeel|47/100|[from] Spikes
|move|p1a: Suicune|Calm Mind|p1a: Suicune
|-boost|p1a: Suicune|spa|1
|-boost|p1a: Suicune|spd|1
|
|-heal|p2a: Registeel|53/100|[from] item: Leftovers
|-heal|p1a: Suicune|88/100 par|[from] item: Leftovers
|upkeep
|turn|12
|inactive|4lowrey has 270 seconds left.
|
|t:|1729440826
|move|p2a: Registeel|Explosion|p1a: Suicune
|-damage|p1a: Suicune|41/100 par
|faint|p2a: Registeel
|inactive|4lowrey has 270 seconds left.
|
|t:|1729440832
|switch|p2a: Dugtrio|Dugtrio, M|100/100
|-damage|p2a: Dugtrio|76/100|[from] Spikes
|
|-heal|p1a: Suicune|47/100 par|[from] item: Leftovers
|upkeep
|turn|13
|
|t:|1729440838
|move|p2a: Dugtrio|Earthquake|p1a: Suicune
|-damage|p1a: Suicune|14/100 par
|move|p1a: Suicune|Surf|p2a: Dugtrio
|-supereffective|p2a: Dugtrio
|-damage|p2a: Dugtrio|0 fnt
|faint|p2a: Dugtrio
|inactive|4lowrey has 270 seconds left.
|
|t:|1729440859
|switch|p2a: Claydol|Claydol|100/100
|
|-heal|p1a: Suicune|20/100 par|[from] item: Leftovers
|upkeep
|turn|14
|
|t:|1729440865
|switch|p1a: Snorlax|Snorlax, M|100/100
|move|p2a: Claydol|Earthquake|p1a: Snorlax
|-damage|p1a: Snorlax|72/100
|
|-heal|p1a: Snorlax|78/100|[from] item: Leftovers
|upkeep
|turn|15
|
|t:|1729440868
|move|p2a: Claydol|Rapid Spin|p1a: Snorlax
|-damage|p1a: Snorlax|74/100
|-sideend|p2: 4lowrey|Spikes|[from] move: Rapid Spin|[of] p2a: Claydol
|move|p1a: Snorlax|Shadow Ball|p2a: Claydol
|-supereffective|p2a: Claydol
|-damage|p2a: Claydol|61/100
|-unboost|p2a: Claydol|spd|1
|
|-heal|p2a: Claydol|67/100|[from] item: Leftovers
|-heal|p1a: Snorlax|80/100|[from] item: Leftovers
|upkeep
|turn|16
|
|t:|1729440880
|switch|p2a: Skarmory|Skarmory, M|100/100
|move|p1a: Snorlax|Curse|p1a: Snorlax
|-unboost|p1a: Snorlax|spe|1
|-boost|p1a: Snorlax|atk|1
|-boost|p1a: Snorlax|def|1
|
|-heal|p1a: Snorlax|86/100|[from] item: Leftovers
|upkeep
|turn|17
|
|t:|1729440890
|switch|p1a: Blissey|Blissey, F|100/100
|move|p2a: Skarmory|Roar|p1a: Blissey
|drag|p1a: Claydol|Claydol|100/100
|
|upkeep
|turn|18
|
|t:|1729440902
|switch|p1a: Blissey|Blissey, F|100/100
|move|p2a: Skarmory|Spikes|p1a: Blissey
|-sidestart|p1: MadelinMorningStar|Spikes
|
|upkeep
|turn|19
|
|t:|1729440910
|move|p2a: Skarmory|Spikes|p1a: Blissey
|-sidestart|p1: MadelinMorningStar|Spikes
|move|p1a: Blissey|Aromatherapy|p1a: Blissey
|-cureteam|p1a: Blissey|[from] move: Aromatherapy
|
|upkeep
|turn|20
|
|t:|1729440919
|switch|p1a: Claydol|Claydol|100/100
|move|p2a: Skarmory|Roar|p1a: Claydol
|drag|p1a: Dugtrio|Dugtrio, M|100/100
|-damage|p1a: Dugtrio|84/100|[from] Spikes
|
|upkeep
|turn|21
|
|t:|1729440927
|switch|p1a: Claydol|Claydol|100/100
|move|p2a: Skarmory|Spikes|p1a: Claydol
|-sidestart|p1: MadelinMorningStar|Spikes
|
|upkeep
|turn|22
|
|t:|1729440935
|switch|p2a: Milotic|Milotic, F|82/100
|move|p1a: Claydol|Rapid Spin|p2a: Milotic
|-damage|p2a: Milotic|78/100
|-sideend|p1: MadelinMorningStar|Spikes|[from] move: Rapid Spin|[of] p1a: Claydol
|
|-heal|p2a: Milotic|84/100|[from] item: Leftovers
|upkeep
|turn|23
|
|t:|1729440946
|move|p2a: Milotic|Recover|p2a: Milotic
|-heal|p2a: Milotic|100/100
|move|p1a: Claydol|Earthquake|p2a: Milotic
|-damage|p2a: Milotic|76/100
|
|-heal|p2a: Milotic|82/100|[from] item: Leftovers
|upkeep
|turn|24
|
|t:|1729440953
|switch|p1a: Suicune|Suicune|20/100
|move|p2a: Milotic|Toxic|p1a: Suicune|[miss]
|-miss|p2a: Milotic|p1a: Suicune
|
|-heal|p1a: Suicune|26/100|[from] item: Leftovers
|-heal|p2a: Milotic|88/100|[from] item: Leftovers
|upkeep
|turn|25
|
|t:|1729440959
|move|p1a: Suicune|Rest|p1a: Suicune
|-status|p1a: Suicune|slp|[from] move: Rest
|-heal|p1a: Suicune|100/100 slp|[silent]
|move|p2a: Milotic|Toxic||[still]
|-fail|p2a: Milotic
|
|-heal|p2a: Milotic|94/100|[from] item: Leftovers
|upkeep
|turn|26
|
|t:|1729440969
|switch|p2a: Skarmory|Skarmory, M|100/100
|cant|p1a: Suicune|slp
|
|upkeep
|turn|27
|
|t:|1729440973
|switch|p1a: Forretress|Forretress, M|100/100
|move|p2a: Skarmory|Spikes|p1a: Forretress
|-sidestart|p1: MadelinMorningStar|Spikes
|
|upkeep
|turn|28
|
|t:|1729440979
|move|p1a: Forretress|Zap Cannon|p2a: Skarmory
|-supereffective|p2a: Skarmory
|-damage|p2a: Skarmory|74/100
|-status|p2a: Skarmory|par
|move|p2a: Skarmory|Roar|p1a: Forretress
|drag|p1a: Snorlax|Snorlax, M|86/100
|-damage|p1a: Snorlax|74/100|[from] Spikes
|
|-heal|p1a: Snorlax|80/100|[from] item: Leftovers
|-heal|p2a: Skarmory|80/100 par|[from] item: Leftovers
|upkeep
|turn|29
|
|t:|1729440984
|switch|p1a: Claydol|Claydol|100/100
|move|p2a: Skarmory|Spikes|p1a: Claydol
|-sidestart|p1: MadelinMorningStar|Spikes
|
|-heal|p2a: Skarmory|86/100 par|[from] item: Leftovers
|upkeep
|turn|30
|
|t:|1729440992
|move|p2a: Skarmory|Protect|p2a: Skarmory
|-singleturn|p2a: Skarmory|Protect
|move|p1a: Claydol|Rapid Spin|p2a: Skarmory
|-activate|p2a: Skarmory|Protect
|
|-heal|p2a: Skarmory|92/100 par|[from] item: Leftovers
|upkeep
|turn|31
|
|t:|1729441004
|move|p1a: Claydol|Rapid Spin|p2a: Skarmory
|-resisted|p2a: Skarmory
|-damage|p2a: Skarmory|90/100 par
|-sideend|p1: MadelinMorningStar|Spikes|[from] move: Rapid Spin|[of] p1a: Claydol
|move|p2a: Skarmory|Roar|p1a: Claydol
|drag|p1a: Suicune|Suicune|100/100 slp
|
|-heal|p2a: Skarmory|96/100 par|[from] item: Leftovers
|upkeep
|turn|32
|
|t:|1729441021
|switch|p2a: Blissey|Blissey, F|100/100
|cant|p1a: Suicune|slp
|
|upkeep
|turn|33
|
|t:|1729441026
|-curestatus|p1a: Suicune|slp|[msg]
|move|p1a: Suicune|Calm Mind|p1a: Suicune
|-boost|p1a: Suicune|spa|1
|-boost|p1a: Suicune|spd|1
|move|p2a: Blissey|Calm Mind|p2a: Blissey
|-boost|p2a: Blissey|spa|1
|-boost|p2a: Blissey|spd|1
|
|upkeep
|turn|34
|
|t:|1729441032
|move|p1a: Suicune|Calm Mind|p1a: Suicune
|-boost|p1a: Suicune|spa|1
|-boost|p1a: Suicune|spd|1
|move|p2a: Blissey|Calm Mind|p2a: Blissey
|-boost|p2a: Blissey|spa|1
|-boost|p2a: Blissey|spd|1
|
|upkeep
|turn|35
|
|t:|1729441039
|move|p2a: Blissey|Calm Mind|p2a: Blissey
|-boost|p2a: Blissey|spa|1
|-boost|p2a: Blissey|spd|1
|move|p1a: Suicune|Roar|p2a: Blissey
|drag|p2a: Claydol|Claydol|67/100
|
|-heal|p2a: Claydol|74/100|[from] item: Leftovers
|upkeep
|turn|36
|
|t:|1729441042
|move|p1a: Suicune|Calm Mind|p1a: Suicune
|-boost|p1a: Suicune|spa|1
|-boost|p1a: Suicune|spd|1
|move|p2a: Claydol|Explosion|p1a: Suicune
|-damage|p1a: Suicune|29/100
|faint|p2a: Claydol
|
|t:|1729441051
|switch|p2a: Milotic|Milotic, F|94/100
|
|-heal|p1a: Suicune|36/100|[from] item: Leftovers
|-heal|p2a: Milotic|99/100|[from] item: Leftovers
|upkeep
|turn|37
|
|t:|1729441054
|move|p1a: Suicune|Rest|p1a: Suicune
|-status|p1a: Suicune|slp|[from] move: Rest
|-heal|p1a: Suicune|100/100 slp|[silent]
|move|p2a: Milotic|Toxic||[still]
|-fail|p2a: Milotic
|
|-heal|p2a: Milotic|100/100|[from] item: Leftovers
|upkeep
|turn|38
|
|t:|1729441057
|switch|p2a: Blissey|Blissey, F|100/100
|cant|p1a: Suicune|slp
|
|upkeep
|turn|39
|
|t:|1729441059
|cant|p1a: Suicune|slp
|move|p2a: Blissey|Thunderbolt|p1a: Suicune
|-supereffective|p1a: Suicune
|-damage|p1a: Suicune|84/100 slp
|
|-heal|p1a: Suicune|91/100 slp|[from] item: Leftovers
|upkeep
|turn|40
|
|t:|1729441068
|switch|p2a: Skarmory|Skarmory, M|96/100 par
|-curestatus|p1a: Suicune|slp|[msg]
|move|p1a: Suicune|Surf|p2a: Skarmory
|-crit|p2a: Skarmory
|-damage|p2a: Skarmory|0 fnt
|faint|p2a: Skarmory
|
|t:|1729441081
|switch|p2a: Milotic|Milotic, F|100/100
|
|-heal|p1a: Suicune|97/100|[from] item: Leftovers
|upkeep
|turn|41
|
|t:|1729441084
|move|p1a: Suicune|Calm Mind|p1a: Suicune
|-boost|p1a: Suicune|spa|1
|-boost|p1a: Suicune|spd|1
|move|p2a: Milotic|Toxic|p1a: Suicune
|-status|p1a: Suicune|tox
|
|-heal|p1a: Suicune|100/100 tox|[from] item: Leftovers
|-damage|p1a: Suicune|94/100 tox|[from] psn
|upkeep
|turn|42
|
|t:|1729441088
|move|p1a: Suicune|Surf|p2a: Milotic
|-resisted|p2a: Milotic
|-damage|p2a: Milotic|70/100
|move|p2a: Milotic|Surf|p1a: Suicune
|-resisted|p1a: Suicune
|-damage|p1a: Suicune|90/100 tox
|
|-heal|p1a: Suicune|96/100 tox|[from] item: Leftovers
|-damage|p1a: Suicune|84/100 tox|[from] psn
|-heal|p2a: Milotic|76/100|[from] item: Leftovers
|upkeep
|turn|43
|
|t:|1729441093
|move|p1a: Suicune|Rest|p1a: Suicune
|-status|p1a: Suicune|slp|[from] move: Rest
|-heal|p1a: Suicune|100/100 slp|[silent]
|move|p2a: Milotic|Recover|p2a: Milotic
|-heal|p2a: Milotic|100/100
|
|upkeep
|turn|44
|
|t:|1729441099
|switch|p1a: Snorlax|Snorlax, M|80/100
|switch|p2a: Blissey|Blissey, F|100/100
|
|-heal|p1a: Snorlax|86/100|[from] item: Leftovers
|upkeep
|turn|45
|
|t:|1729441102
|switch|p2a: Milotic|Milotic, F|100/100
|move|p1a: Snorlax|Curse|p1a: Snorlax
|-unboost|p1a: Snorlax|spe|1
|-boost|p1a: Snorlax|atk|1
|-boost|p1a: Snorlax|def|1
|
|-heal|p1a: Snorlax|92/100|[from] item: Leftovers
|upkeep
|turn|46
|
|t:|1729441106
|move|p2a: Milotic|Surf|p1a: Snorlax
|-damage|p1a: Snorlax|75/100
|move|p1a: Snorlax|Curse|p1a: Snorlax
|-unboost|p1a: Snorlax|spe|1
|-boost|p1a: Snorlax|atk|1
|-boost|p1a: Snorlax|def|1
|
|-heal|p1a: Snorlax|81/100|[from] item: Leftovers
|upkeep
|turn|47
|
|t:|1729441109
|move|p2a: Milotic|Surf|p1a: Snorlax
|-damage|p1a: Snorlax|65/100
|move|p1a: Snorlax|Return|p2a: Milotic
|-damage|p2a: Milotic|42/100
|
|-heal|p2a: Milotic|48/100|[from] item: Leftovers
|-heal|p1a: Snorlax|71/100|[from] item: Leftovers
|upkeep
|turn|48
|
|t:|1729441114
|move|p2a: Milotic|Surf|p1a: Snorlax
|-damage|p1a: Snorlax|53/100
|move|p1a: Snorlax|Return|p2a: Milotic
|-damage|p2a: Milotic|0 fnt
|faint|p2a: Milotic
|
|t:|1729441126
|switch|p2a: Blissey|Blissey, F|100/100
|
|-heal|p1a: Snorlax|59/100|[from] item: Leftovers
|upkeep
|turn|49
|
|t:|1729441129
|move|p2a: Blissey|Calm Mind|p2a: Blissey
|-boost|p2a: Blissey|spa|1
|-boost|p2a: Blissey|spd|1
|move|p1a: Snorlax|Return|p2a: Blissey
|-crit|p2a: Blissey
|-damage|p2a: Blissey|0 fnt
|faint|p2a: Blissey
|
|win|MadelinMorningStar
|c|☆MadelinMorningStar|gg
|c|☆4lowrey|gg
|player|p2|
|player|p2|4lowrey|veteranf|

</script>
<script type="application/json" class="data" id="replaydata-smogtours-gen3ou-800505">
{"id":"smogtours-gen3ou-800505","format":"[Gen 3] OU","players":["MadelinMorningStar","4lowrey"],"uploadtime":1729441129,"views":79,"formatid":"gen3ou","rating":null,"private":0,"password":null}
</script>

<script defer src="js/replays.js?9d40a366"></script>
