<!DOCTYPE html>
<meta charset="utf-8" />
<meta name="viewport" content="width=device-width" />

<title>[Gen 3] OU: bandoodee vs. SlamonBBQ - Replays - Pok&eacute;mon Showdown!</title>

<meta name="description" content="Watch a replay of a Pok&eacute;mon battle between bandoodee and SlamonBBQ! Format: [Gen 3] OU; Date: Oct 23, 2024" />
<!--

Hey, you! Looking in the source for the replay log?

You can find them in JSON format, just add `.json` at the end of a replay URL.

https://replay.pokemonshowdown.com/gen7randomdoublesbattle-865046831.json

Or, if you only need the log itself, add `.log` instead:

https://replay.pokemonshowdown.com/gen7randomdoublesbattle-865046831.log

-->

<link rel="stylesheet" href="//pokemonshowdown.com/style/global.css?0.023195364461161105" />
<link rel="stylesheet" href="//play.pokemonshowdown.com/style/font-awesome.css?0.13261647063804238" />
<link rel="stylesheet" href="//play.pokemonshowdown.com/style/battle.css?0.8753245789963631" />
<link rel="stylesheet" href="//play.pokemonshowdown.com/style/utilichart.css?0.8627959624976733" />

<!-- Global site tag (gtag.js) - Google Analytics -->
<script async src="https://www.googletagmanager.com/gtag/js?id=UA-26211653-1"></script>
<script>
  window.dataLayer = window.dataLayer || [];
  function gtag(){dataLayer.push(arguments);}
  gtag('js', new Date());

  gtag('config', 'UA-26211653-1');
</script>
<!-- End Google Analytics -->
<!-- Venatus Ad Manager - Install in <HEAD> of page -->
	<script src="https://hb.vntsm.com/v3/live/ad-manager.min.js" type="text/javascript" data-site-id="642aba63ec9a7b11c3c9c1be" data-mode="scan" async></script>
<!-- / Venatus Ad Manager -->

<style>
	@media (max-width:820px) {
		.battle {
			margin: 0 auto;
		}
		.battle-log {
			margin: 7px auto 0;
			max-width: 640px;
			height: 300px;
			position: static;
		}
	}
	.optgroup {
		display: inline-block;
		line-height: 22px;
		font-size: 10pt;
	}
	.optgroup .button {
		height: 25px;
		padding-top: 0;
		padding-bottom: 0;
	}
	.optgroup button.button {
		padding-left: 12px;
		padding-right: 12px;
	}
	.linklist {
		list-style: none;
		margin: 0.5em 0;
		padding: 0;
	}
	.linklist li {
		padding: 2px 0;
	}
	.sidebar {
		float: left;
		width: 320px;
	}
	.bar-wrapper {
		max-width: 1100px;
		margin: 0 auto;
	}
	.bar-wrapper.has-sidebar {
		max-width: 1430px;
	}
	.mainbar {
		margin: 0;
		padding-right: 1px;
	}
	.mainbar.has-sidebar {
		margin-left: 330px;
	}
	@media (min-width: 1511px) {
		.sidebar {
			width: 400px;
		}
		.bar-wrapper.has-sidebar {
			max-width: 1510px;
		}
		.mainbar.has-sidebar {
			margin-left: 410px;
		}
	}
	.section.first-section {
		margin-top: 9px;
	}
	.blocklink small {
		white-space: normal;
	}
	.button {
		vertical-align: middle;
	}
	.replay-controls {
		padding-top: 10px;
	}
	.replay-controls h1 {
		font-size: 16pt;
		font-weight: normal;
		color: #CCC;
	}
	.pagelink {
		text-align: center;
	}
	.pagelink a {
		width: 150px;
	}
	.textbox, .button {
		font-size: 11pt;
		vertical-align: middle;
	}
	@media (max-width: 450px) {
		.button {
			font-size: 9pt;
		}
	}
</style>

<div>

	<header>
		<div class="nav-wrapper"><ul class="nav">
			<li><a class="button nav-first" href="//pokemonshowdown.com/"><img src="//pokemonshowdown.com/images/pokemonshowdownbeta.png" srcset="//pokemonshowdown.com/images/pokemonshowdownbeta.png 1x, //pokemonshowdown.com/images/pokemonshowdownbeta@2x.png 2x" alt="Pok&eacute;mon Showdown" width="146" height="44" /> Home</a></li>
			<li><a class="button" href="//pokemonshowdown.com/dex/">Pok&eacute;dex</a></li>
			<li><a class="button cur" href="/">Replays</a></li>
			<li><a class="button" href="//pokemonshowdown.com/ladder/">Ladder</a></li>
			<li><a class="button nav-last" href="//pokemonshowdown.com/forums/">Forum</a></li>
			<li><a class="button greenbutton nav-first nav-last" href="//play.pokemonshowdown.com/">Play</a></li>
		</ul></div>
	</header>

	<div class="main" id="main">

		<noscript><section class="section">You need to enable JavaScript to use this page; sorry!</section></noscript>

	</div>

</div>

<script defer nomodule src="//play.pokemonshowdown.com/js/lib/ps-polyfill.js"></script>
<script defer src="//play.pokemonshowdown.com/js/lib/preact.min.js"></script>

<script defer src="//play.pokemonshowdown.com/config/config.js?2bddbc15"></script>
<script defer src="//play.pokemonshowdown.com/js/lib/jquery-1.11.0.min.js"></script>
<script defer src="//play.pokemonshowdown.com/js/lib/html-sanitizer-minified.js"></script>
<script defer src="//play.pokemonshowdown.com/js/battle-sound.js"></script>
<script defer src="//play.pokemonshowdown.com/js/battledata.js?0.7209276989879541"></script>
<script defer src="//play.pokemonshowdown.com/data/pokedex-mini.js?0.6111056340867951"></script>
<script defer src="//play.pokemonshowdown.com/data/pokedex-mini-bw.js?0.3532142036491459"></script>
<script defer src="//play.pokemonshowdown.com/data/graphics.js?0.24223875632456182"></script>
<script defer src="//play.pokemonshowdown.com/data/pokedex.js?0.38839984266356864"></script>
<script defer src="//play.pokemonshowdown.com/data/moves.js?0.21866028504024015"></script>
<script defer src="//play.pokemonshowdown.com/data/abilities.js?0.2005157953846628"></script>
<script defer src="//play.pokemonshowdown.com/data/items.js?0.9894211263848525"></script>
<script defer src="//play.pokemonshowdown.com/data/teambuilder-tables.js?0.6008791140282215"></script>
<script defer src="//play.pokemonshowdown.com/js/battle-tooltips.js?0.7580118955022959"></script>
<script defer src="//play.pokemonshowdown.com/js/battle.js?0.6057722274234274"></script>

<script defer src="js/utils.js?e31f9a17"></script>
<script defer src="js/replays-battle.js?7008c182"></script>

<!-- don't scrape this data! just add .json or .log after the URL!
Full API docs: https://github.com/smogon/pokemon-showdown-client/blob/master/WEB-API.md -->
<script type="text/plain" class="log" id="replaylog-smogtours-gen3ou-801317">
|inactive|Battle timer is ON: inactive players will automatically lose when time's up.
|t:|1729642807
|gametype|singles
|player|p1|bandoodee|101|
|player|p2|SlamonBBQ|rood|
|teamsize|p1|6
|teamsize|p2|6
|gen|3
|tier|[Gen 3] OU
|rule|Sleep Clause Mod: Limit one foe put to sleep
|rule|Switch Priority Clause Mod: Faster Pokémon switch first
|rule|Species Clause: Limit one of each Pokémon
|rule|OHKO Clause: OHKO moves are banned
|rule|Evasion Items Clause: Evasion items are banned
|rule|Evasion Moves Clause: Evasion moves are banned
|rule|Endless Battle Clause: Forcing endless battles is banned
|rule|HP Percentage Mod: HP is shown in percentages
|rule|One Boost Passer Clause: Limit one Baton Passer that has a way to boost its stats
|rule|Freeze Clause Mod: Limit one foe frozen
|
|t:|1729642807
|start
|switch|p1a: Zapdos|Zapdos|100/100
|switch|p2a: Zapdos|Zapdos|100/100
|turn|1
|
|t:|1729642823
|switch|p1a: Blissey|Blissey, F|100/100
|switch|p2a: Regice|Regice|100/100
|
|upkeep
|turn|2
|
|t:|1729642834
|switch|p1a: Metagross|Metagross|100/100
|switch|p2a: Hariyama|Hariyama, M|100/100
|
|upkeep
|turn|3
|inactive|bandoodee has 270 seconds left.
|inactive|SlamonBBQ has 270 seconds left.
|
|t:|1729642892
|switch|p2a: Zapdos|Zapdos|100/100
|move|p1a: Metagross|Meteor Mash|p2a: Zapdos
|-resisted|p2a: Zapdos
|-damage|p2a: Zapdos|61/100
|
|-heal|p2a: Zapdos|67/100|[from] item: Leftovers
|upkeep
|turn|4
|inactive|bandoodee has 240 seconds left.
|
|t:|1729642908
|move|p2a: Zapdos|Thunder Wave|p1a: Metagross
|-status|p1a: Metagross|par
|move|p1a: Metagross|Meteor Mash|p2a: Zapdos
|-resisted|p2a: Zapdos
|-damage|p2a: Zapdos|31/100
|-boost|p1a: Metagross|atk|1
|
|-heal|p2a: Zapdos|38/100|[from] item: Leftovers
|upkeep
|turn|5
|inactive|bandoodee has 240 seconds left.
|inactive|SlamonBBQ has 240 seconds left.
|inactive|SlamonBBQ has 210 seconds left.
|
|t:|1729642965
|switch|p2a: Metagross|Metagross|100/100
|switch|p1a: Blissey|Blissey, F|100/100
|
|upkeep
|turn|6
|inactive|SlamonBBQ has 210 seconds left.
|
|t:|1729642976
|switch|p1a: Skarmory|Skarmory, M|100/100
|move|p2a: Metagross|Meteor Mash|p1a: Skarmory
|-resisted|p1a: Skarmory
|-damage|p1a: Skarmory|79/100
|
|-heal|p1a: Skarmory|85/100|[from] item: Leftovers
|upkeep
|turn|7
|inactive|SlamonBBQ has 210 seconds left.
|
|t:|1729642996
|move|p2a: Metagross|Meteor Mash|p1a: Skarmory
|-resisted|p1a: Skarmory
|-damage|p1a: Skarmory|63/100
|move|p1a: Skarmory|Spikes|p2a: Metagross
|-sidestart|p2: SlamonBBQ|Spikes
|
|-heal|p1a: Skarmory|69/100|[from] item: Leftovers
|upkeep
|turn|8
|
|t:|1729643002
|move|p1a: Skarmory|Protect|p1a: Skarmory
|-singleturn|p1a: Skarmory|Protect
|move|p2a: Metagross|Meteor Mash|p1a: Skarmory
|-activate|p1a: Skarmory|Protect
|
|-heal|p1a: Skarmory|75/100|[from] item: Leftovers
|upkeep
|turn|9
|inactive|SlamonBBQ has 210 seconds left.
|
|t:|1729643010
|move|p2a: Metagross|Meteor Mash|p1a: Skarmory
|-resisted|p1a: Skarmory
|-damage|p1a: Skarmory|54/100
|move|p1a: Skarmory|Spikes|p2a: Metagross
|-sidestart|p2: SlamonBBQ|Spikes
|
|-heal|p1a: Skarmory|60/100|[from] item: Leftovers
|upkeep
|turn|10
|
|t:|1729643013
|switch|p2a: Zapdos|Zapdos|38/100
|move|p1a: Skarmory|Protect||[still]
|-fail|p1a: Skarmory
|
|-heal|p2a: Zapdos|44/100|[from] item: Leftovers
|-heal|p1a: Skarmory|66/100|[from] item: Leftovers
|upkeep
|turn|11
|
|t:|1729643017
|switch|p1a: Blissey|Blissey, F|100/100
|move|p2a: Zapdos|Thunderbolt|p1a: Blissey
|-damage|p1a: Blissey|84/100
|
|-heal|p2a: Zapdos|50/100|[from] item: Leftovers
|-heal|p1a: Blissey|90/100|[from] item: Leftovers
|upkeep
|turn|12
|
|t:|1729643023
|switch|p2a: Hariyama|Hariyama, M|100/100
|-damage|p2a: Hariyama|84/100|[from] Spikes
|move|p1a: Blissey|Thunderbolt|p2a: Hariyama
|-damage|p2a: Hariyama|56/100
|
|-heal|p1a: Blissey|96/100|[from] item: Leftovers
|-heal|p2a: Hariyama|62/100|[from] item: Leftovers
|upkeep
|turn|13
|inactive|SlamonBBQ has 240 seconds left.
|
|t:|1729643039
|switch|p1a: Zapdos|Zapdos|100/100
|move|p2a: Hariyama|Cross Chop|p1a: Zapdos
|-resisted|p1a: Zapdos
|-damage|p1a: Zapdos|67/100
|
|-heal|p1a: Zapdos|73/100|[from] item: Leftovers
|-heal|p2a: Hariyama|68/100|[from] item: Leftovers
|upkeep
|turn|14
|
|t:|1729643048
|switch|p2a: Regice|Regice|100/100
|-damage|p2a: Regice|84/100|[from] Spikes
|move|p1a: Zapdos|Baton Pass|p1a: Zapdos
|
|t:|1729643056
|switch|p1a: Metagross|Metagross|100/100 par|[from] Baton Pass
|
|-heal|p2a: Regice|90/100|[from] item: Leftovers
|upkeep
|turn|15
|
|t:|1729643068
|switch|p2a: Metagross|Metagross|100/100
|-damage|p2a: Metagross|84/100|[from] Spikes
|move|p1a: Metagross|Meteor Mash|p2a: Metagross
|-resisted|p2a: Metagross
|-damage|p2a: Metagross|61/100
|
|-heal|p2a: Metagross|67/100|[from] item: Leftovers
|upkeep
|turn|16
|
|t:|1729643082
|switch|p1a: Skarmory|Skarmory, M|66/100
|move|p2a: Metagross|Earthquake|p1a: Skarmory
|-immune|p1a: Skarmory
|
|-heal|p2a: Metagross|73/100|[from] item: Leftovers
|-heal|p1a: Skarmory|72/100|[from] item: Leftovers
|upkeep
|turn|17
|
|t:|1729643100
|move|p2a: Metagross|Meteor Mash|p1a: Skarmory
|-resisted|p1a: Skarmory
|-damage|p1a: Skarmory|49/100
|move|p1a: Skarmory|Spikes|p2a: Metagross
|-sidestart|p2: SlamonBBQ|Spikes
|
|-heal|p2a: Metagross|80/100|[from] item: Leftovers
|-heal|p1a: Skarmory|55/100|[from] item: Leftovers
|upkeep
|turn|18
|
|t:|1729643103
|move|p1a: Skarmory|Protect|p1a: Skarmory
|-singleturn|p1a: Skarmory|Protect
|move|p2a: Metagross|Meteor Mash|p1a: Skarmory
|-activate|p1a: Skarmory|Protect
|
|-heal|p2a: Metagross|86/100|[from] item: Leftovers
|-heal|p1a: Skarmory|61/100|[from] item: Leftovers
|upkeep
|turn|19
|
|t:|1729643106
|move|p2a: Metagross|Meteor Mash|p1a: Skarmory
|-resisted|p1a: Skarmory
|-crit|p1a: Skarmory
|-damage|p1a: Skarmory|16/100
|move|p1a: Skarmory|Roar|p2a: Metagross
|drag|p2a: Zapdos|Zapdos|50/100
|
|-heal|p2a: Zapdos|56/100|[from] item: Leftovers
|-heal|p1a: Skarmory|22/100|[from] item: Leftovers
|upkeep
|turn|20
|inactive|SlamonBBQ has 270 seconds left.
|
|t:|1729643112
|switch|p1a: Blissey|Blissey, F|96/100
|move|p2a: Zapdos|Thunder Wave|p1a: Blissey
|-status|p1a: Blissey|par
|
|-heal|p2a: Zapdos|62/100|[from] item: Leftovers
|-heal|p1a: Blissey|100/100 par|[from] item: Leftovers
|upkeep
|turn|21
|inactive|SlamonBBQ has 270 seconds left.
|
|t:|1729643123
|switch|p2a: Metagross|Metagross|86/100
|-damage|p2a: Metagross|61/100|[from] Spikes
|cant|p1a: Blissey|par
|
|-heal|p2a: Metagross|67/100|[from] item: Leftovers
|upkeep
|turn|22
|inactive|SlamonBBQ has 270 seconds left.
|inactive|bandoodee has 270 seconds left.
|
|t:|1729643165
|-curestatus|p1a: Blissey|par|[from] ability: Natural Cure
|switch|p1a: Skarmory|Skarmory, M|22/100
|move|p2a: Metagross|Agility|p2a: Metagross
|-boost|p2a: Metagross|spe|2
|
|-heal|p2a: Metagross|73/100|[from] item: Leftovers
|-heal|p1a: Skarmory|28/100|[from] item: Leftovers
|upkeep
|turn|23
|
|t:|1729643169
|move|p1a: Skarmory|Protect|p1a: Skarmory
|-singleturn|p1a: Skarmory|Protect
|move|p2a: Metagross|Meteor Mash|p1a: Skarmory
|-activate|p1a: Skarmory|Protect
|
|-heal|p2a: Metagross|79/100|[from] item: Leftovers
|-heal|p1a: Skarmory|34/100|[from] item: Leftovers
|upkeep
|turn|24
|
|t:|1729643172
|move|p2a: Metagross|Meteor Mash|p1a: Skarmory|[miss]
|-miss|p2a: Metagross|p1a: Skarmory
|move|p1a: Skarmory|Roar|p2a: Metagross
|drag|p2a: Zapdos|Zapdos|62/100
|
|-heal|p2a: Zapdos|69/100|[from] item: Leftovers
|-heal|p1a: Skarmory|40/100|[from] item: Leftovers
|upkeep
|turn|25
|
|t:|1729643175
|switch|p1a: Blissey|Blissey, F|100/100
|move|p2a: Zapdos|Thunderbolt|p1a: Blissey
|-damage|p1a: Blissey|82/100
|
|-heal|p2a: Zapdos|75/100|[from] item: Leftovers
|-heal|p1a: Blissey|88/100|[from] item: Leftovers
|upkeep
|turn|26
|
|t:|1729643190
|switch|p2a: Hariyama|Hariyama, M|68/100
|-damage|p2a: Hariyama|43/100|[from] Spikes
|switch|p1a: Dugtrio|Dugtrio, M|100/100
|
|-heal|p2a: Hariyama|49/100|[from] item: Leftovers
|upkeep
|turn|27
|
|t:|1729643207
|move|p1a: Dugtrio|Earthquake|p2a: Hariyama
|-damage|p2a: Hariyama|0 fnt
|faint|p2a: Hariyama
|
|t:|1729643222
|switch|p2a: Zapdos|Zapdos|75/100
|
|-heal|p2a: Zapdos|81/100|[from] item: Leftovers
|upkeep
|turn|28
|
|t:|1729643254
|switch|p1a: Metagross|Metagross|100/100 par
|move|p2a: Zapdos|Hidden Power|p1a: Metagross
|-crit|p1a: Metagross
|-damage|p1a: Metagross|72/100 par
|
|-heal|p2a: Zapdos|87/100|[from] item: Leftovers
|-heal|p1a: Metagross|78/100 par|[from] item: Leftovers
|upkeep
|turn|29
|
|t:|1729643263
|switch|p1a: Blissey|Blissey, F|88/100
|move|p2a: Zapdos|Thunderbolt|p1a: Blissey
|-damage|p1a: Blissey|71/100
|-status|p1a: Blissey|par
|
|-heal|p2a: Zapdos|94/100|[from] item: Leftovers
|-heal|p1a: Blissey|77/100 par|[from] item: Leftovers
|upkeep
|turn|30
|
|t:|1729643270
|move|p2a: Zapdos|Hidden Power|p1a: Blissey
|-supereffective|p1a: Blissey
|-crit|p1a: Blissey
|-damage|p1a: Blissey|0 fnt
|faint|p1a: Blissey
|c|☆bandoodee|bruh
|c|☆SlamonBBQ|rip
|inactive|bandoodee has 270 seconds left.
|
|t:|1729643314
|switch|p1a: Zapdos|Zapdos|73/100
|
|-heal|p1a: Zapdos|79/100|[from] item: Leftovers
|-heal|p2a: Zapdos|99/100|[from] item: Leftovers
|upkeep
|turn|31
|
|t:|1729643334
|switch|p2a: Regice|Regice|90/100
|-damage|p2a: Regice|65/100|[from] Spikes
|move|p1a: Zapdos|Substitute|p1a: Zapdos
|-start|p1a: Zapdos|Substitute
|-damage|p1a: Zapdos|55/100
|
|-heal|p1a: Zapdos|61/100|[from] item: Leftovers
|-heal|p2a: Regice|71/100|[from] item: Leftovers
|upkeep
|turn|32
|
|t:|1729643341
|move|p1a: Zapdos|Baton Pass|p1a: Zapdos
|
|t:|1729643352
|switch|p1a: Metagross|Metagross|78/100 par|[from] Baton Pass
|move|p2a: Regice|Thunderbolt|p1a: Metagross
|-end|p1a: Metagross|Substitute
|
|-heal|p2a: Regice|77/100|[from] item: Leftovers
|-heal|p1a: Metagross|84/100 par|[from] item: Leftovers
|upkeep
|turn|33
|inactive|SlamonBBQ has 270 seconds left.
|
|t:|1729643410
|switch|p2a: Zapdos|Zapdos|99/100
|cant|p1a: Metagross|par
|
|-heal|p2a: Zapdos|100/100|[from] item: Leftovers
|-heal|p1a: Metagross|90/100 par|[from] item: Leftovers
|upkeep
|turn|34
|inactive|SlamonBBQ has 240 seconds left.
|
|t:|1729643431
|switch|p2a: Metagross|Metagross|79/100
|-damage|p2a: Metagross|54/100|[from] Spikes
|cant|p1a: Metagross|par
|
|-heal|p2a: Metagross|61/100|[from] item: Leftovers
|-heal|p1a: Metagross|96/100 par|[from] item: Leftovers
|upkeep
|turn|35
|inactive|SlamonBBQ has 240 seconds left.
|
|t:|1729643439
|switch|p1a: Skarmory|Skarmory, M|40/100
|move|p2a: Metagross|Earthquake|p1a: Skarmory
|-immune|p1a: Skarmory
|
|-heal|p2a: Metagross|67/100|[from] item: Leftovers
|-heal|p1a: Skarmory|46/100|[from] item: Leftovers
|upkeep
|turn|36
|
|t:|1729643446
|move|p2a: Metagross|Meteor Mash|p1a: Skarmory
|-resisted|p1a: Skarmory
|-damage|p1a: Skarmory|24/100
|move|p1a: Skarmory|Roar|p2a: Metagross
|drag|p2a: Regice|Regice|77/100
|-damage|p2a: Regice|53/100|[from] Spikes
|
|-heal|p1a: Skarmory|30/100|[from] item: Leftovers
|-heal|p2a: Regice|59/100|[from] item: Leftovers
|upkeep
|turn|37
|
|t:|1729643456
|move|p1a: Skarmory|Protect|p1a: Skarmory
|-singleturn|p1a: Skarmory|Protect
|move|p2a: Regice|Thunderbolt|p1a: Skarmory
|-activate|p1a: Skarmory|Protect
|
|-heal|p1a: Skarmory|36/100|[from] item: Leftovers
|-heal|p2a: Regice|65/100|[from] item: Leftovers
|upkeep
|turn|38
|
|t:|1729643460
|switch|p1a: Metagross|Metagross|96/100 par
|move|p2a: Regice|Thunderbolt|p1a: Metagross
|-damage|p1a: Metagross|69/100 par
|
|-heal|p2a: Regice|71/100|[from] item: Leftovers
|-heal|p1a: Metagross|75/100 par|[from] item: Leftovers
|upkeep
|turn|39
|
|t:|1729643468
|switch|p2a: Zapdos|Zapdos|100/100
|cant|p1a: Metagross|par
|
|-heal|p1a: Metagross|81/100 par|[from] item: Leftovers
|upkeep
|turn|40
|inactive|SlamonBBQ has 270 seconds left.
|inactive|SlamonBBQ has 240 seconds left.
|
|t:|1729643518
|switch|p2a: Metagross|Metagross|67/100
|-damage|p2a: Metagross|42/100|[from] Spikes
|cant|p1a: Metagross|par
|
|-heal|p2a: Metagross|48/100|[from] item: Leftovers
|-heal|p1a: Metagross|87/100 par|[from] item: Leftovers
|upkeep
|turn|41
|
|t:|1729643538
|switch|p1a: Zapdos|Zapdos|61/100
|move|p2a: Metagross|Meteor Mash|p1a: Zapdos|[miss]
|-miss|p2a: Metagross|p1a: Zapdos
|
|-heal|p1a: Zapdos|67/100|[from] item: Leftovers
|-heal|p2a: Metagross|54/100|[from] item: Leftovers
|upkeep
|turn|42
|inactive|SlamonBBQ has 210 seconds left.
|
|t:|1729643563
|move|p1a: Zapdos|Substitute|p1a: Zapdos
|-start|p1a: Zapdos|Substitute
|-damage|p1a: Zapdos|42/100
|move|p2a: Metagross|Explosion|p1a: Zapdos
|-end|p1a: Zapdos|Substitute
|faint|p2a: Metagross
|inactive|SlamonBBQ has 210 seconds left.
|
|t:|1729643574
|switch|p2a: Regice|Regice|71/100
|-damage|p2a: Regice|46/100|[from] Spikes
|
|-heal|p1a: Zapdos|48/100|[from] item: Leftovers
|-heal|p2a: Regice|52/100|[from] item: Leftovers
|upkeep
|turn|43
|inactive|SlamonBBQ has 210 seconds left.
|
|t:|1729643603
|move|p1a: Zapdos|Baton Pass|p1a: Zapdos
|
|t:|1729643606
|switch|p1a: Metagross|Metagross|87/100 par|[from] Baton Pass
|move|p2a: Regice|Ice Beam|p1a: Metagross
|-resisted|p1a: Metagross
|-crit|p1a: Metagross
|-damage|p1a: Metagross|48/100 par
|
|-heal|p2a: Regice|58/100|[from] item: Leftovers
|-heal|p1a: Metagross|54/100 par|[from] item: Leftovers
|upkeep
|turn|44
|
|t:|1729643625
|move|p2a: Regice|Explosion|p1a: Metagross
|-resisted|p1a: Metagross
|-damage|p1a: Metagross|29/100 par
|faint|p2a: Regice
|inactive|SlamonBBQ has 180 seconds left.
|inactive|SlamonBBQ has 150 seconds left.
|inactive|SlamonBBQ has 120 seconds left.
|inactive|SlamonBBQ has 90 seconds left.
|
|t:|1729643731
|switch|p2a: Suicune|Suicune|100/100
|-damage|p2a: Suicune|76/100|[from] Spikes
|
|-heal|p2a: Suicune|82/100|[from] item: Leftovers
|-heal|p1a: Metagross|35/100 par|[from] item: Leftovers
|upkeep
|turn|45
|
|t:|1729643743
|cant|p1a: Metagross|par
|move|p2a: Suicune|Hydro Pump|p1a: Metagross|[miss]
|-miss|p2a: Suicune|p1a: Metagross
|
|-heal|p2a: Suicune|88/100|[from] item: Leftovers
|-heal|p1a: Metagross|41/100 par|[from] item: Leftovers
|upkeep
|turn|46
|
|t:|1729643750
|move|p1a: Metagross|Protect|p1a: Metagross
|-singleturn|p1a: Metagross|Protect
|move|p2a: Suicune|Calm Mind|p2a: Suicune
|-boost|p2a: Suicune|spa|1
|-boost|p2a: Suicune|spd|1
|
|-heal|p2a: Suicune|94/100|[from] item: Leftovers
|-heal|p1a: Metagross|47/100 par|[from] item: Leftovers
|upkeep
|turn|47
|
|t:|1729643754
|switch|p1a: Suicune|Suicune|100/100
|move|p2a: Suicune|Hydro Pump|p1a: Suicune
|-resisted|p1a: Suicune
|-damage|p1a: Suicune|73/100
|
|-heal|p2a: Suicune|99/100|[from] item: Leftovers
|-heal|p1a: Suicune|79/100|[from] item: Leftovers
|upkeep
|turn|48
|
|t:|1729643763
|move|p2a: Suicune|Hidden Power|p1a: Suicune
|-supereffective|p1a: Suicune
|-damage|p1a: Suicune|34/100
|move|p1a: Suicune|Calm Mind|p1a: Suicune
|-boost|p1a: Suicune|spa|1
|-boost|p1a: Suicune|spd|1
|
|-heal|p2a: Suicune|100/100|[from] item: Leftovers
|-heal|p1a: Suicune|40/100|[from] item: Leftovers
|upkeep
|turn|49
|
|t:|1729643783
|switch|p1a: Skarmory|Skarmory, M|36/100
|move|p2a: Suicune|Hidden Power|p1a: Skarmory
|-resisted|p1a: Skarmory
|-damage|p1a: Skarmory|30/100
|
|-heal|p1a: Skarmory|36/100|[from] item: Leftovers
|upkeep
|turn|50
|
|t:|1729643807
|move|p2a: Suicune|Ice Beam|p1a: Skarmory
|-damage|p1a: Skarmory|0 fnt
|faint|p1a: Skarmory
|
|t:|1729643810
|switch|p1a: Zapdos|Zapdos|48/100
|
|-heal|p1a: Zapdos|55/100|[from] item: Leftovers
|upkeep
|turn|51
|
|t:|1729643813
|move|p1a: Zapdos|Thunderbolt|p2a: Suicune
|-supereffective|p2a: Suicune
|-damage|p2a: Suicune|43/100
|move|p2a: Suicune|Ice Beam|p1a: Zapdos
|-supereffective|p1a: Zapdos
|-damage|p1a: Zapdos|0 fnt
|faint|p1a: Zapdos
|
|t:|1729643817
|switch|p1a: Dugtrio|Dugtrio, M|100/100
|
|-heal|p2a: Suicune|49/100|[from] item: Leftovers
|upkeep
|turn|52
|
|t:|1729643821
|move|p1a: Dugtrio|Earthquake|p2a: Suicune
|-damage|p2a: Suicune|1/100
|move|p2a: Suicune|Ice Beam|p1a: Dugtrio
|-supereffective|p1a: Dugtrio
|-crit|p1a: Dugtrio
|-damage|p1a: Dugtrio|0 fnt
|faint|p1a: Dugtrio
|c|☆bandoodee|lol
|c|☆bandoodee|ggs
|c|☆SlamonBBQ|ggs
|
|t:|1729643840
|switch|p1a: Suicune|Suicune|40/100
|
|-heal|p2a: Suicune|7/100|[from] item: Leftovers
|-heal|p1a: Suicune|46/100|[from] item: Leftovers
|upkeep
|turn|53
|
|t:|1729643848
|move|p2a: Suicune|Hidden Power|p1a: Suicune
|-supereffective|p1a: Suicune
|-crit|p1a: Suicune
|-damage|p1a: Suicune|0 fnt
|faint|p1a: Suicune
|
|t:|1729643860
|switch|p1a: Metagross|Metagross|47/100 par
|
|-heal|p2a: Suicune|13/100|[from] item: Leftovers
|-heal|p1a: Metagross|53/100 par|[from] item: Leftovers
|upkeep
|turn|54
|
|t:|1729643863
|move|p1a: Metagross|Protect|p1a: Metagross
|-singleturn|p1a: Metagross|Protect
|move|p2a: Suicune|Hydro Pump|p1a: Metagross
|-activate|p1a: Metagross|Protect
|
|-heal|p2a: Suicune|20/100|[from] item: Leftovers
|-heal|p1a: Metagross|59/100 par|[from] item: Leftovers
|upkeep
|turn|55
|inactive|SlamonBBQ has 180 seconds left.
|
|t:|1729643873
|move|p2a: Suicune|Hydro Pump|p1a: Metagross|[miss]
|-miss|p2a: Suicune|p1a: Metagross
|move|p1a: Metagross|Earthquake|p2a: Suicune
|-damage|p2a: Suicune|0 fnt
|faint|p2a: Suicune
|inactive|SlamonBBQ has 180 seconds left.
|
|t:|1729643883
|switch|p2a: Zapdos|Zapdos|100/100
|
|-heal|p1a: Metagross|65/100 par|[from] item: Leftovers
|upkeep
|turn|56
|
|t:|1729643886
|move|p1a: Metagross|Protect|p1a: Metagross
|-singleturn|p1a: Metagross|Protect
|move|p2a: Zapdos|Thunderbolt|p1a: Metagross
|-activate|p1a: Metagross|Protect
|
|-heal|p1a: Metagross|71/100 par|[from] item: Leftovers
|upkeep
|turn|57
|
|t:|1729643889
|move|p2a: Zapdos|Thunderbolt|p1a: Metagross
|-damage|p1a: Metagross|27/100 par
|move|p1a: Metagross|Meteor Mash|p2a: Zapdos|[miss]
|-miss|p1a: Metagross|p2a: Zapdos
|
|-heal|p1a: Metagross|33/100 par|[from] item: Leftovers
|upkeep
|turn|58
|c|☆bandoodee|perf
|c|☆bandoodee|ok
|
|t:|1729643897
|move|p2a: Zapdos|Thunderbolt|p1a: Metagross
|-damage|p1a: Metagross|0 fnt
|faint|p1a: Metagross
|
|win|SlamonBBQ
|player|p1|
|c|☆SlamonBBQ|lol
|c|☆SlamonBBQ|ggs
|c|☆SlamonBBQ|/log SlamonBBQ made the replay of this battle unlisted.

</script>
<script type="application/json" class="data" id="replaydata-smogtours-gen3ou-801317">
{"id":"smogtours-gen3ou-801317","format":"[Gen 3] OU","players":["bandoodee","SlamonBBQ"],"uploadtime":1729643897,"views":109,"formatid":"gen3ou","rating":null,"private":1,"password":null}
</script>

<script defer src="js/replays.js?9d40a366"></script>
