<!DOCTYPE html>
<meta charset="utf-8" />
<meta name="viewport" content="width=device-width" />

<title>[Gen 3] OU: Lunarvania vs. Wolf Turds - Replays - Pok&eacute;mon Showdown!</title>

<meta name="description" content="Watch a replay of a Pok&eacute;mon battle between Lunarvania and Wolf Turds! Format: [Gen 3] OU; Date: Oct 13, 2024" />
<!--

Hey, you! Looking in the source for the replay log?

You can find them in JSON format, just add `.json` at the end of a replay URL.

https://replay.pokemonshowdown.com/gen7randomdoublesbattle-865046831.json

Or, if you only need the log itself, add `.log` instead:

https://replay.pokemonshowdown.com/gen7randomdoublesbattle-865046831.log

-->

<link rel="stylesheet" href="//pokemonshowdown.com/style/global.css?0.767286132409787" />
<link rel="stylesheet" href="//play.pokemonshowdown.com/style/font-awesome.css?0.9266228007934947" />
<link rel="stylesheet" href="//play.pokemonshowdown.com/style/battle.css?0.7924700842790926" />
<link rel="stylesheet" href="//play.pokemonshowdown.com/style/utilichart.css?0.8777417872839479" />

<!-- Global site tag (gtag.js) - Google Analytics -->
<script async src="https://www.googletagmanager.com/gtag/js?id=UA-26211653-1"></script>
<script>
  window.dataLayer = window.dataLayer || [];
  function gtag(){dataLayer.push(arguments);}
  gtag('js', new Date());

  gtag('config', 'UA-26211653-1');
</script>
<!-- End Google Analytics -->
<!-- Venatus Ad Manager - Install in <HEAD> of page -->
	<script src="https://hb.vntsm.com/v3/live/ad-manager.min.js" type="text/javascript" data-site-id="642aba63ec9a7b11c3c9c1be" data-mode="scan" async></script>
<!-- / Venatus Ad Manager -->

<style>
	@media (max-width:820px) {
		.battle {
			margin: 0 auto;
		}
		.battle-log {
			margin: 7px auto 0;
			max-width: 640px;
			height: 300px;
			position: static;
		}
	}
	.optgroup {
		display: inline-block;
		line-height: 22px;
		font-size: 10pt;
	}
	.optgroup .button {
		height: 25px;
		padding-top: 0;
		padding-bottom: 0;
	}
	.optgroup button.button {
		padding-left: 12px;
		padding-right: 12px;
	}
	.linklist {
		list-style: none;
		margin: 0.5em 0;
		padding: 0;
	}
	.linklist li {
		padding: 2px 0;
	}
	.sidebar {
		float: left;
		width: 320px;
	}
	.bar-wrapper {
		max-width: 1100px;
		margin: 0 auto;
	}
	.bar-wrapper.has-sidebar {
		max-width: 1430px;
	}
	.mainbar {
		margin: 0;
		padding-right: 1px;
	}
	.mainbar.has-sidebar {
		margin-left: 330px;
	}
	@media (min-width: 1511px) {
		.sidebar {
			width: 400px;
		}
		.bar-wrapper.has-sidebar {
			max-width: 1510px;
		}
		.mainbar.has-sidebar {
			margin-left: 410px;
		}
	}
	.section.first-section {
		margin-top: 9px;
	}
	.blocklink small {
		white-space: normal;
	}
	.button {
		vertical-align: middle;
	}
	.replay-controls {
		padding-top: 10px;
	}
	.replay-controls h1 {
		font-size: 16pt;
		font-weight: normal;
		color: #CCC;
	}
	.pagelink {
		text-align: center;
	}
	.pagelink a {
		width: 150px;
	}
	.textbox, .button {
		font-size: 11pt;
		vertical-align: middle;
	}
	@media (max-width: 450px) {
		.button {
			font-size: 9pt;
		}
	}
</style>

<div>

	<header>
		<div class="nav-wrapper"><ul class="nav">
			<li><a class="button nav-first" href="//pokemonshowdown.com/"><img src="//pokemonshowdown.com/images/pokemonshowdownbeta.png" srcset="//pokemonshowdown.com/images/pokemonshowdownbeta.png 1x, //pokemonshowdown.com/images/pokemonshowdownbeta@2x.png 2x" alt="Pok&eacute;mon Showdown" width="146" height="44" /> Home</a></li>
			<li><a class="button" href="//pokemonshowdown.com/dex/">Pok&eacute;dex</a></li>
			<li><a class="button cur" href="/">Replays</a></li>
			<li><a class="button" href="//pokemonshowdown.com/ladder/">Ladder</a></li>
			<li><a class="button nav-last" href="//pokemonshowdown.com/forums/">Forum</a></li>
			<li><a class="button greenbutton nav-first nav-last" href="//play.pokemonshowdown.com/">Play</a></li>
		</ul></div>
	</header>

	<div class="main" id="main">

		<noscript><section class="section">You need to enable JavaScript to use this page; sorry!</section></noscript>

	</div>

</div>

<script defer nomodule src="//play.pokemonshowdown.com/js/lib/ps-polyfill.js"></script>
<script defer src="//play.pokemonshowdown.com/js/lib/preact.min.js"></script>

<script defer src="//play.pokemonshowdown.com/config/config.js?6dec07f6"></script>
<script defer src="//play.pokemonshowdown.com/js/lib/jquery-1.11.0.min.js"></script>
<script defer src="//play.pokemonshowdown.com/js/lib/html-sanitizer-minified.js"></script>
<script defer src="//play.pokemonshowdown.com/js/battle-sound.js"></script>
<script defer src="//play.pokemonshowdown.com/js/battledata.js?0.6315294753075389"></script>
<script defer src="//play.pokemonshowdown.com/data/pokedex-mini.js?0.7603743185311358"></script>
<script defer src="//play.pokemonshowdown.com/data/pokedex-mini-bw.js?0.030888842834281283"></script>
<script defer src="//play.pokemonshowdown.com/data/graphics.js?0.05593094747507488"></script>
<script defer src="//play.pokemonshowdown.com/data/pokedex.js?0.47064822249611904"></script>
<script defer src="//play.pokemonshowdown.com/data/moves.js?0.8583693120512459"></script>
<script defer src="//play.pokemonshowdown.com/data/abilities.js?0.16017181182386842"></script>
<script defer src="//play.pokemonshowdown.com/data/items.js?0.4163379185673943"></script>
<script defer src="//play.pokemonshowdown.com/data/teambuilder-tables.js?0.31075597372830477"></script>
<script defer src="//play.pokemonshowdown.com/js/battle-tooltips.js?0.6536193500708172"></script>
<script defer src="//play.pokemonshowdown.com/js/battle.js?0.1916591943277901"></script>

<script defer src="js/utils.js?e31f9a17"></script>
<script defer src="js/replays-battle.js?7008c182"></script>

<!-- don't scrape this data! just add .json or .log after the URL!
Full API docs: https://github.com/smogon/pokemon-showdown-client/blob/master/WEB-API.md -->
<script type="text/plain" class="log" id="replaylog-smogtours-gen3ou-798330">
|inactive|Battle timer is ON: inactive players will automatically lose when time's up.
|t:|1728849197
|gametype|singles
|player|p1|Lunarvania|sage|
|player|p2|Wolf Turds|2|
|teamsize|p1|6
|teamsize|p2|6
|gen|3
|tier|[Gen 3] OU
|rule|Sleep Clause Mod: Limit one foe put to sleep
|rule|Switch Priority Clause Mod: Faster Pokémon switch first
|rule|Species Clause: Limit one of each Pokémon
|rule|OHKO Clause: OHKO moves are banned
|rule|Evasion Items Clause: Evasion items are banned
|rule|Evasion Moves Clause: Evasion moves are banned
|rule|Endless Battle Clause: Forcing endless battles is banned
|rule|HP Percentage Mod: HP is shown in percentages
|rule|One Boost Passer Clause: Limit one Baton Passer that has a way to boost its stats
|rule|Freeze Clause Mod: Limit one foe frozen
|
|t:|1728849197
|start
|switch|p1a: Zapdos|Zapdos|100/100
|switch|p2a: Salamence|Salamence, F|100/100
|-ability|p2a: Salamence|Intimidate|boost
|-unboost|p1a: Zapdos|atk|1
|turn|1
|c|☆Wolf Turds|glhf!
|c|☆Lunarvania|u2
|inactive|Wolf Turds has 270 seconds left.
|
|t:|1728849231
|switch|p2a: Celebi|Celebi|100/100
|move|p1a: Zapdos|Thunderbolt|p2a: Celebi
|-resisted|p2a: Celebi
|-damage|p2a: Celebi|80/100
|
|-heal|p2a: Celebi|86/100|[from] item: Leftovers
|upkeep
|turn|2
|
|t:|1728849238
|move|p1a: Zapdos|Baton Pass|p1a: Zapdos
|
|t:|1728849243
|switch|p1a: Blissey|Blissey, F|100/100|[from] Baton Pass
|move|p2a: Celebi|Leech Seed|p1a: Blissey|[miss]
|-miss|p2a: Celebi|p1a: Blissey
|
|-heal|p2a: Celebi|92/100|[from] item: Leftovers
|upkeep
|turn|3
|
|t:|1728849250
|switch|p1a: Tyranitar|Tyranitar, F|100/100
|-weather|Sandstorm|[from] ability: Sand Stream|[of] p1a: Tyranitar
|move|p2a: Celebi|Leech Seed|p1a: Tyranitar
|-start|p1a: Tyranitar|move: Leech Seed
|
|-weather|Sandstorm|[upkeep]
|-damage|p2a: Celebi|86/100|[from] Sandstorm
|-heal|p2a: Celebi|92/100|[from] item: Leftovers
|-damage|p1a: Tyranitar|88/100|[from] Leech Seed|[of] p2a: Celebi
|-heal|p2a: Celebi|100/100|[silent]
|upkeep
|turn|4
|
|t:|1728849269
|-singleturn|p1a: Tyranitar|move: Focus Punch
|switch|p2a: Swampert|Swampert, M|100/100
|move|p1a: Tyranitar|Focus Punch|p2a: Swampert
|-damage|p2a: Swampert|54/100
|
|-weather|Sandstorm|[upkeep]
|-heal|p1a: Tyranitar|94/100|[from] item: Leftovers
|-damage|p1a: Tyranitar|82/100|[from] Leech Seed|[of] p2a: Swampert
|-heal|p2a: Swampert|66/100|[silent]
|-heal|p2a: Swampert|72/100|[from] item: Leftovers
|upkeep
|turn|5
|
|t:|1728849285
|switch|p1a: Skarmory|Skarmory, F|100/100
|move|p2a: Swampert|Hydro Pump|p1a: Skarmory
|-damage|p1a: Skarmory|59/100
|
|-weather|Sandstorm|[upkeep]
|-heal|p1a: Skarmory|65/100|[from] item: Leftovers
|-heal|p2a: Swampert|79/100|[from] item: Leftovers
|upkeep
|turn|6
|
|t:|1728849299
|move|p1a: Skarmory|Spikes|p2a: Swampert
|-sidestart|p2: Wolf Turds|Spikes
|move|p2a: Swampert|Hydro Pump|p1a: Skarmory
|-damage|p1a: Skarmory|26/100
|
|-weather|Sandstorm|[upkeep]
|-heal|p1a: Skarmory|32/100|[from] item: Leftovers
|-heal|p2a: Swampert|85/100|[from] item: Leftovers
|upkeep
|turn|7
|
|t:|1728849309
|move|p1a: Skarmory|Protect|p1a: Skarmory
|-singleturn|p1a: Skarmory|Protect
|move|p2a: Swampert|Hydro Pump|p1a: Skarmory|[miss]
|-miss|p2a: Swampert|p1a: Skarmory
|
|-weather|Sandstorm|[upkeep]
|-heal|p1a: Skarmory|38/100|[from] item: Leftovers
|-heal|p2a: Swampert|91/100|[from] item: Leftovers
|upkeep
|turn|8
|
|t:|1728849313
|switch|p1a: Blissey|Blissey, F|100/100
|move|p2a: Swampert|Hydro Pump|p1a: Blissey|[miss]
|-miss|p2a: Swampert|p1a: Blissey
|
|-weather|Sandstorm|[upkeep]
|-damage|p1a: Blissey|94/100|[from] Sandstorm
|-heal|p1a: Blissey|100/100|[from] item: Leftovers
|-heal|p2a: Swampert|97/100|[from] item: Leftovers
|upkeep
|turn|9
|
|t:|1728849319
|switch|p1a: Zapdos|Zapdos|100/100
|switch|p2a: Celebi|Celebi|100/100
|-damage|p2a: Celebi|88/100|[from] Spikes
|
|-weather|Sandstorm|[upkeep]
|-damage|p1a: Zapdos|94/100|[from] Sandstorm
|-damage|p2a: Celebi|82/100|[from] Sandstorm
|-heal|p1a: Zapdos|100/100|[from] item: Leftovers
|-heal|p2a: Celebi|88/100|[from] item: Leftovers
|upkeep
|turn|10
|
|t:|1728849326
|move|p1a: Zapdos|Baton Pass|p1a: Zapdos
|
|t:|1728849327
|switch|p1a: Tyranitar|Tyranitar, F|82/100|[from] Baton Pass
|move|p2a: Celebi|Leech Seed|p1a: Tyranitar
|-start|p1a: Tyranitar|move: Leech Seed
|
|-weather|Sandstorm|[upkeep]
|-damage|p2a: Celebi|82/100|[from] Sandstorm
|-heal|p2a: Celebi|88/100|[from] item: Leftovers
|-heal|p1a: Tyranitar|88/100|[from] item: Leftovers
|-damage|p1a: Tyranitar|76/100|[from] Leech Seed|[of] p2a: Celebi
|-heal|p2a: Celebi|100/100|[silent]
|upkeep
|turn|11
|
|t:|1728849338
|switch|p2a: Skarmory|Skarmory, M|100/100
|move|p1a: Tyranitar|Hidden Power|p2a: Skarmory
|-resisted|p2a: Skarmory
|-damage|p2a: Skarmory|95/100
|
|-weather|Sandstorm|[upkeep]
|-heal|p2a: Skarmory|100/100|[from] item: Leftovers
|-heal|p1a: Tyranitar|82/100|[from] item: Leftovers
|-damage|p1a: Tyranitar|70/100|[from] Leech Seed|[of] p2a: Skarmory
|upkeep
|turn|12
|
|t:|1728849346
|switch|p1a: Metagross|Metagross|100/100
|move|p2a: Skarmory|Spikes|p1a: Metagross
|-sidestart|p1: Lunarvania|Spikes
|
|-weather|Sandstorm|[upkeep]
|upkeep
|turn|13
|
|t:|1728849365
|move|p1a: Metagross|Rock Slide|p2a: Skarmory
|-damage|p2a: Skarmory|68/100
|move|p2a: Skarmory|Spikes|p1a: Metagross
|-sidestart|p1: Lunarvania|Spikes
|
|-weather|Sandstorm|[upkeep]
|-heal|p2a: Skarmory|74/100|[from] item: Leftovers
|upkeep
|turn|14
|
|t:|1728849378
|move|p1a: Metagross|Rock Slide|p2a: Skarmory
|-damage|p2a: Skarmory|39/100
|move|p2a: Skarmory|Spikes|p1a: Metagross
|-sidestart|p1: Lunarvania|Spikes
|
|-weather|Sandstorm|[upkeep]
|-heal|p2a: Skarmory|45/100|[from] item: Leftovers
|upkeep
|turn|15
|
|t:|1728849384
|switch|p2a: Swampert|Swampert, M|97/100
|-damage|p2a: Swampert|85/100|[from] Spikes
|move|p1a: Metagross|Rock Slide|p2a: Swampert
|-resisted|p2a: Swampert
|-damage|p2a: Swampert|66/100
|
|-weather|Sandstorm|[upkeep]
|-heal|p2a: Swampert|72/100|[from] item: Leftovers
|upkeep
|turn|16
|
|t:|1728849406
|switch|p1a: Skarmory|Skarmory, F|38/100
|move|p2a: Swampert|Earthquake|p1a: Skarmory
|-immune|p1a: Skarmory
|
|-weather|Sandstorm|[upkeep]
|-heal|p1a: Skarmory|44/100|[from] item: Leftovers
|-heal|p2a: Swampert|78/100|[from] item: Leftovers
|upkeep
|turn|17
|
|t:|1728849412
|switch|p2a: Salamence|Salamence, F|100/100
|-ability|p2a: Salamence|Intimidate|boost
|-unboost|p1a: Skarmory|atk|1
|move|p1a: Skarmory|Toxic|p2a: Salamence
|-status|p2a: Salamence|tox
|
|-weather|Sandstorm|[upkeep]
|-damage|p2a: Salamence|94/100 tox|[from] Sandstorm
|-heal|p2a: Salamence|100/100 tox|[from] item: Leftovers
|-damage|p2a: Salamence|94/100 tox|[from] psn
|-heal|p1a: Skarmory|50/100|[from] item: Leftovers
|upkeep
|turn|18
|
|t:|1728849424
|switch|p2a: Skarmory|Skarmory, M|45/100
|move|p1a: Skarmory|Protect||[still]
|-fail|p1a: Skarmory
|
|-weather|Sandstorm|[upkeep]
|-heal|p2a: Skarmory|51/100|[from] item: Leftovers
|-heal|p1a: Skarmory|56/100|[from] item: Leftovers
|upkeep
|turn|19
|
|t:|1728849432
|move|p1a: Skarmory|Spikes|p2a: Skarmory
|-sidestart|p2: Wolf Turds|Spikes
|move|p2a: Skarmory|Roar|p1a: Skarmory
|drag|p1a: Swampert|Swampert, M|100/100
|-damage|p1a: Swampert|76/100|[from] Spikes
|
|-weather|Sandstorm|[upkeep]
|-heal|p2a: Skarmory|57/100|[from] item: Leftovers
|-heal|p1a: Swampert|82/100|[from] item: Leftovers
|upkeep
|turn|20
|
|t:|1728849441
|move|p2a: Skarmory|Toxic|p1a: Swampert
|-status|p1a: Swampert|tox
|move|p1a: Swampert|Hydro Pump|p2a: Skarmory
|-damage|p2a: Skarmory|22/100
|
|-weather|Sandstorm|[upkeep]
|-heal|p2a: Skarmory|28/100|[from] item: Leftovers
|-heal|p1a: Swampert|88/100 tox|[from] item: Leftovers
|-damage|p1a: Swampert|82/100 tox|[from] psn
|upkeep
|turn|21
|
|t:|1728849450
|switch|p2a: Celebi|Celebi|100/100
|-damage|p2a: Celebi|84/100|[from] Spikes
|switch|p1a: Skarmory|Skarmory, F|56/100
|
|-weather|Sandstorm|[upkeep]
|-damage|p2a: Celebi|78/100|[from] Sandstorm
|-heal|p2a: Celebi|84/100|[from] item: Leftovers
|-heal|p1a: Skarmory|62/100|[from] item: Leftovers
|upkeep
|turn|22
|
|t:|1728849458
|move|p2a: Celebi|Hidden Power|p1a: Skarmory
|-supereffective|p1a: Skarmory
|-damage|p1a: Skarmory|22/100
|move|p1a: Skarmory|Spikes|p2a: Celebi
|-sidestart|p2: Wolf Turds|Spikes
|
|-weather|Sandstorm|[upkeep]
|-damage|p2a: Celebi|78/100|[from] Sandstorm
|-heal|p2a: Celebi|84/100|[from] item: Leftovers
|-heal|p1a: Skarmory|28/100|[from] item: Leftovers
|upkeep
|turn|23
|
|t:|1728849466
|move|p1a: Skarmory|Protect|p1a: Skarmory
|-singleturn|p1a: Skarmory|Protect
|move|p2a: Celebi|Hidden Power|p1a: Skarmory
|-activate|p1a: Skarmory|Protect
|
|-weather|Sandstorm|[upkeep]
|-damage|p2a: Celebi|78/100|[from] Sandstorm
|-heal|p2a: Celebi|84/100|[from] item: Leftovers
|-heal|p1a: Skarmory|34/100|[from] item: Leftovers
|upkeep
|turn|24
|
|t:|1728849476
|switch|p1a: Zapdos|Zapdos|100/100
|move|p2a: Celebi|Leech Seed|p1a: Zapdos
|-start|p1a: Zapdos|move: Leech Seed
|
|-weather|Sandstorm|[upkeep]
|-damage|p1a: Zapdos|94/100|[from] Sandstorm
|-damage|p2a: Celebi|78/100|[from] Sandstorm
|-heal|p1a: Zapdos|100/100|[from] item: Leftovers
|-damage|p1a: Zapdos|88/100|[from] Leech Seed|[of] p2a: Celebi
|-heal|p2a: Celebi|88/100|[silent]
|-heal|p2a: Celebi|94/100|[from] item: Leftovers
|upkeep
|turn|25
|
|t:|1728849490
|switch|p1a: Metagross|Metagross|100/100
|-damage|p1a: Metagross|76/100|[from] Spikes
|move|p2a: Celebi|Psychic|p1a: Metagross
|-resisted|p1a: Metagross
|-damage|p1a: Metagross|64/100
|
|-weather|Sandstorm|[upkeep]
|-damage|p2a: Celebi|88/100|[from] Sandstorm
|-heal|p2a: Celebi|94/100|[from] item: Leftovers
|upkeep
|turn|26
|inactive|Wolf Turds has 270 seconds left.
|
|t:|1728849553
|switch|p2a: Skarmory|Skarmory, M|28/100
|move|p1a: Metagross|Explosion|p2a: Skarmory
|-resisted|p2a: Skarmory
|-damage|p2a: Skarmory|0 fnt
|faint|p1a: Metagross
|faint|p2a: Skarmory
|inactive|Wolf Turds has 240 seconds left.
|inactive|Wolf Turds has 210 seconds left.
|
|t:|1728849604
|switch|p1a: Tyranitar|Tyranitar, F|70/100
|switch|p2a: Celebi|Celebi|94/100
|-damage|p2a: Celebi|69/100|[from] Spikes
|-damage|p1a: Tyranitar|45/100|[from] Spikes
|
|-weather|Sandstorm|[upkeep]
|-damage|p2a: Celebi|63/100|[from] Sandstorm
|-heal|p2a: Celebi|69/100|[from] item: Leftovers
|-heal|p1a: Tyranitar|51/100|[from] item: Leftovers
|upkeep
|turn|27
|
|t:|1728849611
|-singleturn|p1a: Tyranitar|move: Focus Punch
|move|p2a: Celebi|Giga Drain|p1a: Tyranitar
|-supereffective|p1a: Tyranitar
|-damage|p1a: Tyranitar|3/100
|-heal|p2a: Celebi|94/100|[from] drain|[of] p1a: Tyranitar
|move|p1a: Tyranitar|Focus Punch||[still]
|cant|p1a: Tyranitar|Focus Punch|Focus Punch
|
|-weather|Sandstorm|[upkeep]
|-damage|p2a: Celebi|88/100|[from] Sandstorm
|-heal|p2a: Celebi|94/100|[from] item: Leftovers
|-heal|p1a: Tyranitar|9/100|[from] item: Leftovers
|upkeep
|turn|28
|
|t:|1728849622
|move|p2a: Celebi|Giga Drain|p1a: Tyranitar
|-supereffective|p1a: Tyranitar
|-damage|p1a: Tyranitar|0 fnt
|-heal|p2a: Celebi|98/100|[from] drain|[of] p1a: Tyranitar
|faint|p1a: Tyranitar
|
|t:|1728849633
|switch|p1a: Skarmory|Skarmory, F|34/100
|
|-weather|Sandstorm|[upkeep]
|-damage|p2a: Celebi|92/100|[from] Sandstorm
|-heal|p2a: Celebi|98/100|[from] item: Leftovers
|-heal|p1a: Skarmory|40/100|[from] item: Leftovers
|upkeep
|turn|29
|
|t:|1728849641
|move|p1a: Skarmory|Protect|p1a: Skarmory
|-singleturn|p1a: Skarmory|Protect
|move|p2a: Celebi|Hidden Power|p1a: Skarmory
|-activate|p1a: Skarmory|Protect
|
|-weather|Sandstorm|[upkeep]
|-damage|p2a: Celebi|92/100|[from] Sandstorm
|-heal|p2a: Celebi|98/100|[from] item: Leftovers
|-heal|p1a: Skarmory|46/100|[from] item: Leftovers
|upkeep
|turn|30
|
|t:|1728849651
|switch|p1a: Blissey|Blissey, F|100/100
|-damage|p1a: Blissey|76/100|[from] Spikes
|move|p2a: Celebi|Leech Seed|p1a: Blissey
|-start|p1a: Blissey|move: Leech Seed
|
|-weather|Sandstorm|[upkeep]
|-damage|p2a: Celebi|92/100|[from] Sandstorm
|-damage|p1a: Blissey|69/100|[from] Sandstorm
|-heal|p2a: Celebi|98/100|[from] item: Leftovers
|-heal|p1a: Blissey|76/100|[from] item: Leftovers
|-damage|p1a: Blissey|63/100|[from] Leech Seed|[of] p2a: Celebi
|-heal|p2a: Celebi|100/100|[silent]
|upkeep
|turn|31
|inactive|Wolf Turds has 240 seconds left.
|
|t:|1728849665
|switch|p2a: Tyranitar|Tyranitar, F|100/100
|-damage|p2a: Tyranitar|75/100|[from] Spikes
|move|p1a: Blissey|Soft-Boiled|p1a: Blissey
|-heal|p1a: Blissey|100/100
|
|-weather|Sandstorm|[upkeep]
|-damage|p1a: Blissey|94/100|[from] Sandstorm
|-heal|p2a: Tyranitar|82/100|[from] item: Leftovers
|-heal|p1a: Blissey|100/100|[from] item: Leftovers
|-damage|p1a: Blissey|88/100|[from] Leech Seed|[of] p2a: Tyranitar
|-heal|p2a: Tyranitar|100/100|[silent]
|upkeep
|turn|32
|
|t:|1728849681
|-singleturn|p2a: Tyranitar|move: Focus Punch
|move|p1a: Blissey|Thunder Wave|p2a: Tyranitar
|-status|p2a: Tyranitar|par
|move|p2a: Tyranitar|Focus Punch|p1a: Blissey
|-supereffective|p1a: Blissey
|-damage|p1a: Blissey|0 fnt
|faint|p1a: Blissey
|
|t:|1728849688
|switch|p1a: Swampert|Swampert, M|82/100 tox
|-damage|p1a: Swampert|57/100 tox|[from] Spikes
|
|-weather|Sandstorm|[upkeep]
|-heal|p1a: Swampert|63/100 tox|[from] item: Leftovers
|-damage|p1a: Swampert|57/100 tox|[from] psn
|upkeep
|turn|33
|
|t:|1728849705
|move|p1a: Swampert|Hydro Pump|p2a: Tyranitar
|-supereffective|p2a: Tyranitar
|-damage|p2a: Tyranitar|36/100 par
|move|p2a: Tyranitar|Earthquake|p1a: Swampert
|-damage|p1a: Swampert|31/100 tox
|
|-weather|Sandstorm|[upkeep]
|-heal|p1a: Swampert|37/100 tox|[from] item: Leftovers
|-damage|p1a: Swampert|25/100 tox|[from] psn
|-heal|p2a: Tyranitar|43/100 par|[from] item: Leftovers
|upkeep
|turn|34
|
|t:|1728849719
|move|p1a: Swampert|Hydro Pump|p2a: Tyranitar
|-supereffective|p2a: Tyranitar
|-damage|p2a: Tyranitar|0 fnt
|faint|p2a: Tyranitar
|
|t:|1728849726
|switch|p2a: Celebi|Celebi|100/100
|-damage|p2a: Celebi|76/100|[from] Spikes
|
|-weather|Sandstorm|[upkeep]
|-damage|p2a: Celebi|69/100|[from] Sandstorm
|-heal|p2a: Celebi|76/100|[from] item: Leftovers
|-heal|p1a: Swampert|31/100 tox|[from] item: Leftovers
|-damage|p1a: Swampert|13/100 tox|[from] psn
|upkeep
|turn|35
|
|t:|1728849733
|move|p2a: Celebi|Giga Drain|p1a: Swampert
|-supereffective|p1a: Swampert
|-damage|p1a: Swampert|0 fnt
|-heal|p2a: Celebi|82/100|[from] drain|[of] p1a: Swampert
|faint|p1a: Swampert
|
|t:|1728849736
|switch|p1a: Skarmory|Skarmory, F|46/100
|
|-weather|Sandstorm|[upkeep]
|-damage|p2a: Celebi|76/100|[from] Sandstorm
|-heal|p2a: Celebi|82/100|[from] item: Leftovers
|-heal|p1a: Skarmory|52/100|[from] item: Leftovers
|upkeep
|turn|36
|
|t:|1728849745
|move|p2a: Celebi|Hidden Power|p1a: Skarmory
|-supereffective|p1a: Skarmory
|-damage|p1a: Skarmory|9/100
|move|p1a: Skarmory|Toxic|p2a: Celebi
|-status|p2a: Celebi|tox
|
|-weather|Sandstorm|[upkeep]
|-damage|p2a: Celebi|76/100 tox|[from] Sandstorm
|-heal|p2a: Celebi|82/100 tox|[from] item: Leftovers
|-damage|p2a: Celebi|76/100 tox|[from] psn
|-heal|p1a: Skarmory|15/100|[from] item: Leftovers
|upkeep
|turn|37
|inactive|Wolf Turds has 270 seconds left.
|
|t:|1728849751
|-curestatus|p2a: Celebi|tox|[from] ability: Natural Cure
|switch|p2a: Salamence|Salamence, F|94/100 tox
|-ability|p2a: Salamence|Intimidate|boost
|-unboost|p1a: Skarmory|atk|1
|move|p1a: Skarmory|Protect||[still]
|-fail|p1a: Skarmory
|
|-weather|Sandstorm|[upkeep]
|-damage|p2a: Salamence|88/100 tox|[from] Sandstorm
|-heal|p2a: Salamence|94/100 tox|[from] item: Leftovers
|-damage|p2a: Salamence|88/100 tox|[from] psn
|-heal|p1a: Skarmory|21/100|[from] item: Leftovers
|upkeep
|turn|38
|inactive|Wolf Turds has 270 seconds left.
|
|t:|1728849762
|move|p1a: Skarmory|Protect|p1a: Skarmory
|-singleturn|p1a: Skarmory|Protect
|move|p2a: Salamence|Fire Blast|p1a: Skarmory
|-activate|p1a: Skarmory|Protect
|
|-weather|Sandstorm|[upkeep]
|-damage|p2a: Salamence|82/100 tox|[from] Sandstorm
|-heal|p2a: Salamence|88/100 tox|[from] item: Leftovers
|-damage|p2a: Salamence|76/100 tox|[from] psn
|-heal|p1a: Skarmory|27/100|[from] item: Leftovers
|upkeep
|turn|39
|
|t:|1728849785
|move|p2a: Salamence|Fire Blast|p1a: Skarmory
|-supereffective|p1a: Skarmory
|-damage|p1a: Skarmory|0 fnt
|faint|p1a: Skarmory
|
|t:|1728849787
|switch|p1a: Zapdos|Zapdos|88/100
|
|-weather|Sandstorm|[upkeep]
|-damage|p1a: Zapdos|82/100|[from] Sandstorm
|-damage|p2a: Salamence|69/100 tox|[from] Sandstorm
|-heal|p1a: Zapdos|88/100|[from] item: Leftovers
|-heal|p2a: Salamence|76/100 tox|[from] item: Leftovers
|-damage|p2a: Salamence|57/100 tox|[from] psn
|upkeep
|turn|40
|
|t:|1728849791
|move|p1a: Zapdos|Thunderbolt|p2a: Salamence
|-damage|p2a: Salamence|0 fnt
|faint|p2a: Salamence
|
|t:|1728849800
|switch|p2a: Celebi|Celebi|76/100
|-damage|p2a: Celebi|51/100|[from] Spikes
|
|-weather|Sandstorm|[upkeep]
|-damage|p1a: Zapdos|82/100|[from] Sandstorm
|-damage|p2a: Celebi|44/100|[from] Sandstorm
|-heal|p1a: Zapdos|88/100|[from] item: Leftovers
|-heal|p2a: Celebi|51/100|[from] item: Leftovers
|upkeep
|turn|41
|
|t:|1728849823
|move|p1a: Zapdos|Thunderbolt|p2a: Celebi
|-resisted|p2a: Celebi
|-damage|p2a: Celebi|29/100
|move|p2a: Celebi|Psychic|p1a: Zapdos
|-damage|p1a: Zapdos|41/100
|
|-weather|Sandstorm|[upkeep]
|-damage|p1a: Zapdos|35/100|[from] Sandstorm
|-damage|p2a: Celebi|23/100|[from] Sandstorm
|-heal|p1a: Zapdos|41/100|[from] item: Leftovers
|-heal|p2a: Celebi|29/100|[from] item: Leftovers
|upkeep
|turn|42
|
|t:|1728849828
|move|p1a: Zapdos|Thunderbolt|p2a: Celebi
|-resisted|p2a: Celebi
|-damage|p2a: Celebi|7/100
|move|p2a: Celebi|Psychic|p1a: Zapdos
|-damage|p1a: Zapdos|0 fnt
|faint|p1a: Zapdos
|
|win|Wolf Turds
|c|☆Wolf Turds|gg
|c|☆Lunarvania|gg

</script>
<script type="application/json" class="data" id="replaydata-smogtours-gen3ou-798330">
{"id":"smogtours-gen3ou-798330","format":"[Gen 3] OU","players":["Lunarvania","Wolf Turds"],"uploadtime":1728849828,"views":176,"formatid":"gen3ou","rating":null,"private":0,"password":null}
</script>

<script defer src="js/replays.js?9d40a366"></script>
