<!DOCTYPE html>
<meta charset="utf-8" />
<meta name="viewport" content="width=device-width" />

<title>[Gen 3] OU: Nardgo vs. pokology2 - Replays - Pok&eacute;mon Showdown!</title>

<meta name="description" content="Watch a replay of a Pok&eacute;mon battle between Nardgo and pokology2! Format: [Gen 3] OU; Date: Nov 7, 2024" />
<!--

Hey, you! Looking in the source for the replay log?

You can find them in JSON format, just add `.json` at the end of a replay URL.

https://replay.pokemonshowdown.com/gen7randomdoublesbattle-865046831.json

Or, if you only need the log itself, add `.log` instead:

https://replay.pokemonshowdown.com/gen7randomdoublesbattle-865046831.log

-->

<link rel="stylesheet" href="//pokemonshowdown.com/style/global.css?0.023195364461161105" />
<link rel="stylesheet" href="//play.pokemonshowdown.com/style/font-awesome.css?0.13261647063804238" />
<link rel="stylesheet" href="//play.pokemonshowdown.com/style/battle.css?0.8753245789963631" />
<link rel="stylesheet" href="//play.pokemonshowdown.com/style/utilichart.css?0.8627959624976733" />

<!-- Global site tag (gtag.js) - Google Analytics -->
<script async src="https://www.googletagmanager.com/gtag/js?id=UA-26211653-1"></script>
<script>
  window.dataLayer = window.dataLayer || [];
  function gtag(){dataLayer.push(arguments);}
  gtag('js', new Date());

  gtag('config', 'UA-26211653-1');
</script>
<!-- End Google Analytics -->
<!-- Venatus Ad Manager - Install in <HEAD> of page -->
	<script src="https://hb.vntsm.com/v3/live/ad-manager.min.js" type="text/javascript" data-site-id="642aba63ec9a7b11c3c9c1be" data-mode="scan" async></script>
<!-- / Venatus Ad Manager -->

<style>
	@media (max-width:820px) {
		.battle {
			margin: 0 auto;
		}
		.battle-log {
			margin: 7px auto 0;
			max-width: 640px;
			height: 300px;
			position: static;
		}
	}
	.optgroup {
		display: inline-block;
		line-height: 22px;
		font-size: 10pt;
	}
	.optgroup .button {
		height: 25px;
		padding-top: 0;
		padding-bottom: 0;
	}
	.optgroup button.button {
		padding-left: 12px;
		padding-right: 12px;
	}
	.linklist {
		list-style: none;
		margin: 0.5em 0;
		padding: 0;
	}
	.linklist li {
		padding: 2px 0;
	}
	.sidebar {
		float: left;
		width: 320px;
	}
	.bar-wrapper {
		max-width: 1100px;
		margin: 0 auto;
	}
	.bar-wrapper.has-sidebar {
		max-width: 1430px;
	}
	.mainbar {
		margin: 0;
		padding-right: 1px;
	}
	.mainbar.has-sidebar {
		margin-left: 330px;
	}
	@media (min-width: 1511px) {
		.sidebar {
			width: 400px;
		}
		.bar-wrapper.has-sidebar {
			max-width: 1510px;
		}
		.mainbar.has-sidebar {
			margin-left: 410px;
		}
	}
	.section.first-section {
		margin-top: 9px;
	}
	.blocklink small {
		white-space: normal;
	}
	.button {
		vertical-align: middle;
	}
	.replay-controls {
		padding-top: 10px;
	}
	.replay-controls h1 {
		font-size: 16pt;
		font-weight: normal;
		color: #CCC;
	}
	.pagelink {
		text-align: center;
	}
	.pagelink a {
		width: 150px;
	}
	.textbox, .button {
		font-size: 11pt;
		vertical-align: middle;
	}
	@media (max-width: 450px) {
		.button {
			font-size: 9pt;
		}
	}
</style>

<div>

	<header>
		<div class="nav-wrapper"><ul class="nav">
			<li><a class="button nav-first" href="//pokemonshowdown.com/"><img src="//pokemonshowdown.com/images/pokemonshowdownbeta.png" srcset="//pokemonshowdown.com/images/pokemonshowdownbeta.png 1x, //pokemonshowdown.com/images/pokemonshowdownbeta@2x.png 2x" alt="Pok&eacute;mon Showdown" width="146" height="44" /> Home</a></li>
			<li><a class="button" href="//pokemonshowdown.com/dex/">Pok&eacute;dex</a></li>
			<li><a class="button cur" href="/">Replays</a></li>
			<li><a class="button" href="//pokemonshowdown.com/ladder/">Ladder</a></li>
			<li><a class="button nav-last" href="//pokemonshowdown.com/forums/">Forum</a></li>
			<li><a class="button greenbutton nav-first nav-last" href="//play.pokemonshowdown.com/">Play</a></li>
		</ul></div>
	</header>

	<div class="main" id="main">

		<noscript><section class="section">You need to enable JavaScript to use this page; sorry!</section></noscript>

	</div>

</div>

<script defer nomodule src="//play.pokemonshowdown.com/js/lib/ps-polyfill.js"></script>
<script defer src="//play.pokemonshowdown.com/js/lib/preact.min.js"></script>

<script defer src="//play.pokemonshowdown.com/config/config.js?2bddbc15"></script>
<script defer src="//play.pokemonshowdown.com/js/lib/jquery-1.11.0.min.js"></script>
<script defer src="//play.pokemonshowdown.com/js/lib/html-sanitizer-minified.js"></script>
<script defer src="//play.pokemonshowdown.com/js/battle-sound.js"></script>
<script defer src="//play.pokemonshowdown.com/js/battledata.js?0.7209276989879541"></script>
<script defer src="//play.pokemonshowdown.com/data/pokedex-mini.js?0.6111056340867951"></script>
<script defer src="//play.pokemonshowdown.com/data/pokedex-mini-bw.js?0.3532142036491459"></script>
<script defer src="//play.pokemonshowdown.com/data/graphics.js?0.24223875632456182"></script>
<script defer src="//play.pokemonshowdown.com/data/pokedex.js?0.38839984266356864"></script>
<script defer src="//play.pokemonshowdown.com/data/moves.js?0.21866028504024015"></script>
<script defer src="//play.pokemonshowdown.com/data/abilities.js?0.2005157953846628"></script>
<script defer src="//play.pokemonshowdown.com/data/items.js?0.9894211263848525"></script>
<script defer src="//play.pokemonshowdown.com/data/teambuilder-tables.js?0.6008791140282215"></script>
<script defer src="//play.pokemonshowdown.com/js/battle-tooltips.js?0.7580118955022959"></script>
<script defer src="//play.pokemonshowdown.com/js/battle.js?0.6057722274234274"></script>

<script defer src="js/utils.js?e31f9a17"></script>
<script defer src="js/replays-battle.js?7008c182"></script>

<!-- don't scrape this data! just add .json or .log after the URL!
Full API docs: https://github.com/smogon/pokemon-showdown-client/blob/master/WEB-API.md -->
<script type="text/plain" class="log" id="replaylog-smogtours-gen3ou-805104">
|inactive|Battle timer is ON: inactive players will automatically lose when time's up.
|t:|1731003507
|gametype|singles
|player|p1|Nardgo|steven|
|player|p2|pokology2|101|
|teamsize|p1|6
|teamsize|p2|6
|gen|3
|tier|[Gen 3] OU
|rule|Sleep Clause Mod: Limit one foe put to sleep
|rule|Switch Priority Clause Mod: Faster Pokémon switch first
|rule|Species Clause: Limit one of each Pokémon
|rule|OHKO Clause: OHKO moves are banned
|rule|Evasion Items Clause: Evasion items are banned
|rule|Evasion Moves Clause: Evasion moves are banned
|rule|Endless Battle Clause: Forcing endless battles is banned
|rule|HP Percentage Mod: HP is shown in percentages
|rule|One Boost Passer Clause: Limit one Baton Passer that has a way to boost its stats
|rule|Freeze Clause Mod: Limit one foe frozen
|
|t:|1731003507
|start
|switch|p1a: Skarmory|Skarmory, M|100/100
|switch|p2a: Swampert|Swampert, F|100/100
|turn|1
|c|☆pokology2|sorry for the wait
|c|☆Nardgo|no worries
|c|☆pokology2|gl hf :)
|c|☆Nardgo|you too!
|inactive|pokology2 has 270 seconds left.
|
|t:|1731003554
|switch|p2a: Magneton|Magneton|100/100
|move|p1a: Skarmory|Spikes|p2a: Magneton
|-sidestart|p2: pokology2|Spikes
|
|upkeep
|turn|2
|
|t:|1731003560
|move|p2a: Magneton|Thunderbolt|p1a: Skarmory
|-supereffective|p1a: Skarmory
|-damage|p1a: Skarmory|0 fnt
|faint|p1a: Skarmory
|
|t:|1731003570
|switch|p1a: Moltres|Moltres|100/100
|
|upkeep
|turn|3
|inactive|pokology2 has 270 seconds left.
|
|t:|1731003616
|move|p1a: Moltres|Flamethrower|p2a: Magneton
|-supereffective|p2a: Magneton
|-crit|p2a: Magneton
|-damage|p2a: Magneton|0 fnt
|faint|p2a: Magneton
|
|t:|1731003624
|switch|p2a: Gengar|Gengar, F|100/100
|
|upkeep
|turn|4
|
|t:|1731003640
|switch|p2a: Cloyster|Cloyster, M|100/100
|-damage|p2a: Cloyster|88/100|[from] Spikes
|switch|p1a: Blissey|Blissey, F|100/100
|
|-heal|p2a: Cloyster|94/100|[from] item: Leftovers
|upkeep
|turn|5
|
|t:|1731003649
|switch|p1a: Misdreavus|Misdreavus, F|100/100
|move|p2a: Cloyster|Spikes|p1a: Misdreavus
|-sidestart|p1: Nardgo|Spikes
|
|-heal|p2a: Cloyster|100/100|[from] item: Leftovers
|upkeep
|turn|6
|inactive|pokology2 has 240 seconds left.
|
|t:|1731003679
|switch|p2a: Pikachu|Pikachu, F|100/100
|-damage|p2a: Pikachu|88/100|[from] Spikes
|move|p1a: Misdreavus|Mean Look|p2a: Pikachu
|-activate|p2a: Pikachu|trapped
|
|upkeep
|turn|7
|c|☆Nardgo|he's here
|c|☆Nardgo|the goat
|inactive|pokology2 has 240 seconds left.
|c|☆Nardgo|i need to calc
|inactive|Nardgo has 270 seconds left.
|c|☆pokology2|haha :)
|inactive|Nardgo has 240 seconds left.
|
|t:|1731003741
|switch|p1a: Blissey|Blissey, F|100/100
|-damage|p1a: Blissey|88/100|[from] Spikes
|move|p2a: Pikachu|Encore||[still]
|-fail|p2a: Pikachu
|
|-heal|p1a: Blissey|94/100|[from] item: Leftovers
|upkeep
|turn|8
|inactive|Nardgo has 240 seconds left.
|
|t:|1731003751
|switch|p2a: Celebi|Celebi|100/100
|-damage|p2a: Celebi|88/100|[from] Spikes
|move|p1a: Blissey|Seismic Toss|p2a: Celebi
|-damage|p2a: Celebi|63/100
|
|-heal|p2a: Celebi|69/100|[from] item: Leftovers
|-heal|p1a: Blissey|99/100|[from] item: Leftovers
|upkeep
|turn|9
|
|t:|1731003760
|move|p2a: Celebi|Calm Mind|p2a: Celebi
|-boost|p2a: Celebi|spa|1
|-boost|p2a: Celebi|spd|1
|move|p1a: Blissey|Ice Beam|p2a: Celebi
|-supereffective|p2a: Celebi
|-damage|p2a: Celebi|41/100
|-status|p2a: Celebi|frz
|
|-heal|p2a: Celebi|47/100 frz|[from] item: Leftovers
|-heal|p1a: Blissey|100/100|[from] item: Leftovers
|upkeep
|turn|10
|c|☆Nardgo|im sorry
|
|t:|1731003772
|-curestatus|p2a: Celebi|frz|[from] ability: Natural Cure
|switch|p2a: Cloyster|Cloyster, M|100/100
|-damage|p2a: Cloyster|88/100|[from] Spikes
|move|p1a: Blissey|Ice Beam|p2a: Cloyster
|-resisted|p2a: Cloyster
|-damage|p2a: Cloyster|77/100
|
|-heal|p2a: Cloyster|84/100|[from] item: Leftovers
|upkeep
|turn|11
|
|t:|1731003779
|switch|p1a: Misdreavus|Misdreavus, F|100/100
|move|p2a: Cloyster|Surf|p1a: Misdreavus
|-damage|p1a: Misdreavus|76/100
|
|-heal|p1a: Misdreavus|82/100|[from] item: Leftovers
|-heal|p2a: Cloyster|90/100|[from] item: Leftovers
|upkeep
|turn|12
|
|t:|1731003789
|switch|p2a: Pikachu|Pikachu, F|88/100
|-damage|p2a: Pikachu|76/100|[from] Spikes
|move|p1a: Misdreavus|Mean Look|p2a: Pikachu
|-activate|p2a: Pikachu|trapped
|
|-heal|p1a: Misdreavus|88/100|[from] item: Leftovers
|upkeep
|turn|13
|
|t:|1731003796
|switch|p1a: Blissey|Blissey, F|100/100
|-damage|p1a: Blissey|88/100|[from] Spikes
|move|p2a: Pikachu|Thunderbolt|p1a: Blissey
|-damage|p1a: Blissey|65/100
|
|-heal|p1a: Blissey|72/100|[from] item: Leftovers
|upkeep
|turn|14
|inactive|pokology2 has 270 seconds left.
|
|t:|1731003805
|move|p2a: Pikachu|Thunderbolt|p1a: Blissey
|-damage|p1a: Blissey|47/100
|move|p1a: Blissey|Ice Beam|p2a: Pikachu
|-damage|p2a: Pikachu|0 fnt
|faint|p2a: Pikachu
|inactive|pokology2 has 270 seconds left.
|
|t:|1731003813
|switch|p2a: Celebi|Celebi|47/100
|-damage|p2a: Celebi|35/100|[from] Spikes
|
|-heal|p2a: Celebi|41/100|[from] item: Leftovers
|-heal|p1a: Blissey|53/100|[from] item: Leftovers
|upkeep
|turn|15
|
|t:|1731003829
|switch|p1a: Moltres|Moltres|100/100
|move|p2a: Celebi|Calm Mind|p2a: Celebi
|-boost|p2a: Celebi|spa|1
|-boost|p2a: Celebi|spd|1
|
|-heal|p2a: Celebi|47/100|[from] item: Leftovers
|upkeep
|turn|16
|
|t:|1731003836
|move|p1a: Moltres|Flamethrower|p2a: Celebi
|-supereffective|p2a: Celebi
|-damage|p2a: Celebi|0 fnt
|faint|p2a: Celebi
|inactive|pokology2 has 270 seconds left.
|
|t:|1731003857
|switch|p2a: Gengar|Gengar, F|100/100
|
|upkeep
|turn|17
|
|t:|1731003866
|switch|p1a: Zapdos|Zapdos|100/100
|move|p2a: Gengar|Thunderbolt|p1a: Zapdos
|-damage|p1a: Zapdos|80/100
|
|-heal|p1a: Zapdos|86/100|[from] item: Leftovers
|upkeep
|turn|18
|
|t:|1731003875
|switch|p2a: Swampert|Swampert, F|100/100
|-damage|p2a: Swampert|88/100|[from] Spikes
|move|p1a: Zapdos|Roar|p2a: Swampert
|drag|p2a: Cloyster|Cloyster, M|90/100
|-damage|p2a: Cloyster|77/100|[from] Spikes
|
|-heal|p1a: Zapdos|92/100|[from] item: Leftovers
|-heal|p2a: Cloyster|84/100|[from] item: Leftovers
|upkeep
|turn|19
|
|t:|1731003883
|switch|p2a: Swampert|Swampert, F|88/100
|-damage|p2a: Swampert|76/100|[from] Spikes
|move|p1a: Zapdos|Thunderbolt|p2a: Swampert
|-immune|p2a: Swampert
|
|-heal|p1a: Zapdos|98/100|[from] item: Leftovers
|-heal|p2a: Swampert|82/100|[from] item: Leftovers
|upkeep
|turn|20
|
|t:|1731003890
|switch|p1a: Misdreavus|Misdreavus, F|88/100
|move|p2a: Swampert|Hydro Pump|p1a: Misdreavus
|-damage|p1a: Misdreavus|58/100
|
|-heal|p1a: Misdreavus|64/100|[from] item: Leftovers
|-heal|p2a: Swampert|88/100|[from] item: Leftovers
|upkeep
|turn|21
|
|t:|1731003901
|switch|p2a: Cloyster|Cloyster, M|84/100
|-damage|p2a: Cloyster|71/100|[from] Spikes
|move|p1a: Misdreavus|Mean Look|p2a: Cloyster
|-activate|p2a: Cloyster|trapped
|
|-heal|p1a: Misdreavus|70/100|[from] item: Leftovers
|-heal|p2a: Cloyster|77/100|[from] item: Leftovers
|upkeep
|turn|22
|
|t:|1731003908
|move|p1a: Misdreavus|Perish Song|p1a: Misdreavus
|-start|p1a: Misdreavus|perish3|[silent]
|-start|p2a: Cloyster|perish3|[silent]
|-fieldactivate|move: Perish Song
|move|p2a: Cloyster|Spikes|p1a: Misdreavus
|-sidestart|p1: Nardgo|Spikes
|
|-heal|p1a: Misdreavus|76/100|[from] item: Leftovers
|-heal|p2a: Cloyster|84/100|[from] item: Leftovers
|-start|p1a: Misdreavus|perish3
|-start|p2a: Cloyster|perish3
|upkeep
|turn|23
|
|t:|1731003914
|move|p1a: Misdreavus|Rest|p1a: Misdreavus
|-status|p1a: Misdreavus|slp|[from] move: Rest
|-heal|p1a: Misdreavus|100/100 slp|[silent]
|move|p2a: Cloyster|Spikes|p1a: Misdreavus
|-sidestart|p1: Nardgo|Spikes
|
|-heal|p2a: Cloyster|90/100|[from] item: Leftovers
|-start|p1a: Misdreavus|perish2
|-start|p2a: Cloyster|perish2
|upkeep
|turn|24
|
|t:|1731003921
|cant|p1a: Misdreavus|slp
|move|p2a: Cloyster|Surf|p1a: Misdreavus
|-damage|p1a: Misdreavus|75/100 slp
|
|-heal|p1a: Misdreavus|81/100 slp|[from] item: Leftovers
|-heal|p2a: Cloyster|96/100|[from] item: Leftovers
|-start|p1a: Misdreavus|perish1
|-start|p2a: Cloyster|perish1
|upkeep
|turn|25
|
|t:|1731003927
|switch|p1a: Flygon|Flygon, M|100/100
|move|p2a: Cloyster|Explosion|p1a: Flygon
|-crit|p1a: Flygon
|-damage|p1a: Flygon|0 fnt
|faint|p2a: Cloyster
|faint|p1a: Flygon
|
|t:|1731003937
|switch|p1a: Zapdos|Zapdos|98/100
|switch|p2a: Gengar|Gengar, F|100/100
|
|-heal|p1a: Zapdos|100/100|[from] item: Leftovers
|upkeep
|turn|26
|
|t:|1731003942
|switch|p2a: Swampert|Swampert, F|88/100
|-damage|p2a: Swampert|76/100|[from] Spikes
|move|p1a: Zapdos|Thunderbolt|p2a: Swampert
|-immune|p2a: Swampert
|
|-heal|p2a: Swampert|82/100|[from] item: Leftovers
|upkeep
|turn|27
|
|t:|1731003952
|move|p2a: Swampert|Ice Beam|p1a: Zapdos
|-supereffective|p1a: Zapdos
|-damage|p1a: Zapdos|72/100
|move|p1a: Zapdos|Roar|p2a: Swampert
|drag|p2a: Gengar|Gengar, F|100/100
|
|-heal|p1a: Zapdos|78/100|[from] item: Leftovers
|upkeep
|turn|28
|
|t:|1731003961
|switch|p2a: Swampert|Swampert, F|82/100
|-damage|p2a: Swampert|69/100|[from] Spikes
|move|p1a: Zapdos|Thunderbolt|p2a: Swampert
|-immune|p2a: Swampert
|
|-heal|p1a: Zapdos|84/100|[from] item: Leftovers
|-heal|p2a: Swampert|75/100|[from] item: Leftovers
|upkeep
|turn|29
|
|t:|1731003966
|move|p2a: Swampert|Hydro Pump|p1a: Zapdos
|-damage|p1a: Zapdos|61/100
|move|p1a: Zapdos|Roar|p2a: Swampert
|drag|p2a: Gengar|Gengar, F|100/100
|
|-heal|p1a: Zapdos|67/100|[from] item: Leftovers
|upkeep
|turn|30
|
|t:|1731003974
|move|p2a: Gengar|Ice Punch|p1a: Zapdos
|-supereffective|p1a: Zapdos
|-damage|p1a: Zapdos|32/100
|move|p1a: Zapdos|Thunderbolt|p2a: Gengar
|-damage|p2a: Gengar|38/100
|
|-heal|p2a: Gengar|44/100|[from] item: Leftovers
|-heal|p1a: Zapdos|38/100|[from] item: Leftovers
|upkeep
|turn|31
|inactive|Nardgo has 270 seconds left.
|
|t:|1731004007
|switch|p1a: Blissey|Blissey, F|53/100
|-damage|p1a: Blissey|28/100|[from] Spikes
|move|p2a: Gengar|Ice Punch|p1a: Blissey
|-damage|p1a: Blissey|17/100
|-status|p1a: Blissey|frz
|
|-heal|p2a: Gengar|50/100|[from] item: Leftovers
|-heal|p1a: Blissey|23/100 frz|[from] item: Leftovers
|upkeep
|turn|32
|
|t:|1731004016
|move|p2a: Gengar|Substitute|p2a: Gengar
|-start|p2a: Gengar|Substitute
|-damage|p2a: Gengar|25/100
|-curestatus|p1a: Blissey|frz|[msg]
|move|p1a: Blissey|Soft-Boiled|p1a: Blissey
|-heal|p1a: Blissey|73/100
|
|-heal|p2a: Gengar|32/100|[from] item: Leftovers
|-heal|p1a: Blissey|79/100|[from] item: Leftovers
|upkeep
|turn|33
|
|t:|1731004022
|-singleturn|p2a: Gengar|move: Focus Punch
|move|p1a: Blissey|Ice Beam|p2a: Gengar
|-end|p2a: Gengar|Substitute
|move|p2a: Gengar|Focus Punch|p1a: Blissey
|-supereffective|p1a: Blissey
|-damage|p1a: Blissey|22/100
|
|-heal|p2a: Gengar|38/100|[from] item: Leftovers
|-heal|p1a: Blissey|29/100|[from] item: Leftovers
|upkeep
|turn|34
|
|t:|1731004027
|switch|p2a: Swampert|Swampert, F|75/100
|-damage|p2a: Swampert|63/100|[from] Spikes
|move|p1a: Blissey|Ice Beam|p2a: Swampert
|-damage|p2a: Swampert|42/100
|
|-heal|p1a: Blissey|35/100|[from] item: Leftovers
|-heal|p2a: Swampert|48/100|[from] item: Leftovers
|upkeep
|turn|35
|
|t:|1731004035
|move|p1a: Blissey|Soft-Boiled|p1a: Blissey
|-heal|p1a: Blissey|85/100
|move|p2a: Swampert|Earthquake|p1a: Blissey
|-damage|p1a: Blissey|48/100
|
|-heal|p1a: Blissey|54/100|[from] item: Leftovers
|-heal|p2a: Swampert|54/100|[from] item: Leftovers
|upkeep
|turn|36
|
|t:|1731004039
|move|p1a: Blissey|Soft-Boiled|p1a: Blissey
|-heal|p1a: Blissey|100/100
|move|p2a: Swampert|Earthquake|p1a: Blissey
|-damage|p1a: Blissey|65/100
|
|-heal|p1a: Blissey|71/100|[from] item: Leftovers
|-heal|p2a: Swampert|60/100|[from] item: Leftovers
|upkeep
|turn|37
|
|t:|1731004041
|switch|p1a: Misdreavus|Misdreavus, F|81/100 slp
|move|p2a: Swampert|Earthquake|p1a: Misdreavus
|-immune|p1a: Misdreavus
|
|-heal|p1a: Misdreavus|87/100 slp|[from] item: Leftovers
|-heal|p2a: Swampert|66/100|[from] item: Leftovers
|upkeep
|turn|38
|
|t:|1731004046
|switch|p2a: Gengar|Gengar, F|38/100
|cant|p1a: Misdreavus|slp
|
|-heal|p2a: Gengar|44/100|[from] item: Leftovers
|-heal|p1a: Misdreavus|93/100 slp|[from] item: Leftovers
|upkeep
|turn|39
|
|t:|1731004053
|move|p2a: Gengar|Substitute|p2a: Gengar
|-start|p2a: Gengar|Substitute
|-damage|p2a: Gengar|19/100
|-curestatus|p1a: Misdreavus|slp|[msg]
|move|p1a: Misdreavus|Thunderbolt|p2a: Gengar
|-end|p2a: Gengar|Substitute
|
|-heal|p2a: Gengar|25/100|[from] item: Leftovers
|-heal|p1a: Misdreavus|99/100|[from] item: Leftovers
|upkeep
|turn|40
|c|☆pokology2|gg
|-message|pokology2 forfeited.
|
|win|Nardgo
|c|☆Nardgo|gg
|player|p1|

</script>
<script type="application/json" class="data" id="replaydata-smogtours-gen3ou-805104">
{"id":"smogtours-gen3ou-805104","format":"[Gen 3] OU","players":["Nardgo","pokology2"],"uploadtime":1731004072,"views":14,"formatid":"gen3ou","rating":null,"private":0,"password":null}
</script>

<script defer src="js/replays.js?9d40a366"></script>
