<!DOCTYPE html>
<meta charset="utf-8" />
<meta name="viewport" content="width=device-width" />

<title>[Gen 3] OU: singingcrow vs. Genexys - Replays - Pok&eacute;mon Showdown!</title>

<meta name="description" content="Watch a replay of a Pok&eacute;mon battle between singingcrow and Genexys! Format: [Gen 3] OU; Date: Nov 7, 2024" />
<!--

Hey, you! Looking in the source for the replay log?

You can find them in JSON format, just add `.json` at the end of a replay URL.

https://replay.pokemonshowdown.com/gen7randomdoublesbattle-865046831.json

Or, if you only need the log itself, add `.log` instead:

https://replay.pokemonshowdown.com/gen7randomdoublesbattle-865046831.log

-->

<link rel="stylesheet" href="//pokemonshowdown.com/style/global.css?0.023195364461161105" />
<link rel="stylesheet" href="//play.pokemonshowdown.com/style/font-awesome.css?0.13261647063804238" />
<link rel="stylesheet" href="//play.pokemonshowdown.com/style/battle.css?0.8753245789963631" />
<link rel="stylesheet" href="//play.pokemonshowdown.com/style/utilichart.css?0.8627959624976733" />

<!-- Global site tag (gtag.js) - Google Analytics -->
<script async src="https://www.googletagmanager.com/gtag/js?id=UA-26211653-1"></script>
<script>
  window.dataLayer = window.dataLayer || [];
  function gtag(){dataLayer.push(arguments);}
  gtag('js', new Date());

  gtag('config', 'UA-26211653-1');
</script>
<!-- End Google Analytics -->
<!-- Venatus Ad Manager - Install in <HEAD> of page -->
	<script src="https://hb.vntsm.com/v3/live/ad-manager.min.js" type="text/javascript" data-site-id="642aba63ec9a7b11c3c9c1be" data-mode="scan" async></script>
<!-- / Venatus Ad Manager -->

<style>
	@media (max-width:820px) {
		.battle {
			margin: 0 auto;
		}
		.battle-log {
			margin: 7px auto 0;
			max-width: 640px;
			height: 300px;
			position: static;
		}
	}
	.optgroup {
		display: inline-block;
		line-height: 22px;
		font-size: 10pt;
	}
	.optgroup .button {
		height: 25px;
		padding-top: 0;
		padding-bottom: 0;
	}
	.optgroup button.button {
		padding-left: 12px;
		padding-right: 12px;
	}
	.linklist {
		list-style: none;
		margin: 0.5em 0;
		padding: 0;
	}
	.linklist li {
		padding: 2px 0;
	}
	.sidebar {
		float: left;
		width: 320px;
	}
	.bar-wrapper {
		max-width: 1100px;
		margin: 0 auto;
	}
	.bar-wrapper.has-sidebar {
		max-width: 1430px;
	}
	.mainbar {
		margin: 0;
		padding-right: 1px;
	}
	.mainbar.has-sidebar {
		margin-left: 330px;
	}
	@media (min-width: 1511px) {
		.sidebar {
			width: 400px;
		}
		.bar-wrapper.has-sidebar {
			max-width: 1510px;
		}
		.mainbar.has-sidebar {
			margin-left: 410px;
		}
	}
	.section.first-section {
		margin-top: 9px;
	}
	.blocklink small {
		white-space: normal;
	}
	.button {
		vertical-align: middle;
	}
	.replay-controls {
		padding-top: 10px;
	}
	.replay-controls h1 {
		font-size: 16pt;
		font-weight: normal;
		color: #CCC;
	}
	.pagelink {
		text-align: center;
	}
	.pagelink a {
		width: 150px;
	}
	.textbox, .button {
		font-size: 11pt;
		vertical-align: middle;
	}
	@media (max-width: 450px) {
		.button {
			font-size: 9pt;
		}
	}
</style>

<div>

	<header>
		<div class="nav-wrapper"><ul class="nav">
			<li><a class="button nav-first" href="//pokemonshowdown.com/"><img src="//pokemonshowdown.com/images/pokemonshowdownbeta.png" srcset="//pokemonshowdown.com/images/pokemonshowdownbeta.png 1x, //pokemonshowdown.com/images/pokemonshowdownbeta@2x.png 2x" alt="Pok&eacute;mon Showdown" width="146" height="44" /> Home</a></li>
			<li><a class="button" href="//pokemonshowdown.com/dex/">Pok&eacute;dex</a></li>
			<li><a class="button cur" href="/">Replays</a></li>
			<li><a class="button" href="//pokemonshowdown.com/ladder/">Ladder</a></li>
			<li><a class="button nav-last" href="//pokemonshowdown.com/forums/">Forum</a></li>
			<li><a class="button greenbutton nav-first nav-last" href="//play.pokemonshowdown.com/">Play</a></li>
		</ul></div>
	</header>

	<div class="main" id="main">

		<noscript><section class="section">You need to enable JavaScript to use this page; sorry!</section></noscript>

	</div>

</div>

<script defer nomodule src="//play.pokemonshowdown.com/js/lib/ps-polyfill.js"></script>
<script defer src="//play.pokemonshowdown.com/js/lib/preact.min.js"></script>

<script defer src="//play.pokemonshowdown.com/config/config.js?2bddbc15"></script>
<script defer src="//play.pokemonshowdown.com/js/lib/jquery-1.11.0.min.js"></script>
<script defer src="//play.pokemonshowdown.com/js/lib/html-sanitizer-minified.js"></script>
<script defer src="//play.pokemonshowdown.com/js/battle-sound.js"></script>
<script defer src="//play.pokemonshowdown.com/js/battledata.js?0.7209276989879541"></script>
<script defer src="//play.pokemonshowdown.com/data/pokedex-mini.js?0.6111056340867951"></script>
<script defer src="//play.pokemonshowdown.com/data/pokedex-mini-bw.js?0.3532142036491459"></script>
<script defer src="//play.pokemonshowdown.com/data/graphics.js?0.24223875632456182"></script>
<script defer src="//play.pokemonshowdown.com/data/pokedex.js?0.38839984266356864"></script>
<script defer src="//play.pokemonshowdown.com/data/moves.js?0.21866028504024015"></script>
<script defer src="//play.pokemonshowdown.com/data/abilities.js?0.2005157953846628"></script>
<script defer src="//play.pokemonshowdown.com/data/items.js?0.9894211263848525"></script>
<script defer src="//play.pokemonshowdown.com/data/teambuilder-tables.js?0.6008791140282215"></script>
<script defer src="//play.pokemonshowdown.com/js/battle-tooltips.js?0.7580118955022959"></script>
<script defer src="//play.pokemonshowdown.com/js/battle.js?0.6057722274234274"></script>

<script defer src="js/utils.js?e31f9a17"></script>
<script defer src="js/replays-battle.js?7008c182"></script>

<!-- don't scrape this data! just add .json or .log after the URL!
Full API docs: https://github.com/smogon/pokemon-showdown-client/blob/master/WEB-API.md -->
<script type="text/plain" class="log" id="replaylog-smogtours-gen3ou-805163">
|inactive|Battle timer is ON: inactive players will automatically lose when time's up.
|t:|1731016625
|gametype|singles
|player|p1|singingcrow|hiker-gen4|
|player|p2|Genexys|ghetsis|
|teamsize|p1|6
|teamsize|p2|6
|gen|3
|tier|[Gen 3] OU
|rule|Sleep Clause Mod: Limit one foe put to sleep
|rule|Switch Priority Clause Mod: Faster Pokémon switch first
|rule|Species Clause: Limit one of each Pokémon
|rule|OHKO Clause: OHKO moves are banned
|rule|Evasion Items Clause: Evasion items are banned
|rule|Evasion Moves Clause: Evasion moves are banned
|rule|Endless Battle Clause: Forcing endless battles is banned
|rule|HP Percentage Mod: HP is shown in percentages
|rule|One Boost Passer Clause: Limit one Baton Passer that has a way to boost its stats
|rule|Freeze Clause Mod: Limit one foe frozen
|
|t:|1731016625
|start
|switch|p1a: Tyranitar|Tyranitar, F|100/100
|switch|p2a: Ethical Zapdos|Zapdos|100/100
|-weather|Sandstorm|[from] ability: Sand Stream|[of] p1a: Tyranitar
|turn|1
|c|☆Genexys|glhf
|c|☆singingcrow|glhf
|inactive|singingcrow has 270 seconds left.
|
|t:|1731016660
|switch|p2a: Steve Lankee|Swampert, M|100/100
|move|p1a: Tyranitar|Rock Slide|p2a: Steve Lankee
|-resisted|p2a: Steve Lankee
|-damage|p2a: Steve Lankee|78/100
|
|-weather|Sandstorm|[upkeep]
|-heal|p2a: Steve Lankee|84/100|[from] item: Leftovers
|upkeep
|turn|2
|
|t:|1731016678
|switch|p1a: Skarmory|Skarmory, F|100/100
|switch|p2a: Poindexter|Forretress, M|100/100
|
|-weather|Sandstorm|[upkeep]
|upkeep
|turn|3
|
|t:|1731016683
|switch|p1a: Moltres|Moltres|100/100
|move|p2a: Poindexter|Spikes|p1a: Moltres
|-sidestart|p1: singingcrow|Spikes
|
|-weather|Sandstorm|[upkeep]
|-damage|p1a: Moltres|94/100|[from] Sandstorm
|-heal|p1a: Moltres|100/100|[from] item: Leftovers
|upkeep
|turn|4
|
|t:|1731016687
|switch|p2a: la gyu styfe|Blissey, F|100/100
|move|p1a: Moltres|Will-O-Wisp|p2a: la gyu styfe
|-status|p2a: la gyu styfe|brn
|
|-weather|Sandstorm|[upkeep]
|-damage|p1a: Moltres|94/100|[from] Sandstorm
|-damage|p2a: la gyu styfe|94/100 brn|[from] Sandstorm
|-heal|p1a: Moltres|100/100|[from] item: Leftovers
|-heal|p2a: la gyu styfe|100/100 brn|[from] item: Leftovers
|-damage|p2a: la gyu styfe|88/100 brn|[from] brn
|upkeep
|turn|5
|
|t:|1731016691
|switch|p1a: Tyranitar|Tyranitar, F|100/100
|-damage|p1a: Tyranitar|88/100|[from] Spikes
|move|p2a: la gyu styfe|Wish|p2a: la gyu styfe
|
|-weather|Sandstorm|[upkeep]
|-damage|p2a: la gyu styfe|82/100 brn|[from] Sandstorm
|-heal|p2a: la gyu styfe|88/100 brn|[from] item: Leftovers
|-damage|p2a: la gyu styfe|76/100 brn|[from] brn
|upkeep
|turn|6
|
|t:|1731016699
|-singleturn|p1a: Tyranitar|move: Focus Punch
|-curestatus|p2a: la gyu styfe|brn|[from] ability: Natural Cure
|switch|p2a: Steve Lankee|Swampert, M|84/100
|move|p1a: Tyranitar|Focus Punch|p2a: Steve Lankee
|-damage|p2a: Steve Lankee|30/100
|
|-heal|p2a: Steve Lankee|79/100|[from] move: Wish|[wisher] la gyu styfe
|-weather|Sandstorm|[upkeep]
|-heal|p2a: Steve Lankee|86/100|[from] item: Leftovers
|upkeep
|turn|7
|
|t:|1731016714
|switch|p1a: Skarmory|Skarmory, F|100/100
|move|p2a: Steve Lankee|Ice Beam|p1a: Skarmory
|-damage|p1a: Skarmory|83/100
|
|-weather|Sandstorm|[upkeep]
|-heal|p1a: Skarmory|89/100|[from] item: Leftovers
|-heal|p2a: Steve Lankee|92/100|[from] item: Leftovers
|upkeep
|turn|8
|
|t:|1731016719
|switch|p2a: Poindexter|Forretress, M|100/100
|move|p1a: Skarmory|Spikes|p2a: Poindexter
|-sidestart|p2: Genexys|Spikes
|
|-weather|Sandstorm|[upkeep]
|-heal|p1a: Skarmory|95/100|[from] item: Leftovers
|upkeep
|turn|9
|
|t:|1731016725
|switch|p1a: Moltres|Moltres|100/100
|move|p2a: Poindexter|Spikes|p1a: Moltres
|-sidestart|p1: singingcrow|Spikes
|
|-weather|Sandstorm|[upkeep]
|-damage|p1a: Moltres|94/100|[from] Sandstorm
|-heal|p1a: Moltres|100/100|[from] item: Leftovers
|upkeep
|turn|10
|
|t:|1731016729
|switch|p2a: la gyu styfe|Blissey, F|76/100
|-damage|p2a: la gyu styfe|63/100|[from] Spikes
|move|p1a: Moltres|Will-O-Wisp|p2a: la gyu styfe
|-status|p2a: la gyu styfe|brn
|
|-weather|Sandstorm|[upkeep]
|-damage|p1a: Moltres|94/100|[from] Sandstorm
|-damage|p2a: la gyu styfe|57/100 brn|[from] Sandstorm
|-heal|p1a: Moltres|100/100|[from] item: Leftovers
|-heal|p2a: la gyu styfe|63/100 brn|[from] item: Leftovers
|-damage|p2a: la gyu styfe|51/100 brn|[from] brn
|upkeep
|turn|11
|
|t:|1731016735
|move|p2a: la gyu styfe|Soft-Boiled|p2a: la gyu styfe
|-heal|p2a: la gyu styfe|100/100 brn
|move|p1a: Moltres|Roar|p2a: la gyu styfe
|-curestatus|p2a: la gyu styfe|brn|[from] ability: Natural Cure
|drag|p2a: Ethical Zapdos|Zapdos|100/100
|
|-weather|Sandstorm|[upkeep]
|-damage|p1a: Moltres|94/100|[from] Sandstorm
|-damage|p2a: Ethical Zapdos|94/100|[from] Sandstorm
|-heal|p1a: Moltres|100/100|[from] item: Leftovers
|-heal|p2a: Ethical Zapdos|100/100|[from] item: Leftovers
|upkeep
|turn|12
|
|t:|1731016740
|switch|p1a: Blissey|Blissey, F|100/100
|-damage|p1a: Blissey|84/100|[from] Spikes
|move|p2a: Ethical Zapdos|Toxic|p1a: Blissey|[miss]
|-miss|p2a: Ethical Zapdos|p1a: Blissey
|
|-weather|Sandstorm|[upkeep]
|-damage|p2a: Ethical Zapdos|94/100|[from] Sandstorm
|-damage|p1a: Blissey|78/100|[from] Sandstorm
|-heal|p2a: Ethical Zapdos|100/100|[from] item: Leftovers
|-heal|p1a: Blissey|84/100|[from] item: Leftovers
|upkeep
|turn|13
|
|t:|1731016752
|switch|p2a: la gyu styfe|Blissey, F|100/100
|-damage|p2a: la gyu styfe|88/100|[from] Spikes
|move|p1a: Blissey|Wish|p1a: Blissey
|
|-weather|Sandstorm|[upkeep]
|-damage|p2a: la gyu styfe|82/100|[from] Sandstorm
|-damage|p1a: Blissey|78/100|[from] Sandstorm
|-heal|p2a: la gyu styfe|88/100|[from] item: Leftovers
|-heal|p1a: Blissey|84/100|[from] item: Leftovers
|upkeep
|turn|14
|
|t:|1731016758
|switch|p1a: Tyranitar|Tyranitar, F|88/100
|-damage|p1a: Tyranitar|72/100|[from] Spikes
|move|p2a: la gyu styfe|Wish|p2a: la gyu styfe
|
|-heal|p1a: Tyranitar|100/100|[from] move: Wish|[wisher] Blissey
|-weather|Sandstorm|[upkeep]
|-damage|p2a: la gyu styfe|82/100|[from] Sandstorm
|-heal|p2a: la gyu styfe|88/100|[from] item: Leftovers
|upkeep
|turn|15
|
|t:|1731016764
|switch|p2a: Steve Lankee|Swampert, M|92/100
|-damage|p2a: Steve Lankee|79/100|[from] Spikes
|move|p1a: Tyranitar|Brick Break|p2a: Steve Lankee
|-damage|p2a: Steve Lankee|47/100
|
|-heal|p2a: Steve Lankee|97/100|[from] move: Wish|[wisher] la gyu styfe
|-weather|Sandstorm|[upkeep]
|-heal|p2a: Steve Lankee|100/100|[from] item: Leftovers
|upkeep
|turn|16
|
|t:|1731016771
|switch|p1a: Blissey|Blissey, F|84/100
|-damage|p1a: Blissey|67/100|[from] Spikes
|switch|p2a: Poindexter|Forretress, M|100/100
|-damage|p2a: Poindexter|88/100|[from] Spikes
|
|-weather|Sandstorm|[upkeep]
|-damage|p1a: Blissey|61/100|[from] Sandstorm
|-heal|p1a: Blissey|67/100|[from] item: Leftovers
|-heal|p2a: Poindexter|94/100|[from] item: Leftovers
|upkeep
|turn|17
|
|t:|1731016776
|move|p1a: Blissey|Wish|p1a: Blissey
|move|p2a: Poindexter|Rapid Spin|p1a: Blissey
|-damage|p1a: Blissey|63/100
|-sideend|p2: Genexys|Spikes|[from] move: Rapid Spin|[of] p2a: Poindexter
|
|-weather|Sandstorm|[upkeep]
|-damage|p1a: Blissey|57/100|[from] Sandstorm
|-heal|p1a: Blissey|63/100|[from] item: Leftovers
|-heal|p2a: Poindexter|100/100|[from] item: Leftovers
|upkeep
|turn|18
|
|t:|1731016781
|switch|p1a: Moltres|Moltres|100/100
|move|p2a: Poindexter|Spikes|p1a: Moltres
|-sidestart|p1: singingcrow|Spikes
|
|-weather|Sandstorm|[upkeep]
|-damage|p1a: Moltres|94/100|[from] Sandstorm
|-heal|p1a: Moltres|100/100|[from] item: Leftovers
|upkeep
|turn|19
|
|t:|1731016786
|switch|p2a: Ethical Zapdos|Zapdos|100/100
|move|p1a: Moltres|Will-O-Wisp|p2a: Ethical Zapdos
|-status|p2a: Ethical Zapdos|brn
|
|-weather|Sandstorm|[upkeep]
|-damage|p1a: Moltres|94/100|[from] Sandstorm
|-damage|p2a: Ethical Zapdos|94/100 brn|[from] Sandstorm
|-heal|p1a: Moltres|100/100|[from] item: Leftovers
|-heal|p2a: Ethical Zapdos|100/100 brn|[from] item: Leftovers
|-damage|p2a: Ethical Zapdos|88/100 brn|[from] brn
|upkeep
|turn|20
|
|t:|1731016792
|switch|p1a: Swampert|Swampert, F|100/100
|-damage|p1a: Swampert|76/100|[from] Spikes
|move|p2a: Ethical Zapdos|Thunderbolt|p1a: Swampert
|-immune|p1a: Swampert
|
|-weather|Sandstorm|[upkeep]
|-damage|p2a: Ethical Zapdos|82/100 brn|[from] Sandstorm
|-heal|p2a: Ethical Zapdos|88/100 brn|[from] item: Leftovers
|-damage|p2a: Ethical Zapdos|75/100 brn|[from] brn
|-heal|p1a: Swampert|82/100|[from] item: Leftovers
|upkeep
|turn|21
|
|t:|1731016798
|move|p1a: Swampert|Protect|p1a: Swampert
|-singleturn|p1a: Swampert|Protect
|move|p2a: Ethical Zapdos|Toxic|p1a: Swampert|[miss]
|-miss|p2a: Ethical Zapdos|p1a: Swampert
|
|-weather|Sandstorm|[upkeep]
|-damage|p2a: Ethical Zapdos|69/100 brn|[from] Sandstorm
|-heal|p2a: Ethical Zapdos|75/100 brn|[from] item: Leftovers
|-damage|p2a: Ethical Zapdos|63/100 brn|[from] brn
|-heal|p1a: Swampert|88/100|[from] item: Leftovers
|upkeep
|turn|22
|
|t:|1731016805
|switch|p1a: Skarmory|Skarmory, F|95/100
|move|p2a: Ethical Zapdos|Thunderbolt|p1a: Skarmory
|-supereffective|p1a: Skarmory
|-damage|p1a: Skarmory|25/100
|
|-weather|Sandstorm|[upkeep]
|-damage|p2a: Ethical Zapdos|57/100 brn|[from] Sandstorm
|-heal|p2a: Ethical Zapdos|63/100 brn|[from] item: Leftovers
|-damage|p2a: Ethical Zapdos|50/100 brn|[from] brn
|-heal|p1a: Skarmory|31/100|[from] item: Leftovers
|upkeep
|turn|23
|
|t:|1731016810
|switch|p2a: Poindexter|Forretress, M|100/100
|move|p1a: Skarmory|Protect||[still]
|-fail|p1a: Skarmory
|
|-weather|Sandstorm|[upkeep]
|-heal|p1a: Skarmory|37/100|[from] item: Leftovers
|upkeep
|turn|24
|
|t:|1731016815
|switch|p2a: Ethical Zapdos|Zapdos|50/100 brn
|move|p1a: Skarmory|Protect||[still]
|-fail|p1a: Skarmory
|
|-weather|Sandstorm|[upkeep]
|-damage|p2a: Ethical Zapdos|44/100 brn|[from] Sandstorm
|-heal|p2a: Ethical Zapdos|50/100 brn|[from] item: Leftovers
|-damage|p2a: Ethical Zapdos|38/100 brn|[from] brn
|-heal|p1a: Skarmory|43/100|[from] item: Leftovers
|upkeep
|turn|25
|
|t:|1731016819
|move|p1a: Skarmory|Protect|p1a: Skarmory
|-singleturn|p1a: Skarmory|Protect
|move|p2a: Ethical Zapdos|Rest|p2a: Ethical Zapdos
|-status|p2a: Ethical Zapdos|slp|[from] move: Rest
|-heal|p2a: Ethical Zapdos|100/100 slp|[silent]
|
|-weather|Sandstorm|[upkeep]
|-damage|p2a: Ethical Zapdos|94/100 slp|[from] Sandstorm
|-heal|p2a: Ethical Zapdos|100/100 slp|[from] item: Leftovers
|-heal|p1a: Skarmory|49/100|[from] item: Leftovers
|upkeep
|turn|26
|
|t:|1731016822
|switch|p2a: Poindexter|Forretress, M|100/100
|move|p1a: Skarmory|Spikes|p2a: Poindexter
|-sidestart|p2: Genexys|Spikes
|
|-weather|Sandstorm|[upkeep]
|-heal|p1a: Skarmory|55/100|[from] item: Leftovers
|upkeep
|turn|27
|
|t:|1731016829
|move|p1a: Skarmory|Protect|p1a: Skarmory
|-singleturn|p1a: Skarmory|Protect
|move|p2a: Poindexter|Rapid Spin|p1a: Skarmory
|-activate|p1a: Skarmory|Protect
|
|-weather|Sandstorm|[upkeep]
|-heal|p1a: Skarmory|61/100|[from] item: Leftovers
|upkeep
|turn|28
|
|t:|1731016835
|switch|p1a: Moltres|Moltres|100/100
|move|p2a: Poindexter|Rapid Spin|p1a: Moltres
|-damage|p1a: Moltres|95/100
|-sideend|p2: Genexys|Spikes|[from] move: Rapid Spin|[of] p2a: Poindexter
|
|-weather|Sandstorm|[upkeep]
|-damage|p1a: Moltres|89/100|[from] Sandstorm
|-heal|p1a: Moltres|95/100|[from] item: Leftovers
|upkeep
|turn|29
|
|t:|1731016840
|switch|p2a: Ethical Zapdos|Zapdos|100/100 slp
|move|p1a: Moltres|Will-O-Wisp|p2a: Ethical Zapdos|[miss]
|-miss|p1a: Moltres|p2a: Ethical Zapdos
|
|-weather|Sandstorm|[upkeep]
|-damage|p1a: Moltres|89/100|[from] Sandstorm
|-damage|p2a: Ethical Zapdos|94/100 slp|[from] Sandstorm
|-heal|p1a: Moltres|95/100|[from] item: Leftovers
|-heal|p2a: Ethical Zapdos|100/100 slp|[from] item: Leftovers
|upkeep
|turn|30
|
|t:|1731016843
|move|p1a: Moltres|Flamethrower|p2a: Ethical Zapdos
|-damage|p2a: Ethical Zapdos|69/100 slp
|cant|p2a: Ethical Zapdos|slp
|
|-weather|Sandstorm|[upkeep]
|-damage|p1a: Moltres|89/100|[from] Sandstorm
|-damage|p2a: Ethical Zapdos|63/100 slp|[from] Sandstorm
|-heal|p1a: Moltres|95/100|[from] item: Leftovers
|-heal|p2a: Ethical Zapdos|69/100 slp|[from] item: Leftovers
|upkeep
|turn|31
|
|t:|1731016848
|switch|p1a: Blissey|Blissey, F|63/100
|-damage|p1a: Blissey|38/100|[from] Spikes
|switch|p2a: la gyu styfe|Blissey, F|88/100
|
|-weather|Sandstorm|[upkeep]
|-damage|p1a: Blissey|32/100|[from] Sandstorm
|-damage|p2a: la gyu styfe|82/100|[from] Sandstorm
|-heal|p1a: Blissey|38/100|[from] item: Leftovers
|-heal|p2a: la gyu styfe|88/100|[from] item: Leftovers
|upkeep
|turn|32
|
|t:|1731016850
|switch|p2a: Zeltron|Heracross, F|100/100
|move|p1a: Blissey|Soft-Boiled|p1a: Blissey
|-heal|p1a: Blissey|88/100
|
|-weather|Sandstorm|[upkeep]
|-damage|p2a: Zeltron|95/100|[from] Sandstorm
|-damage|p1a: Blissey|82/100|[from] Sandstorm
|-heal|p2a: Zeltron|100/100|[from] item: Leftovers
|-heal|p1a: Blissey|88/100|[from] item: Leftovers
|upkeep
|turn|33
|
|t:|1731016854
|switch|p1a: Skarmory|Skarmory, F|61/100
|move|p2a: Zeltron|Brick Break|p1a: Skarmory
|-damage|p1a: Skarmory|28/100
|
|-weather|Sandstorm|[upkeep]
|-damage|p2a: Zeltron|95/100|[from] Sandstorm
|-heal|p2a: Zeltron|100/100|[from] item: Leftovers
|-heal|p1a: Skarmory|34/100|[from] item: Leftovers
|upkeep
|turn|34
|
|t:|1731016862
|switch|p2a: Ethical Zapdos|Zapdos|69/100 slp
|switch|p1a: Moltres|Moltres|95/100
|
|-weather|Sandstorm|[upkeep]
|-damage|p1a: Moltres|89/100|[from] Sandstorm
|-damage|p2a: Ethical Zapdos|63/100 slp|[from] Sandstorm
|-heal|p1a: Moltres|95/100|[from] item: Leftovers
|-heal|p2a: Ethical Zapdos|69/100 slp|[from] item: Leftovers
|upkeep
|turn|35
|
|t:|1731016869
|switch|p1a: Tyranitar|Tyranitar, F|100/100
|-damage|p1a: Tyranitar|76/100|[from] Spikes
|switch|p2a: la gyu styfe|Blissey, F|88/100
|
|-weather|Sandstorm|[upkeep]
|-damage|p2a: la gyu styfe|82/100|[from] Sandstorm
|-heal|p2a: la gyu styfe|88/100|[from] item: Leftovers
|upkeep
|turn|36
|
|t:|1731016876
|switch|p2a: Steve Lankee|Swampert, M|100/100
|move|p1a: Tyranitar|Brick Break|p2a: Steve Lankee
|-damage|p2a: Steve Lankee|71/100
|
|-weather|Sandstorm|[upkeep]
|-heal|p2a: Steve Lankee|77/100|[from] item: Leftovers
|upkeep
|turn|37
|
|t:|1731016885
|switch|p1a: Blissey|Blissey, F|88/100
|-damage|p1a: Blissey|63/100|[from] Spikes
|switch|p2a: Zeltron|Heracross, F|100/100
|
|-weather|Sandstorm|[upkeep]
|-damage|p2a: Zeltron|95/100|[from] Sandstorm
|-damage|p1a: Blissey|57/100|[from] Sandstorm
|-heal|p2a: Zeltron|100/100|[from] item: Leftovers
|-heal|p1a: Blissey|63/100|[from] item: Leftovers
|upkeep
|turn|38
|
|t:|1731016888
|switch|p1a: Moltres|Moltres|95/100
|move|p2a: Zeltron|Swords Dance|p2a: Zeltron
|-boost|p2a: Zeltron|atk|2
|
|-weather|Sandstorm|[upkeep]
|-damage|p1a: Moltres|89/100|[from] Sandstorm
|-damage|p2a: Zeltron|95/100|[from] Sandstorm
|-heal|p1a: Moltres|95/100|[from] item: Leftovers
|-heal|p2a: Zeltron|100/100|[from] item: Leftovers
|upkeep
|turn|39
|
|t:|1731016893
|switch|p2a: la gyu styfe|Blissey, F|88/100
|move|p1a: Moltres|Flamethrower|p2a: la gyu styfe
|-damage|p2a: la gyu styfe|68/100
|
|-weather|Sandstorm|[upkeep]
|-damage|p1a: Moltres|89/100|[from] Sandstorm
|-damage|p2a: la gyu styfe|62/100|[from] Sandstorm
|-heal|p1a: Moltres|95/100|[from] item: Leftovers
|-heal|p2a: la gyu styfe|68/100|[from] item: Leftovers
|upkeep
|turn|40
|
|t:|1731016900
|move|p2a: la gyu styfe|Wish|p2a: la gyu styfe
|move|p1a: Moltres|Roar|p2a: la gyu styfe
|drag|p2a: Tartaritar|Tyranitar, F|100/100
|
|-weather|Sandstorm|[upkeep]
|-damage|p1a: Moltres|89/100|[from] Sandstorm
|-heal|p1a: Moltres|95/100|[from] item: Leftovers
|upkeep
|turn|41
|
|t:|1731016905
|switch|p1a: Swampert|Swampert, F|88/100
|-damage|p1a: Swampert|63/100|[from] Spikes
|switch|p2a: Ethical Zapdos|Zapdos|69/100 slp
|
|-heal|p2a: Ethical Zapdos|100/100 slp|[from] move: Wish|[wisher] la gyu styfe
|-weather|Sandstorm|[upkeep]
|-damage|p2a: Ethical Zapdos|94/100 slp|[from] Sandstorm
|-heal|p2a: Ethical Zapdos|100/100 slp|[from] item: Leftovers
|-heal|p1a: Swampert|69/100|[from] item: Leftovers
|upkeep
|turn|42
|
|t:|1731016913
|cant|p2a: Ethical Zapdos|slp
|move|p1a: Swampert|Ice Beam|p2a: Ethical Zapdos
|-supereffective|p2a: Ethical Zapdos
|-damage|p2a: Ethical Zapdos|73/100 slp
|
|-weather|Sandstorm|[upkeep]
|-damage|p2a: Ethical Zapdos|67/100 slp|[from] Sandstorm
|-heal|p2a: Ethical Zapdos|73/100 slp|[from] item: Leftovers
|-heal|p1a: Swampert|76/100|[from] item: Leftovers
|upkeep
|turn|43
|
|t:|1731016917
|move|p1a: Swampert|Protect|p1a: Swampert
|-singleturn|p1a: Swampert|Protect
|-curestatus|p2a: Ethical Zapdos|slp|[msg]
|move|p2a: Ethical Zapdos|Toxic|p1a: Swampert
|-activate|p1a: Swampert|Protect
|
|-weather|Sandstorm|[upkeep]
|-damage|p2a: Ethical Zapdos|67/100|[from] Sandstorm
|-heal|p2a: Ethical Zapdos|73/100|[from] item: Leftovers
|-heal|p1a: Swampert|82/100|[from] item: Leftovers
|upkeep
|turn|44
|
|t:|1731016921
|switch|p1a: Blissey|Blissey, F|63/100
|-damage|p1a: Blissey|38/100|[from] Spikes
|move|p2a: Ethical Zapdos|Thunderbolt|p1a: Blissey
|-damage|p1a: Blissey|22/100
|
|-weather|Sandstorm|[upkeep]
|-damage|p2a: Ethical Zapdos|67/100|[from] Sandstorm
|-damage|p1a: Blissey|15/100|[from] Sandstorm
|-heal|p2a: Ethical Zapdos|73/100|[from] item: Leftovers
|-heal|p1a: Blissey|22/100|[from] item: Leftovers
|upkeep
|turn|45
|
|t:|1731016924
|switch|p2a: Zeltron|Heracross, F|100/100
|move|p1a: Blissey|Soft-Boiled|p1a: Blissey
|-heal|p1a: Blissey|71/100
|
|-weather|Sandstorm|[upkeep]
|-damage|p2a: Zeltron|95/100|[from] Sandstorm
|-damage|p1a: Blissey|65/100|[from] Sandstorm
|-heal|p2a: Zeltron|100/100|[from] item: Leftovers
|-heal|p1a: Blissey|71/100|[from] item: Leftovers
|upkeep
|turn|46
|
|t:|1731016932
|switch|p1a: Skarmory|Skarmory, F|34/100
|move|p2a: Zeltron|Brick Break|p1a: Skarmory
|-crit|p1a: Skarmory
|-damage|p1a: Skarmory|0 fnt
|faint|p1a: Skarmory
|c|☆Genexys|mb
|c|☆singingcrow|mw
|
|t:|1731016951
|switch|p1a: Moltres|Moltres|95/100
|
|-weather|Sandstorm|[upkeep]
|-damage|p1a: Moltres|89/100|[from] Sandstorm
|-damage|p2a: Zeltron|95/100|[from] Sandstorm
|-heal|p1a: Moltres|95/100|[from] item: Leftovers
|-heal|p2a: Zeltron|100/100|[from] item: Leftovers
|upkeep
|turn|47
|
|t:|1731016975
|switch|p2a: la gyu styfe|Blissey, F|68/100
|move|p1a: Moltres|Will-O-Wisp|p2a: la gyu styfe|[miss]
|-miss|p1a: Moltres|p2a: la gyu styfe
|
|-weather|Sandstorm|[upkeep]
|-damage|p1a: Moltres|89/100|[from] Sandstorm
|-damage|p2a: la gyu styfe|62/100|[from] Sandstorm
|-heal|p1a: Moltres|95/100|[from] item: Leftovers
|-heal|p2a: la gyu styfe|68/100|[from] item: Leftovers
|upkeep
|turn|48
|
|t:|1731016980
|switch|p1a: Blissey|Blissey, F|71/100
|-damage|p1a: Blissey|47/100|[from] Spikes
|move|p2a: la gyu styfe|Soft-Boiled|p2a: la gyu styfe
|-heal|p2a: la gyu styfe|100/100
|
|-weather|Sandstorm|[upkeep]
|-damage|p2a: la gyu styfe|94/100|[from] Sandstorm
|-damage|p1a: Blissey|40/100|[from] Sandstorm
|-heal|p1a: Blissey|47/100|[from] item: Leftovers
|-heal|p2a: la gyu styfe|100/100|[from] item: Leftovers
|upkeep
|turn|49
|
|t:|1731016983
|switch|p1a: Aerodactyl|Aerodactyl, M|100/100
|switch|p2a: Zeltron|Heracross, F|100/100
|
|-weather|Sandstorm|[upkeep]
|-damage|p2a: Zeltron|95/100|[from] Sandstorm
|-heal|p2a: Zeltron|100/100|[from] item: Leftovers
|upkeep
|turn|50
|
|t:|1731016995
|switch|p2a: Tartaritar|Tyranitar, F|100/100
|move|p1a: Aerodactyl|Earthquake|p2a: Tartaritar
|-supereffective|p2a: Tartaritar
|-damage|p2a: Tartaritar|29/100
|
|-weather|Sandstorm|[upkeep]
|-heal|p2a: Tartaritar|35/100|[from] item: Leftovers
|upkeep
|turn|51
|
|t:|1731017002
|switch|p1a: Blissey|Blissey, F|47/100
|-damage|p1a: Blissey|22/100|[from] Spikes
|switch|p2a: Ethical Zapdos|Zapdos|73/100
|
|-weather|Sandstorm|[upkeep]
|-damage|p2a: Ethical Zapdos|67/100|[from] Sandstorm
|-damage|p1a: Blissey|16/100|[from] Sandstorm
|-heal|p2a: Ethical Zapdos|73/100|[from] item: Leftovers
|-heal|p1a: Blissey|22/100|[from] item: Leftovers
|upkeep
|turn|52
|
|t:|1731017011
|switch|p2a: Zeltron|Heracross, F|100/100
|move|p1a: Blissey|Soft-Boiled|p1a: Blissey
|-heal|p1a: Blissey|72/100
|
|-weather|Sandstorm|[upkeep]
|-damage|p2a: Zeltron|95/100|[from] Sandstorm
|-damage|p1a: Blissey|65/100|[from] Sandstorm
|-heal|p2a: Zeltron|100/100|[from] item: Leftovers
|-heal|p1a: Blissey|72/100|[from] item: Leftovers
|upkeep
|turn|53
|
|t:|1731017014
|switch|p1a: Moltres|Moltres|95/100
|move|p2a: Zeltron|Rock Slide|p1a: Moltres
|-supereffective|p1a: Moltres
|-damage|p1a: Moltres|0 fnt
|faint|p1a: Moltres
|
|t:|1731017018
|switch|p1a: Aerodactyl|Aerodactyl, M|100/100
|
|-weather|Sandstorm|[upkeep]
|-damage|p2a: Zeltron|95/100|[from] Sandstorm
|-heal|p2a: Zeltron|100/100|[from] item: Leftovers
|upkeep
|turn|54
|
|t:|1731017022
|switch|p2a: Poindexter|Forretress, M|100/100
|move|p1a: Aerodactyl|Hidden Power|p2a: Poindexter
|-damage|p2a: Poindexter|65/100
|
|-weather|Sandstorm|[upkeep]
|-heal|p2a: Poindexter|72/100|[from] item: Leftovers
|upkeep
|turn|55
|
|t:|1731017027
|switch|p1a: Tyranitar|Tyranitar, F|76/100
|-damage|p1a: Tyranitar|51/100|[from] Spikes
|move|p2a: Poindexter|Counter|p1a: Tyranitar
|
|-weather|Sandstorm|[upkeep]
|-heal|p2a: Poindexter|78/100|[from] item: Leftovers
|upkeep
|turn|56
|
|t:|1731017030
|-singleturn|p1a: Tyranitar|move: Focus Punch
|move|p1a: Tyranitar|Focus Punch|p2a: Poindexter
|-damage|p2a: Poindexter|10/100
|move|p2a: Poindexter|Counter|p1a: Tyranitar
|-damage|p1a: Tyranitar|0 fnt
|faint|p1a: Tyranitar
|
|t:|1731017038
|switch|p1a: Aerodactyl|Aerodactyl, M|100/100
|
|-weather|Sandstorm|[upkeep]
|-heal|p2a: Poindexter|17/100|[from] item: Leftovers
|upkeep
|turn|57
|
|t:|1731017041
|move|p1a: Aerodactyl|Rock Slide|p2a: Poindexter|[miss]
|-miss|p1a: Aerodactyl|p2a: Poindexter
|move|p2a: Poindexter|Hidden Power|p1a: Aerodactyl
|-resisted|p1a: Aerodactyl
|-damage|p1a: Aerodactyl|84/100
|
|-weather|Sandstorm|[upkeep]
|-heal|p2a: Poindexter|23/100|[from] item: Leftovers
|upkeep
|turn|58
|
|t:|1731017045
|move|p1a: Aerodactyl|Rock Slide|p2a: Poindexter
|-damage|p2a: Poindexter|0 fnt
|faint|p2a: Poindexter
|
|t:|1731017048
|switch|p2a: Steve Lankee|Swampert, M|77/100
|
|-weather|Sandstorm|[upkeep]
|-heal|p2a: Steve Lankee|84/100|[from] item: Leftovers
|upkeep
|turn|59
|
|t:|1731017052
|switch|p1a: Blissey|Blissey, F|72/100
|-damage|p1a: Blissey|47/100|[from] Spikes
|move|p2a: Steve Lankee|Earthquake|p1a: Blissey
|-damage|p1a: Blissey|6/100
|
|-weather|Sandstorm|[upkeep]
|-damage|p1a: Blissey|0 fnt|[from] Sandstorm
|faint|p1a: Blissey
|-heal|p2a: Steve Lankee|90/100|[from] item: Leftovers
|upkeep
|c|☆singingcrow|gg
|-message|singingcrow forfeited.
|
|win|Genexys
|c|☆Genexys|ggwp

</script>
<script type="application/json" class="data" id="replaydata-smogtours-gen3ou-805163">
{"id":"smogtours-gen3ou-805163","format":"[Gen 3] OU","players":["singingcrow","Genexys"],"uploadtime":1731017058,"views":42,"formatid":"gen3ou","rating":null,"private":0,"password":null}
</script>

<script defer src="js/replays.js?9d40a366"></script>
