<!DOCTYPE html>
<meta charset="utf-8" />
<meta name="viewport" content="width=device-width" />

<title>[Gen 3] OU: Big John Green vs. realtimeglover - Replays - Pok&eacute;mon Showdown!</title>

<meta name="description" content="Watch a replay of a Pok&eacute;mon battle between Big John Green and realtimeglover! Format: [Gen 3] OU; Date: Oct 19, 2024" />
<!--

Hey, you! Looking in the source for the replay log?

You can find them in JSON format, just add `.json` at the end of a replay URL.

https://replay.pokemonshowdown.com/gen7randomdoublesbattle-865046831.json

Or, if you only need the log itself, add `.log` instead:

https://replay.pokemonshowdown.com/gen7randomdoublesbattle-865046831.log

-->

<link rel="stylesheet" href="//pokemonshowdown.com/style/global.css?0.023195364461161105" />
<link rel="stylesheet" href="//play.pokemonshowdown.com/style/font-awesome.css?0.13261647063804238" />
<link rel="stylesheet" href="//play.pokemonshowdown.com/style/battle.css?0.8753245789963631" />
<link rel="stylesheet" href="//play.pokemonshowdown.com/style/utilichart.css?0.8627959624976733" />

<!-- Global site tag (gtag.js) - Google Analytics -->
<script async src="https://www.googletagmanager.com/gtag/js?id=UA-26211653-1"></script>
<script>
  window.dataLayer = window.dataLayer || [];
  function gtag(){dataLayer.push(arguments);}
  gtag('js', new Date());

  gtag('config', 'UA-26211653-1');
</script>
<!-- End Google Analytics -->
<!-- Venatus Ad Manager - Install in <HEAD> of page -->
	<script src="https://hb.vntsm.com/v3/live/ad-manager.min.js" type="text/javascript" data-site-id="642aba63ec9a7b11c3c9c1be" data-mode="scan" async></script>
<!-- / Venatus Ad Manager -->

<style>
	@media (max-width:820px) {
		.battle {
			margin: 0 auto;
		}
		.battle-log {
			margin: 7px auto 0;
			max-width: 640px;
			height: 300px;
			position: static;
		}
	}
	.optgroup {
		display: inline-block;
		line-height: 22px;
		font-size: 10pt;
	}
	.optgroup .button {
		height: 25px;
		padding-top: 0;
		padding-bottom: 0;
	}
	.optgroup button.button {
		padding-left: 12px;
		padding-right: 12px;
	}
	.linklist {
		list-style: none;
		margin: 0.5em 0;
		padding: 0;
	}
	.linklist li {
		padding: 2px 0;
	}
	.sidebar {
		float: left;
		width: 320px;
	}
	.bar-wrapper {
		max-width: 1100px;
		margin: 0 auto;
	}
	.bar-wrapper.has-sidebar {
		max-width: 1430px;
	}
	.mainbar {
		margin: 0;
		padding-right: 1px;
	}
	.mainbar.has-sidebar {
		margin-left: 330px;
	}
	@media (min-width: 1511px) {
		.sidebar {
			width: 400px;
		}
		.bar-wrapper.has-sidebar {
			max-width: 1510px;
		}
		.mainbar.has-sidebar {
			margin-left: 410px;
		}
	}
	.section.first-section {
		margin-top: 9px;
	}
	.blocklink small {
		white-space: normal;
	}
	.button {
		vertical-align: middle;
	}
	.replay-controls {
		padding-top: 10px;
	}
	.replay-controls h1 {
		font-size: 16pt;
		font-weight: normal;
		color: #CCC;
	}
	.pagelink {
		text-align: center;
	}
	.pagelink a {
		width: 150px;
	}
	.textbox, .button {
		font-size: 11pt;
		vertical-align: middle;
	}
	@media (max-width: 450px) {
		.button {
			font-size: 9pt;
		}
	}
</style>

<div>

	<header>
		<div class="nav-wrapper"><ul class="nav">
			<li><a class="button nav-first" href="//pokemonshowdown.com/"><img src="//pokemonshowdown.com/images/pokemonshowdownbeta.png" srcset="//pokemonshowdown.com/images/pokemonshowdownbeta.png 1x, //pokemonshowdown.com/images/pokemonshowdownbeta@2x.png 2x" alt="Pok&eacute;mon Showdown" width="146" height="44" /> Home</a></li>
			<li><a class="button" href="//pokemonshowdown.com/dex/">Pok&eacute;dex</a></li>
			<li><a class="button cur" href="/">Replays</a></li>
			<li><a class="button" href="//pokemonshowdown.com/ladder/">Ladder</a></li>
			<li><a class="button nav-last" href="//pokemonshowdown.com/forums/">Forum</a></li>
			<li><a class="button greenbutton nav-first nav-last" href="//play.pokemonshowdown.com/">Play</a></li>
		</ul></div>
	</header>

	<div class="main" id="main">

		<noscript><section class="section">You need to enable JavaScript to use this page; sorry!</section></noscript>

	</div>

</div>

<script defer nomodule src="//play.pokemonshowdown.com/js/lib/ps-polyfill.js"></script>
<script defer src="//play.pokemonshowdown.com/js/lib/preact.min.js"></script>

<script defer src="//play.pokemonshowdown.com/config/config.js?2bddbc15"></script>
<script defer src="//play.pokemonshowdown.com/js/lib/jquery-1.11.0.min.js"></script>
<script defer src="//play.pokemonshowdown.com/js/lib/html-sanitizer-minified.js"></script>
<script defer src="//play.pokemonshowdown.com/js/battle-sound.js"></script>
<script defer src="//play.pokemonshowdown.com/js/battledata.js?0.7209276989879541"></script>
<script defer src="//play.pokemonshowdown.com/data/pokedex-mini.js?0.6111056340867951"></script>
<script defer src="//play.pokemonshowdown.com/data/pokedex-mini-bw.js?0.3532142036491459"></script>
<script defer src="//play.pokemonshowdown.com/data/graphics.js?0.24223875632456182"></script>
<script defer src="//play.pokemonshowdown.com/data/pokedex.js?0.38839984266356864"></script>
<script defer src="//play.pokemonshowdown.com/data/moves.js?0.21866028504024015"></script>
<script defer src="//play.pokemonshowdown.com/data/abilities.js?0.2005157953846628"></script>
<script defer src="//play.pokemonshowdown.com/data/items.js?0.9894211263848525"></script>
<script defer src="//play.pokemonshowdown.com/data/teambuilder-tables.js?0.6008791140282215"></script>
<script defer src="//play.pokemonshowdown.com/js/battle-tooltips.js?0.7580118955022959"></script>
<script defer src="//play.pokemonshowdown.com/js/battle.js?0.6057722274234274"></script>

<script defer src="js/utils.js?e31f9a17"></script>
<script defer src="js/replays-battle.js?7008c182"></script>

<!-- don't scrape this data! just add .json or .log after the URL!
Full API docs: https://github.com/smogon/pokemon-showdown-client/blob/master/WEB-API.md -->
<script type="text/plain" class="log" id="replaylog-smogtours-gen3ou-799874">
|inactive|Battle timer is ON: inactive players will automatically lose when time's up.
|t:|1729348460
|gametype|singles
|player|p1|Big John Green|byron|
|player|p2|realtimeglover|1|
|teamsize|p1|6
|teamsize|p2|6
|gen|3
|tier|[Gen 3] OU
|rule|Sleep Clause Mod: Limit one foe put to sleep
|rule|Switch Priority Clause Mod: Faster Pokémon switch first
|rule|Species Clause: Limit one of each Pokémon
|rule|OHKO Clause: OHKO moves are banned
|rule|Evasion Items Clause: Evasion items are banned
|rule|Evasion Moves Clause: Evasion moves are banned
|rule|Endless Battle Clause: Forcing endless battles is banned
|rule|HP Percentage Mod: HP is shown in percentages
|rule|One Boost Passer Clause: Limit one Baton Passer that has a way to boost its stats
|rule|Freeze Clause Mod: Limit one foe frozen
|
|t:|1729348460
|start
|switch|p1a: Zapdos|Zapdos|100/100
|switch|p2a: Tyranitar|Tyranitar, F|100/100
|-weather|Sandstorm|[from] ability: Sand Stream|[of] p2a: Tyranitar
|turn|1
|c|☆realtimeglover|glhf
|c|☆Big John Green|glhf
|
|t:|1729348485
|-activate|p1a: Zapdos|move: Pursuit
|move|p2a: Tyranitar|Pursuit|p1a: Zapdos|[from]Pursuit
|-damage|p1a: Zapdos|60/100
|switch|p1a: Swampert|Swampert, M|100/100
|
|-weather|Sandstorm|[upkeep]
|upkeep
|turn|2
|
|t:|1729348495
|switch|p2a: Skarmory|Skarmory, F|100/100
|move|p1a: Swampert|Hydro Pump|p2a: Skarmory|[miss]
|-miss|p1a: Swampert|p2a: Skarmory
|
|-weather|Sandstorm|[upkeep]
|upkeep
|turn|3
|
|t:|1729348505
|switch|p1a: Magneton|Magneton|100/100
|move|p2a: Skarmory|Toxic|p1a: Magneton
|-immune|p1a: Magneton
|
|-weather|Sandstorm|[upkeep]
|upkeep
|turn|4
|
|t:|1729348508
|move|p2a: Skarmory|Protect|p2a: Skarmory
|-singleturn|p2a: Skarmory|Protect
|move|p1a: Magneton|Thunderbolt|p2a: Skarmory
|-activate|p2a: Skarmory|Protect
|
|-weather|Sandstorm|[upkeep]
|upkeep
|turn|5
|
|t:|1729348510
|move|p1a: Magneton|Thunderbolt|p2a: Skarmory
|-supereffective|p2a: Skarmory
|-damage|p2a: Skarmory|3/100
|move|p2a: Skarmory|Spikes|p1a: Magneton
|-sidestart|p1: Big John Green|Spikes
|
|-weather|Sandstorm|[upkeep]
|-heal|p2a: Skarmory|9/100|[from] item: Leftovers
|upkeep
|turn|6
|
|t:|1729348513
|move|p1a: Magneton|Thunderbolt|p2a: Skarmory
|-supereffective|p2a: Skarmory
|-crit|p2a: Skarmory
|-damage|p2a: Skarmory|0 fnt
|faint|p2a: Skarmory
|inactive|realtimeglover has 270 seconds left.
|
|t:|1729348548
|switch|p2a: Moltres|Moltres|100/100
|
|-weather|Sandstorm|[upkeep]
|-damage|p2a: Moltres|94/100|[from] Sandstorm
|-heal|p2a: Moltres|100/100|[from] item: Leftovers
|upkeep
|turn|7
|
|t:|1729348552
|move|p1a: Magneton|Protect|p1a: Magneton
|-singleturn|p1a: Magneton|Protect
|move|p2a: Moltres|Fire Blast|p1a: Magneton
|-activate|p1a: Magneton|Protect
|
|-weather|Sandstorm|[upkeep]
|-damage|p2a: Moltres|94/100|[from] Sandstorm
|-heal|p2a: Moltres|100/100|[from] item: Leftovers
|upkeep
|turn|8
|
|t:|1729348569
|switch|p1a: Tyranitar|Tyranitar, M|100/100
|-damage|p1a: Tyranitar|88/100|[from] Spikes
|move|p2a: Moltres|Fire Blast|p1a: Tyranitar
|-resisted|p1a: Tyranitar
|-damage|p1a: Tyranitar|63/100
|
|-weather|Sandstorm|[upkeep]
|-damage|p2a: Moltres|94/100|[from] Sandstorm
|-heal|p2a: Moltres|100/100|[from] item: Leftovers
|-heal|p1a: Tyranitar|70/100|[from] item: Leftovers
|upkeep
|turn|9
|
|t:|1729348582
|switch|p2a: Flygon|Flygon, F|100/100
|move|p1a: Tyranitar|Crunch|p2a: Flygon
|-damage|p2a: Flygon|60/100
|
|-weather|Sandstorm|[upkeep]
|-heal|p2a: Flygon|66/100|[from] item: Leftovers
|-heal|p1a: Tyranitar|76/100|[from] item: Leftovers
|upkeep
|turn|10
|inactive|realtimeglover has 270 seconds left.
|
|t:|1729348612
|switch|p1a: Gyarados|Gyarados, F|100/100
|-ability|p1a: Gyarados|Intimidate|boost
|-unboost|p2a: Flygon|atk|1
|move|p2a: Flygon|Earthquake|p1a: Gyarados
|-immune|p1a: Gyarados
|
|-weather|Sandstorm|[upkeep]
|-damage|p1a: Gyarados|94/100|[from] Sandstorm
|-heal|p1a: Gyarados|100/100|[from] item: Leftovers
|-heal|p2a: Flygon|72/100|[from] item: Leftovers
|upkeep
|turn|11
|inactive|realtimeglover has 270 seconds left.
|
|t:|1729348628
|switch|p1a: Swampert|Swampert, M|100/100
|-damage|p1a: Swampert|88/100|[from] Spikes
|switch|p2a: Gengar|Gengar, F|100/100
|
|-weather|Sandstorm|[upkeep]
|-damage|p2a: Gengar|94/100|[from] Sandstorm
|-heal|p2a: Gengar|100/100|[from] item: Leftovers
|-heal|p1a: Swampert|94/100|[from] item: Leftovers
|upkeep
|turn|12
|inactive|realtimeglover has 270 seconds left.
|
|t:|1729348644
|move|p1a: Swampert|Protect|p1a: Swampert
|-singleturn|p1a: Swampert|Protect
|move|p2a: Gengar|Will-O-Wisp|p1a: Swampert|[miss]
|-miss|p2a: Gengar|p1a: Swampert
|
|-weather|Sandstorm|[upkeep]
|-damage|p2a: Gengar|94/100|[from] Sandstorm
|-heal|p2a: Gengar|100/100|[from] item: Leftovers
|-heal|p1a: Swampert|100/100|[from] item: Leftovers
|upkeep
|turn|13
|
|t:|1729348652
|switch|p1a: Tyranitar|Tyranitar, M|76/100
|-damage|p1a: Tyranitar|63/100|[from] Spikes
|move|p2a: Gengar|Will-O-Wisp|p1a: Tyranitar|[miss]
|-miss|p2a: Gengar|p1a: Tyranitar
|
|-weather|Sandstorm|[upkeep]
|-damage|p2a: Gengar|94/100|[from] Sandstorm
|-heal|p2a: Gengar|100/100|[from] item: Leftovers
|-heal|p1a: Tyranitar|70/100|[from] item: Leftovers
|upkeep
|turn|14
|inactive|realtimeglover has 270 seconds left.
|inactive|realtimeglover has 240 seconds left.
|
|t:|1729348696
|move|p2a: Gengar|Will-O-Wisp|p1a: Tyranitar|[miss]
|-miss|p2a: Gengar|p1a: Tyranitar
|move|p1a: Tyranitar|Pursuit|p2a: Gengar
|-supereffective|p2a: Gengar
|-damage|p2a: Gengar|56/100
|
|-weather|Sandstorm|[upkeep]
|-damage|p2a: Gengar|50/100|[from] Sandstorm
|-heal|p2a: Gengar|56/100|[from] item: Leftovers
|-heal|p1a: Tyranitar|76/100|[from] item: Leftovers
|upkeep
|turn|15
|
|t:|1729348699
|move|p2a: Gengar|Will-O-Wisp|p1a: Tyranitar
|-status|p1a: Tyranitar|brn
|move|p1a: Tyranitar|Crunch|p2a: Gengar
|-supereffective|p2a: Gengar
|-damage|p2a: Gengar|0 fnt
|faint|p2a: Gengar
|
|t:|1729348704
|switch|p2a: Flygon|Flygon, F|72/100
|
|-weather|Sandstorm|[upkeep]
|-heal|p2a: Flygon|78/100|[from] item: Leftovers
|-heal|p1a: Tyranitar|82/100 brn|[from] item: Leftovers
|-damage|p1a: Tyranitar|70/100 brn|[from] brn
|upkeep
|turn|16
|inactive|realtimeglover has 240 seconds left.
|
|t:|1729348732
|switch|p1a: Swampert|Swampert, M|100/100
|-damage|p1a: Swampert|88/100|[from] Spikes
|move|p2a: Flygon|Toxic|p1a: Swampert
|-status|p1a: Swampert|tox
|
|-weather|Sandstorm|[upkeep]
|-heal|p2a: Flygon|84/100|[from] item: Leftovers
|-heal|p1a: Swampert|94/100 tox|[from] item: Leftovers
|-damage|p1a: Swampert|88/100 tox|[from] psn
|upkeep
|turn|17
|inactive|realtimeglover has 240 seconds left.
|
|t:|1729348740
|move|p2a: Flygon|Protect|p2a: Flygon
|-singleturn|p2a: Flygon|Protect
|move|p1a: Swampert|Hydro Pump|p2a: Flygon
|-activate|p2a: Flygon|Protect
|
|-weather|Sandstorm|[upkeep]
|-heal|p2a: Flygon|90/100|[from] item: Leftovers
|-heal|p1a: Swampert|94/100 tox|[from] item: Leftovers
|-damage|p1a: Swampert|82/100 tox|[from] psn
|upkeep
|turn|18
|
|t:|1729348749
|switch|p2a: Jirachi|Jirachi|100/100
|move|p1a: Swampert|Hydro Pump|p2a: Jirachi
|-damage|p2a: Jirachi|77/100
|
|-weather|Sandstorm|[upkeep]
|-heal|p2a: Jirachi|83/100|[from] item: Leftovers
|-heal|p1a: Swampert|88/100 tox|[from] item: Leftovers
|-damage|p1a: Swampert|69/100 tox|[from] psn
|upkeep
|turn|19
|inactive|realtimeglover has 240 seconds left.
|
|t:|1729348771
|move|p2a: Jirachi|Protect|p2a: Jirachi
|-singleturn|p2a: Jirachi|Protect
|move|p1a: Swampert|Earthquake|p2a: Jirachi
|-activate|p2a: Jirachi|Protect
|
|-weather|Sandstorm|[upkeep]
|-heal|p2a: Jirachi|90/100|[from] item: Leftovers
|-heal|p1a: Swampert|76/100 tox|[from] item: Leftovers
|-damage|p1a: Swampert|51/100 tox|[from] psn
|upkeep
|turn|20
|inactive|realtimeglover has 240 seconds left.
|
|t:|1729348779
|switch|p1a: Zapdos|Zapdos|60/100
|move|p2a: Jirachi|Wish|p2a: Jirachi
|
|-weather|Sandstorm|[upkeep]
|-damage|p1a: Zapdos|54/100|[from] Sandstorm
|-heal|p1a: Zapdos|60/100|[from] item: Leftovers
|-heal|p2a: Jirachi|96/100|[from] item: Leftovers
|upkeep
|turn|21
|inactive|realtimeglover has 240 seconds left.
|
|t:|1729348808
|switch|p2a: Tyranitar|Tyranitar, F|100/100
|move|p1a: Zapdos|Thunder Wave|p2a: Tyranitar
|-status|p2a: Tyranitar|par
|
|-weather|Sandstorm|[upkeep]
|-damage|p1a: Zapdos|54/100|[from] Sandstorm
|-heal|p1a: Zapdos|60/100|[from] item: Leftovers
|upkeep
|turn|22
|
|t:|1729348818
|move|p2a: Tyranitar|Crunch|p1a: Zapdos
|-damage|p1a: Zapdos|19/100
|move|p1a: Zapdos|Roar|p2a: Tyranitar
|drag|p2a: Moltres|Moltres|100/100
|
|-weather|Sandstorm|[upkeep]
|-damage|p1a: Zapdos|12/100|[from] Sandstorm
|-damage|p2a: Moltres|94/100|[from] Sandstorm
|-heal|p1a: Zapdos|19/100|[from] item: Leftovers
|-heal|p2a: Moltres|100/100|[from] item: Leftovers
|upkeep
|turn|23
|
|t:|1729348841
|switch|p2a: Jirachi|Jirachi|96/100
|move|p1a: Zapdos|Thunderbolt|p2a: Jirachi
|-damage|p2a: Jirachi|60/100
|
|-weather|Sandstorm|[upkeep]
|-damage|p1a: Zapdos|12/100|[from] Sandstorm
|-heal|p1a: Zapdos|19/100|[from] item: Leftovers
|-heal|p2a: Jirachi|66/100|[from] item: Leftovers
|upkeep
|turn|24
|
|t:|1729348847
|move|p2a: Jirachi|Protect|p2a: Jirachi
|-singleturn|p2a: Jirachi|Protect
|move|p1a: Zapdos|Thunder Wave|p2a: Jirachi
|-activate|p2a: Jirachi|Protect
|
|-weather|Sandstorm|[upkeep]
|-damage|p1a: Zapdos|12/100|[from] Sandstorm
|-heal|p1a: Zapdos|19/100|[from] item: Leftovers
|-heal|p2a: Jirachi|72/100|[from] item: Leftovers
|upkeep
|turn|25
|
|t:|1729348851
|switch|p2a: Tyranitar|Tyranitar, F|100/100 par
|move|p1a: Zapdos|Thunder Wave|p2a: Tyranitar
|-fail|p2a: Tyranitar|par
|
|-weather|Sandstorm|[upkeep]
|-damage|p1a: Zapdos|12/100|[from] Sandstorm
|-heal|p1a: Zapdos|19/100|[from] item: Leftovers
|upkeep
|turn|26
|
|t:|1729348855
|move|p1a: Zapdos|Thunderbolt|p2a: Tyranitar
|-damage|p2a: Tyranitar|60/100 par
|move|p2a: Tyranitar|Pursuit|p1a: Zapdos
|-damage|p1a: Zapdos|0 fnt
|faint|p1a: Zapdos
|
|t:|1729348864
|switch|p1a: Swampert|Swampert, M|51/100 tox
|-damage|p1a: Swampert|38/100 tox|[from] Spikes
|
|-weather|Sandstorm|[upkeep]
|-heal|p1a: Swampert|45/100 tox|[from] item: Leftovers
|-damage|p1a: Swampert|38/100 tox|[from] psn
|-heal|p2a: Tyranitar|66/100 par|[from] item: Leftovers
|upkeep
|turn|27
|
|t:|1729348879
|move|p1a: Swampert|Hydro Pump|p2a: Tyranitar
|-supereffective|p2a: Tyranitar
|-damage|p2a: Tyranitar|3/100 par
|cant|p2a: Tyranitar|par
|
|-weather|Sandstorm|[upkeep]
|-heal|p1a: Swampert|45/100 tox|[from] item: Leftovers
|-damage|p1a: Swampert|32/100 tox|[from] psn
|-heal|p2a: Tyranitar|10/100 par|[from] item: Leftovers
|upkeep
|turn|28
|
|t:|1729348887
|move|p1a: Swampert|Ice Beam|p2a: Tyranitar
|-damage|p2a: Tyranitar|0 fnt
|faint|p2a: Tyranitar
|
|t:|1729348897
|switch|p2a: Jirachi|Jirachi|72/100
|
|-weather|Sandstorm|[upkeep]
|-heal|p2a: Jirachi|78/100|[from] item: Leftovers
|-heal|p1a: Swampert|38/100 tox|[from] item: Leftovers
|-damage|p1a: Swampert|20/100 tox|[from] psn
|upkeep
|turn|29
|
|t:|1729348905
|move|p2a: Jirachi|Protect|p2a: Jirachi
|-singleturn|p2a: Jirachi|Protect
|move|p1a: Swampert|Earthquake|p2a: Jirachi
|-activate|p2a: Jirachi|Protect
|
|-weather|Sandstorm|[upkeep]
|-heal|p2a: Jirachi|85/100|[from] item: Leftovers
|-heal|p1a: Swampert|26/100 tox|[from] item: Leftovers
|-damage|p1a: Swampert|1/100 tox|[from] psn
|upkeep
|turn|30
|
|t:|1729348922
|move|p2a: Jirachi|Body Slam|p1a: Swampert
|-damage|p1a: Swampert|0 fnt
|faint|p1a: Swampert
|
|t:|1729348925
|switch|p1a: Magneton|Magneton|100/100
|-damage|p1a: Magneton|88/100|[from] Spikes
|
|-weather|Sandstorm|[upkeep]
|-heal|p2a: Jirachi|91/100|[from] item: Leftovers
|upkeep
|turn|31
|
|t:|1729348936
|move|p1a: Magneton|Thunderbolt|p2a: Jirachi
|-damage|p2a: Jirachi|48/100
|move|p2a: Jirachi|Wish|p2a: Jirachi
|
|-weather|Sandstorm|[upkeep]
|-heal|p2a: Jirachi|54/100|[from] item: Leftovers
|upkeep
|turn|32
|
|t:|1729348944
|move|p1a: Magneton|Thunderbolt|p2a: Jirachi
|-damage|p2a: Jirachi|13/100
|move|p2a: Jirachi|Fire Punch|p1a: Magneton
|-supereffective|p1a: Magneton
|-crit|p1a: Magneton
|-damage|p1a: Magneton|0 fnt
|faint|p1a: Magneton
|
|t:|1729348954
|switch|p1a: Tyranitar|Tyranitar, M|70/100 brn
|-damage|p1a: Tyranitar|57/100 brn|[from] Spikes
|
|-heal|p2a: Jirachi|63/100|[from] move: Wish|[wisher] Jirachi
|-weather|Sandstorm|[upkeep]
|-heal|p2a: Jirachi|69/100|[from] item: Leftovers
|-heal|p1a: Tyranitar|63/100 brn|[from] item: Leftovers
|-damage|p1a: Tyranitar|51/100 brn|[from] brn
|upkeep
|turn|33
|inactive|realtimeglover has 270 seconds left.
|
|t:|1729348961
|move|p2a: Jirachi|Protect|p2a: Jirachi
|-singleturn|p2a: Jirachi|Protect
|move|p1a: Tyranitar|Pursuit|p2a: Jirachi
|-activate|p2a: Jirachi|Protect
|
|-weather|Sandstorm|[upkeep]
|-heal|p2a: Jirachi|76/100|[from] item: Leftovers
|-heal|p1a: Tyranitar|57/100 brn|[from] item: Leftovers
|-damage|p1a: Tyranitar|45/100 brn|[from] brn
|upkeep
|turn|34
|
|t:|1729348970
|move|p2a: Jirachi|Wish|p2a: Jirachi
|move|p1a: Tyranitar|Fire Blast|p2a: Jirachi|[miss]
|-miss|p1a: Tyranitar|p2a: Jirachi
|
|-weather|Sandstorm|[upkeep]
|-heal|p2a: Jirachi|82/100|[from] item: Leftovers
|-heal|p1a: Tyranitar|51/100 brn|[from] item: Leftovers
|-damage|p1a: Tyranitar|39/100 brn|[from] brn
|upkeep
|turn|35
|inactive|realtimeglover has 270 seconds left.
|
|t:|1729348996
|switch|p2a: Flygon|Flygon, F|90/100
|move|p1a: Tyranitar|Fire Blast|p2a: Flygon
|-resisted|p2a: Flygon
|-damage|p2a: Flygon|68/100
|
|-heal|p2a: Flygon|100/100|[from] move: Wish|[wisher] Jirachi
|-weather|Sandstorm|[upkeep]
|-heal|p1a: Tyranitar|45/100 brn|[from] item: Leftovers
|-damage|p1a: Tyranitar|32/100 brn|[from] brn
|upkeep
|turn|36
|inactive|realtimeglover has 270 seconds left.
|
|t:|1729349006
|switch|p1a: Gyarados|Gyarados, F|100/100
|-ability|p1a: Gyarados|Intimidate|boost
|-unboost|p2a: Flygon|atk|1
|move|p2a: Flygon|Earthquake|p1a: Gyarados
|-immune|p1a: Gyarados
|
|-weather|Sandstorm|[upkeep]
|-damage|p1a: Gyarados|94/100|[from] Sandstorm
|-heal|p1a: Gyarados|100/100|[from] item: Leftovers
|upkeep
|turn|37
|
|t:|1729349013
|move|p1a: Gyarados|Dragon Dance|p1a: Gyarados
|-boost|p1a: Gyarados|atk|1
|-boost|p1a: Gyarados|spe|1
|move|p2a: Flygon|Toxic|p1a: Gyarados|[miss]
|-miss|p2a: Flygon|p1a: Gyarados
|
|-weather|Sandstorm|[upkeep]
|-damage|p1a: Gyarados|94/100|[from] Sandstorm
|-heal|p1a: Gyarados|100/100|[from] item: Leftovers
|upkeep
|turn|38
|
|t:|1729349021
|move|p1a: Gyarados|Double-Edge|p2a: Flygon
|-damage|p2a: Flygon|51/100
|-damage|p1a: Gyarados|83/100|[from] Recoil|[of] p2a: Flygon
|move|p2a: Flygon|Toxic|p1a: Gyarados
|-status|p1a: Gyarados|tox
|
|-weather|Sandstorm|[upkeep]
|-damage|p1a: Gyarados|77/100 tox|[from] Sandstorm
|-heal|p1a: Gyarados|83/100 tox|[from] item: Leftovers
|-damage|p1a: Gyarados|77/100 tox|[from] psn
|-heal|p2a: Flygon|57/100|[from] item: Leftovers
|upkeep
|turn|39
|
|t:|1729349029
|move|p1a: Gyarados|Dragon Dance|p1a: Gyarados
|-boost|p1a: Gyarados|atk|1
|-boost|p1a: Gyarados|spe|1
|move|p2a: Flygon|Rock Slide|p1a: Gyarados
|-supereffective|p1a: Gyarados
|-damage|p1a: Gyarados|49/100 tox
|
|-weather|Sandstorm|[upkeep]
|-damage|p1a: Gyarados|43/100 tox|[from] Sandstorm
|-heal|p1a: Gyarados|49/100 tox|[from] item: Leftovers
|-damage|p1a: Gyarados|37/100 tox|[from] psn
|-heal|p2a: Flygon|63/100|[from] item: Leftovers
|upkeep
|turn|40
|
|t:|1729349035
|move|p2a: Flygon|Protect|p2a: Flygon
|-singleturn|p2a: Flygon|Protect
|move|p1a: Gyarados|Double-Edge|p2a: Flygon
|-activate|p2a: Flygon|Protect
|
|-weather|Sandstorm|[upkeep]
|-damage|p1a: Gyarados|31/100 tox|[from] Sandstorm
|-heal|p1a: Gyarados|37/100 tox|[from] item: Leftovers
|-damage|p1a: Gyarados|19/100 tox|[from] psn
|-heal|p2a: Flygon|69/100|[from] item: Leftovers
|upkeep
|turn|41
|
|t:|1729349047
|switch|p2a: Jirachi|Jirachi|82/100
|move|p1a: Gyarados|Double-Edge|p2a: Jirachi
|-resisted|p2a: Jirachi
|-damage|p2a: Jirachi|45/100
|-damage|p1a: Gyarados|5/100 tox|[from] Recoil|[of] p2a: Jirachi
|
|-weather|Sandstorm|[upkeep]
|-damage|p1a: Gyarados|0 fnt|[from] Sandstorm
|faint|p1a: Gyarados
|-heal|p2a: Jirachi|51/100|[from] item: Leftovers
|upkeep
|
|t:|1729349052
|switch|p1a: Aerodactyl|Aerodactyl, M|100/100
|turn|42
|
|t:|1729349064
|move|p2a: Jirachi|Protect|p2a: Jirachi
|-singleturn|p2a: Jirachi|Protect
|move|p1a: Aerodactyl|Rock Slide|p2a: Jirachi|[miss]
|-miss|p1a: Aerodactyl|p2a: Jirachi
|
|-weather|Sandstorm|[upkeep]
|-heal|p2a: Jirachi|58/100|[from] item: Leftovers
|upkeep
|turn|43
|
|t:|1729349070
|move|p1a: Aerodactyl|Rock Slide|p2a: Jirachi
|-resisted|p2a: Jirachi
|-damage|p2a: Jirachi|37/100
|cant|p2a: Jirachi|flinch
|
|-weather|Sandstorm|[upkeep]
|-heal|p2a: Jirachi|44/100|[from] item: Leftovers
|upkeep
|turn|44
|
|t:|1729349075
|move|p2a: Jirachi|Protect|p2a: Jirachi
|-singleturn|p2a: Jirachi|Protect
|move|p1a: Aerodactyl|Rock Slide|p2a: Jirachi
|-activate|p2a: Jirachi|Protect
|
|-weather|Sandstorm|[upkeep]
|-heal|p2a: Jirachi|50/100|[from] item: Leftovers
|upkeep
|turn|45
|
|t:|1729349078
|move|p1a: Aerodactyl|Rock Slide|p2a: Jirachi
|-resisted|p2a: Jirachi
|-damage|p2a: Jirachi|30/100
|cant|p2a: Jirachi|flinch
|
|-weather|Sandstorm|[upkeep]
|-heal|p2a: Jirachi|36/100|[from] item: Leftovers
|upkeep
|turn|46
|
|t:|1729349082
|switch|p1a: Tyranitar|Tyranitar, M|32/100 brn
|-damage|p1a: Tyranitar|20/100 brn|[from] Spikes
|move|p2a: Jirachi|Protect||[still]
|-fail|p2a: Jirachi
|
|-weather|Sandstorm|[upkeep]
|-heal|p2a: Jirachi|42/100|[from] item: Leftovers
|-heal|p1a: Tyranitar|26/100 brn|[from] item: Leftovers
|-damage|p1a: Tyranitar|14/100 brn|[from] brn
|upkeep
|turn|47
|
|t:|1729349089
|move|p2a: Jirachi|Protect|p2a: Jirachi
|-singleturn|p2a: Jirachi|Protect
|move|p1a: Tyranitar|Fire Blast|p2a: Jirachi
|-activate|p2a: Jirachi|Protect
|
|-weather|Sandstorm|[upkeep]
|-heal|p2a: Jirachi|49/100|[from] item: Leftovers
|-heal|p1a: Tyranitar|20/100 brn|[from] item: Leftovers
|-damage|p1a: Tyranitar|8/100 brn|[from] brn
|upkeep
|turn|48
|
|t:|1729349117
|switch|p2a: Moltres|Moltres|100/100
|move|p1a: Tyranitar|Fire Blast|p2a: Moltres
|-resisted|p2a: Moltres
|-damage|p2a: Moltres|79/100
|
|-weather|Sandstorm|[upkeep]
|-damage|p2a: Moltres|73/100|[from] Sandstorm
|-heal|p2a: Moltres|79/100|[from] item: Leftovers
|-heal|p1a: Tyranitar|14/100 brn|[from] item: Leftovers
|-damage|p1a: Tyranitar|1/100 brn|[from] brn
|upkeep
|turn|49
|
|t:|1729349126
|move|p2a: Moltres|Hidden Power|p1a: Tyranitar
|-supereffective|p1a: Tyranitar
|-damage|p1a: Tyranitar|0 fnt
|faint|p1a: Tyranitar
|
|t:|1729349128
|switch|p1a: Aerodactyl|Aerodactyl, M|100/100
|
|-weather|Sandstorm|[upkeep]
|-damage|p2a: Moltres|73/100|[from] Sandstorm
|-heal|p2a: Moltres|79/100|[from] item: Leftovers
|upkeep
|turn|50
|
|t:|1729349134
|move|p2a: Moltres|Protect|p2a: Moltres
|-singleturn|p2a: Moltres|Protect
|move|p1a: Aerodactyl|Rock Slide|p2a: Moltres
|-activate|p2a: Moltres|Protect
|
|-weather|Sandstorm|[upkeep]
|-damage|p2a: Moltres|73/100|[from] Sandstorm
|-heal|p2a: Moltres|79/100|[from] item: Leftovers
|upkeep
|turn|51
|c|☆Big John Green|gg
|
|t:|1729349140
|switch|p2a: Jirachi|Jirachi|49/100
|move|p1a: Aerodactyl|Rock Slide|p2a: Jirachi
|-resisted|p2a: Jirachi
|-damage|p2a: Jirachi|29/100
|
|-weather|Sandstorm|[upkeep]
|-heal|p2a: Jirachi|35/100|[from] item: Leftovers
|upkeep
|turn|52
|
|t:|1729349145
|move|p2a: Jirachi|Protect|p2a: Jirachi
|-singleturn|p2a: Jirachi|Protect
|move|p1a: Aerodactyl|Rock Slide|p2a: Jirachi
|-activate|p2a: Jirachi|Protect
|
|-weather|Sandstorm|[upkeep]
|-heal|p2a: Jirachi|41/100|[from] item: Leftovers
|upkeep
|turn|53
|-message|Big John Green forfeited.
|
|win|realtimeglover
|c|☆realtimeglover|GG

</script>
<script type="application/json" class="data" id="replaydata-smogtours-gen3ou-799874">
{"id":"smogtours-gen3ou-799874","format":"[Gen 3] OU","players":["Big John Green","realtimeglover"],"uploadtime":1729349147,"views":106,"formatid":"gen3ou","rating":null,"private":0,"password":null}
</script>

<script defer src="js/replays.js?9d40a366"></script>
