<!DOCTYPE html>
<meta charset="utf-8" />
<meta name="viewport" content="width=device-width" />

<title>[Gen 3] OU: steffmula vs. Strawbbz - Replays - Pok&eacute;mon Showdown!</title>

<meta name="description" content="Watch a replay of a Pok&eacute;mon battle between steffmula and Strawbbz! Format: [Gen 3] OU; Date: Oct 2, 2024" />
<!--

Hey, you! Looking in the source for the replay log?

You can find them in JSON format, just add `.json` at the end of a replay URL.

https://replay.pokemonshowdown.com/gen7randomdoublesbattle-865046831.json

Or, if you only need the log itself, add `.log` instead:

https://replay.pokemonshowdown.com/gen7randomdoublesbattle-865046831.log

-->

<link rel="stylesheet" href="//pokemonshowdown.com/style/global.css?0.023195364461161105" />
<link rel="stylesheet" href="//play.pokemonshowdown.com/style/font-awesome.css?0.13261647063804238" />
<link rel="stylesheet" href="//play.pokemonshowdown.com/style/battle.css?0.8753245789963631" />
<link rel="stylesheet" href="//play.pokemonshowdown.com/style/utilichart.css?0.8627959624976733" />

<!-- Global site tag (gtag.js) - Google Analytics -->
<script async src="https://www.googletagmanager.com/gtag/js?id=UA-26211653-1"></script>
<script>
  window.dataLayer = window.dataLayer || [];
  function gtag(){dataLayer.push(arguments);}
  gtag('js', new Date());

  gtag('config', 'UA-26211653-1');
</script>
<!-- End Google Analytics -->
<!-- Venatus Ad Manager - Install in <HEAD> of page -->
	<script src="https://hb.vntsm.com/v3/live/ad-manager.min.js" type="text/javascript" data-site-id="642aba63ec9a7b11c3c9c1be" data-mode="scan" async></script>
<!-- / Venatus Ad Manager -->

<style>
	@media (max-width:820px) {
		.battle {
			margin: 0 auto;
		}
		.battle-log {
			margin: 7px auto 0;
			max-width: 640px;
			height: 300px;
			position: static;
		}
	}
	.optgroup {
		display: inline-block;
		line-height: 22px;
		font-size: 10pt;
	}
	.optgroup .button {
		height: 25px;
		padding-top: 0;
		padding-bottom: 0;
	}
	.optgroup button.button {
		padding-left: 12px;
		padding-right: 12px;
	}
	.linklist {
		list-style: none;
		margin: 0.5em 0;
		padding: 0;
	}
	.linklist li {
		padding: 2px 0;
	}
	.sidebar {
		float: left;
		width: 320px;
	}
	.bar-wrapper {
		max-width: 1100px;
		margin: 0 auto;
	}
	.bar-wrapper.has-sidebar {
		max-width: 1430px;
	}
	.mainbar {
		margin: 0;
		padding-right: 1px;
	}
	.mainbar.has-sidebar {
		margin-left: 330px;
	}
	@media (min-width: 1511px) {
		.sidebar {
			width: 400px;
		}
		.bar-wrapper.has-sidebar {
			max-width: 1510px;
		}
		.mainbar.has-sidebar {
			margin-left: 410px;
		}
	}
	.section.first-section {
		margin-top: 9px;
	}
	.blocklink small {
		white-space: normal;
	}
	.button {
		vertical-align: middle;
	}
	.replay-controls {
		padding-top: 10px;
	}
	.replay-controls h1 {
		font-size: 16pt;
		font-weight: normal;
		color: #CCC;
	}
	.pagelink {
		text-align: center;
	}
	.pagelink a {
		width: 150px;
	}
	.textbox, .button {
		font-size: 11pt;
		vertical-align: middle;
	}
	@media (max-width: 450px) {
		.button {
			font-size: 9pt;
		}
	}
</style>

<div>

	<header>
		<div class="nav-wrapper"><ul class="nav">
			<li><a class="button nav-first" href="//pokemonshowdown.com/"><img src="//pokemonshowdown.com/images/pokemonshowdownbeta.png" srcset="//pokemonshowdown.com/images/pokemonshowdownbeta.png 1x, //pokemonshowdown.com/images/pokemonshowdownbeta@2x.png 2x" alt="Pok&eacute;mon Showdown" width="146" height="44" /> Home</a></li>
			<li><a class="button" href="//pokemonshowdown.com/dex/">Pok&eacute;dex</a></li>
			<li><a class="button cur" href="/">Replays</a></li>
			<li><a class="button" href="//pokemonshowdown.com/ladder/">Ladder</a></li>
			<li><a class="button nav-last" href="//pokemonshowdown.com/forums/">Forum</a></li>
			<li><a class="button greenbutton nav-first nav-last" href="//play.pokemonshowdown.com/">Play</a></li>
		</ul></div>
	</header>

	<div class="main" id="main">

		<noscript><section class="section">You need to enable JavaScript to use this page; sorry!</section></noscript>

	</div>

</div>

<script defer nomodule src="//play.pokemonshowdown.com/js/lib/ps-polyfill.js"></script>
<script defer src="//play.pokemonshowdown.com/js/lib/preact.min.js"></script>

<script defer src="//play.pokemonshowdown.com/config/config.js?2bddbc15"></script>
<script defer src="//play.pokemonshowdown.com/js/lib/jquery-1.11.0.min.js"></script>
<script defer src="//play.pokemonshowdown.com/js/lib/html-sanitizer-minified.js"></script>
<script defer src="//play.pokemonshowdown.com/js/battle-sound.js"></script>
<script defer src="//play.pokemonshowdown.com/js/battledata.js?0.7209276989879541"></script>
<script defer src="//play.pokemonshowdown.com/data/pokedex-mini.js?0.6111056340867951"></script>
<script defer src="//play.pokemonshowdown.com/data/pokedex-mini-bw.js?0.3532142036491459"></script>
<script defer src="//play.pokemonshowdown.com/data/graphics.js?0.24223875632456182"></script>
<script defer src="//play.pokemonshowdown.com/data/pokedex.js?0.38839984266356864"></script>
<script defer src="//play.pokemonshowdown.com/data/moves.js?0.21866028504024015"></script>
<script defer src="//play.pokemonshowdown.com/data/abilities.js?0.2005157953846628"></script>
<script defer src="//play.pokemonshowdown.com/data/items.js?0.9894211263848525"></script>
<script defer src="//play.pokemonshowdown.com/data/teambuilder-tables.js?0.6008791140282215"></script>
<script defer src="//play.pokemonshowdown.com/js/battle-tooltips.js?0.7580118955022959"></script>
<script defer src="//play.pokemonshowdown.com/js/battle.js?0.6057722274234274"></script>

<script defer src="js/utils.js?e31f9a17"></script>
<script defer src="js/replays-battle.js?7008c182"></script>

<!-- don't scrape this data! just add .json or .log after the URL!
Full API docs: https://github.com/smogon/pokemon-showdown-client/blob/master/WEB-API.md -->
<script type="text/plain" class="log" id="replaylog-smogtours-gen3ou-794055">
|inactive|Battle timer is ON: inactive players will automatically lose when time's up.
|t:|1727902886
|gametype|singles
|player|p1|steffmula|acetrainerf-gen2|
|player|p2|Strawbbz|silver-gen2|
|teamsize|p1|6
|teamsize|p2|6
|gen|3
|tier|[Gen 3] OU
|rule|Sleep Clause Mod: Limit one foe put to sleep
|rule|Switch Priority Clause Mod: Faster Pokémon switch first
|rule|Species Clause: Limit one of each Pokémon
|rule|OHKO Clause: OHKO moves are banned
|rule|Evasion Items Clause: Evasion items are banned
|rule|Evasion Moves Clause: Evasion moves are banned
|rule|Endless Battle Clause: Forcing endless battles is banned
|rule|HP Percentage Mod: HP is shown in percentages
|rule|One Boost Passer Clause: Limit one Baton Passer that has a way to boost its stats
|rule|Freeze Clause Mod: Limit one foe frozen
|
|t:|1727902886
|start
|switch|p1a: Skarmory|Skarmory, M|100/100
|switch|p2a: Pyro|Tyranitar, F|100/100
|-weather|Sandstorm|[from] ability: Sand Stream|[of] p2a: Pyro
|turn|1
|
|t:|1727902898
|move|p2a: Pyro|Rock Slide|p1a: Skarmory
|-damage|p1a: Skarmory|50/100
|move|p1a: Skarmory|Spikes|p2a: Pyro
|-sidestart|p2: Strawbbz|Spikes
|
|-weather|Sandstorm|[upkeep]
|-heal|p1a: Skarmory|56/100|[from] item: Leftovers
|upkeep
|turn|2
|
|t:|1727902903
|move|p1a: Skarmory|Protect|p1a: Skarmory
|-singleturn|p1a: Skarmory|Protect
|move|p2a: Pyro|Rock Slide|p1a: Skarmory
|-activate|p1a: Skarmory|Protect
|
|-weather|Sandstorm|[upkeep]
|-heal|p1a: Skarmory|62/100|[from] item: Leftovers
|upkeep
|turn|3
|
|t:|1727902909
|switch|p1a: Flygon|Flygon, F|100/100
|move|p2a: Pyro|Rock Slide|p1a: Flygon
|-resisted|p1a: Flygon
|-damage|p1a: Flygon|75/100
|
|-weather|Sandstorm|[upkeep]
|-heal|p1a: Flygon|82/100|[from] item: Leftovers
|upkeep
|turn|4
|
|t:|1727902915
|switch|p2a: Spiegel|Skarmory, F|100/100
|move|p1a: Flygon|Toxic|p2a: Spiegel
|-immune|p2a: Spiegel
|
|-weather|Sandstorm|[upkeep]
|-heal|p1a: Flygon|88/100|[from] item: Leftovers
|upkeep
|turn|5
|
|t:|1727902918
|switch|p1a: Moltres|Moltres|100/100
|move|p2a: Spiegel|Toxic|p1a: Moltres
|-status|p1a: Moltres|tox
|
|-weather|Sandstorm|[upkeep]
|-damage|p1a: Moltres|94/100 tox|[from] Sandstorm
|-heal|p1a: Moltres|100/100 tox|[from] item: Leftovers
|-damage|p1a: Moltres|94/100 tox|[from] psn
|upkeep
|turn|6
|
|t:|1727902923
|move|p2a: Spiegel|Protect|p2a: Spiegel
|-singleturn|p2a: Spiegel|Protect
|move|p1a: Moltres|Will-O-Wisp|p2a: Spiegel|[miss]
|-miss|p1a: Moltres|p2a: Spiegel
|
|-weather|Sandstorm|[upkeep]
|-damage|p1a: Moltres|88/100 tox|[from] Sandstorm
|-heal|p1a: Moltres|94/100 tox|[from] item: Leftovers
|-damage|p1a: Moltres|82/100 tox|[from] psn
|upkeep
|turn|7
|
|t:|1727902932
|switch|p2a: Starcrossed <\/3|Starmie, shiny|100/100
|-damage|p2a: Starcrossed <\/3|88/100|[from] Spikes
|move|p1a: Moltres|Will-O-Wisp|p2a: Starcrossed <\/3
|-status|p2a: Starcrossed <\/3|brn
|
|-weather|Sandstorm|[upkeep]
|-damage|p2a: Starcrossed <\/3|82/100 brn|[from] Sandstorm
|-damage|p1a: Moltres|76/100 tox|[from] Sandstorm
|-heal|p2a: Starcrossed <\/3|88/100 brn|[from] item: Leftovers
|-damage|p2a: Starcrossed <\/3|76/100 brn|[from] brn
|-heal|p1a: Moltres|82/100 tox|[from] item: Leftovers
|-damage|p1a: Moltres|63/100 tox|[from] psn
|upkeep
|turn|8
|
|t:|1727902939
|move|p2a: Starcrossed <\/3|Recover|p2a: Starcrossed <\/3
|-heal|p2a: Starcrossed <\/3|100/100 brn
|move|p1a: Moltres|Hidden Power|p2a: Starcrossed <\/3
|-supereffective|p2a: Starcrossed <\/3
|-damage|p2a: Starcrossed <\/3|43/100 brn
|
|-weather|Sandstorm|[upkeep]
|-damage|p2a: Starcrossed <\/3|37/100 brn|[from] Sandstorm
|-damage|p1a: Moltres|57/100 tox|[from] Sandstorm
|-heal|p2a: Starcrossed <\/3|43/100 brn|[from] item: Leftovers
|-damage|p2a: Starcrossed <\/3|31/100 brn|[from] brn
|-heal|p1a: Moltres|63/100 tox|[from] item: Leftovers
|-damage|p1a: Moltres|38/100 tox|[from] psn
|upkeep
|turn|9
|
|t:|1727902958
|-curestatus|p2a: Starcrossed <\/3|brn|[from] ability: Natural Cure
|switch|p2a: Morbidly a Beast|Blissey, F|100/100
|-damage|p2a: Morbidly a Beast|88/100|[from] Spikes
|switch|p1a: Tyranitar|Tyranitar, F|100/100
|
|-weather|Sandstorm|[upkeep]
|-damage|p2a: Morbidly a Beast|82/100|[from] Sandstorm
|-heal|p2a: Morbidly a Beast|88/100|[from] item: Leftovers
|upkeep
|turn|10
|
|t:|1727902970
|switch|p1a: Blissey|Blissey, F|100/100
|switch|p2a: SwamPerc-30|Swampert, M|100/100
|-damage|p2a: SwamPerc-30|88/100|[from] Spikes
|
|-weather|Sandstorm|[upkeep]
|-damage|p1a: Blissey|94/100|[from] Sandstorm
|-heal|p1a: Blissey|100/100|[from] item: Leftovers
|-heal|p2a: SwamPerc-30|94/100|[from] item: Leftovers
|upkeep
|turn|11
|
|t:|1727902985
|move|p2a: SwamPerc-30|Protect|p2a: SwamPerc-30
|-singleturn|p2a: SwamPerc-30|Protect
|move|p1a: Blissey|Ice Beam|p2a: SwamPerc-30
|-activate|p2a: SwamPerc-30|Protect
|
|-weather|Sandstorm|[upkeep]
|-damage|p1a: Blissey|94/100|[from] Sandstorm
|-heal|p1a: Blissey|100/100|[from] item: Leftovers
|-heal|p2a: SwamPerc-30|100/100|[from] item: Leftovers
|upkeep
|turn|12
|
|t:|1727902995
|switch|p2a: Morbidly a Beast|Blissey, F|88/100
|-damage|p2a: Morbidly a Beast|76/100|[from] Spikes
|move|p1a: Blissey|Ice Beam|p2a: Morbidly a Beast
|-damage|p2a: Morbidly a Beast|67/100
|
|-weather|Sandstorm|[upkeep]
|-damage|p2a: Morbidly a Beast|61/100|[from] Sandstorm
|-damage|p1a: Blissey|94/100|[from] Sandstorm
|-heal|p2a: Morbidly a Beast|67/100|[from] item: Leftovers
|-heal|p1a: Blissey|100/100|[from] item: Leftovers
|upkeep
|turn|13
|
|t:|1727902998
|move|p2a: Morbidly a Beast|Soft-Boiled|p2a: Morbidly a Beast
|-heal|p2a: Morbidly a Beast|100/100
|move|p1a: Blissey|Thunder Wave|p2a: Morbidly a Beast
|-status|p2a: Morbidly a Beast|par
|
|-weather|Sandstorm|[upkeep]
|-damage|p1a: Blissey|94/100|[from] Sandstorm
|-damage|p2a: Morbidly a Beast|94/100 par|[from] Sandstorm
|-heal|p1a: Blissey|100/100|[from] item: Leftovers
|-heal|p2a: Morbidly a Beast|100/100 par|[from] item: Leftovers
|upkeep
|turn|14
|
|t:|1727903014
|switch|p1a: Skarmory|Skarmory, M|62/100
|move|p2a: Morbidly a Beast|Calm Mind|p2a: Morbidly a Beast
|-boost|p2a: Morbidly a Beast|spa|1
|-boost|p2a: Morbidly a Beast|spd|1
|
|-weather|Sandstorm|[upkeep]
|-damage|p2a: Morbidly a Beast|94/100 par|[from] Sandstorm
|-heal|p1a: Skarmory|68/100|[from] item: Leftovers
|-heal|p2a: Morbidly a Beast|100/100 par|[from] item: Leftovers
|upkeep
|turn|15
|
|t:|1727903023
|move|p1a: Skarmory|Protect|p1a: Skarmory
|-singleturn|p1a: Skarmory|Protect
|cant|p2a: Morbidly a Beast|par
|
|-weather|Sandstorm|[upkeep]
|-damage|p2a: Morbidly a Beast|94/100 par|[from] Sandstorm
|-heal|p1a: Skarmory|74/100|[from] item: Leftovers
|-heal|p2a: Morbidly a Beast|100/100 par|[from] item: Leftovers
|upkeep
|turn|16
|
|t:|1727903040
|cant|p2a: Morbidly a Beast|par
|move|p1a: Skarmory|Roar|p2a: Morbidly a Beast
|-curestatus|p2a: Morbidly a Beast|par|[from] ability: Natural Cure
|drag|p2a: Spiegel|Skarmory, F|100/100
|
|-weather|Sandstorm|[upkeep]
|-heal|p1a: Skarmory|80/100|[from] item: Leftovers
|upkeep
|turn|17
|
|t:|1727903057
|switch|p2a: Starcrossed <\/3|Starmie, shiny|31/100
|-damage|p2a: Starcrossed <\/3|19/100|[from] Spikes
|move|p1a: Skarmory|Roar|p2a: Starcrossed <\/3
|drag|p2a: Pyro|Tyranitar, F|100/100
|-damage|p2a: Pyro|88/100|[from] Spikes
|
|-weather|Sandstorm|[upkeep]
|-heal|p1a: Skarmory|86/100|[from] item: Leftovers
|upkeep
|turn|18
|
|t:|1727903070
|-singleturn|p2a: Pyro|move: Focus Punch
|move|p1a: Skarmory|Toxic|p2a: Pyro
|-status|p2a: Pyro|tox
|move|p2a: Pyro|Focus Punch|p1a: Skarmory
|-damage|p1a: Skarmory|17/100
|
|-weather|Sandstorm|[upkeep]
|-damage|p2a: Pyro|82/100 tox|[from] psn
|-heal|p1a: Skarmory|23/100|[from] item: Leftovers
|upkeep
|turn|19
|
|t:|1727903080
|switch|p2a: Starcrossed <\/3|Starmie, shiny|19/100
|-damage|p2a: Starcrossed <\/3|6/100|[from] Spikes
|move|p1a: Skarmory|Protect||[still]
|-fail|p1a: Skarmory
|
|-weather|Sandstorm|[upkeep]
|-damage|p2a: Starcrossed <\/3|0 fnt|[from] Sandstorm
|faint|p2a: Starcrossed <\/3
|-heal|p1a: Skarmory|29/100|[from] item: Leftovers
|upkeep
|
|t:|1727903083
|switch|p2a: Piss Missile|Aerodactyl, F|100/100
|turn|20
|
|t:|1727903085
|move|p1a: Skarmory|Protect|p1a: Skarmory
|-singleturn|p1a: Skarmory|Protect
|move|p2a: Piss Missile|Rock Slide|p1a: Skarmory
|-activate|p1a: Skarmory|Protect
|
|-weather|Sandstorm|[upkeep]
|-heal|p1a: Skarmory|35/100|[from] item: Leftovers
|upkeep
|turn|21
|
|t:|1727903089
|switch|p2a: Spiegel|Skarmory, F|100/100
|switch|p1a: Flygon|Flygon, F|88/100
|
|-weather|Sandstorm|[upkeep]
|-heal|p1a: Flygon|94/100|[from] item: Leftovers
|upkeep
|turn|22
|
|t:|1727903105
|switch|p1a: Blissey|Blissey, F|100/100
|move|p2a: Spiegel|Spikes|p1a: Blissey
|-sidestart|p1: steffmula|Spikes
|
|-weather|Sandstorm|[upkeep]
|-damage|p1a: Blissey|94/100|[from] Sandstorm
|-heal|p1a: Blissey|100/100|[from] item: Leftovers
|upkeep
|turn|23
|
|t:|1727903109
|move|p2a: Spiegel|Spikes|p1a: Blissey
|-sidestart|p1: steffmula|Spikes
|move|p1a: Blissey|Thunder Wave|p2a: Spiegel
|-status|p2a: Spiegel|par
|
|-weather|Sandstorm|[upkeep]
|-damage|p1a: Blissey|94/100|[from] Sandstorm
|-heal|p1a: Blissey|100/100|[from] item: Leftovers
|upkeep
|turn|24
|
|t:|1727903113
|move|p1a: Blissey|Heal Bell|p1a: Blissey
|-activate|p1a: Blissey|move: Heal Bell
|-curestatus|p1: Moltres|tox|[silent]
|cant|p2a: Spiegel|par
|
|-weather|Sandstorm|[upkeep]
|-damage|p1a: Blissey|94/100|[from] Sandstorm
|-heal|p1a: Blissey|100/100|[from] item: Leftovers
|upkeep
|turn|25
|
|t:|1727903125
|switch|p1a: Moltres|Moltres|38/100
|move|p2a: Spiegel|Toxic|p1a: Moltres
|-status|p1a: Moltres|tox
|
|-weather|Sandstorm|[upkeep]
|-damage|p1a: Moltres|32/100 tox|[from] Sandstorm
|-heal|p1a: Moltres|38/100 tox|[from] item: Leftovers
|-damage|p1a: Moltres|32/100 tox|[from] psn
|upkeep
|turn|26
|
|t:|1727903133
|move|p2a: Spiegel|Protect|p2a: Spiegel
|-singleturn|p2a: Spiegel|Protect
|move|p1a: Moltres|Flamethrower|p2a: Spiegel
|-activate|p2a: Spiegel|Protect
|
|-weather|Sandstorm|[upkeep]
|-damage|p1a: Moltres|26/100 tox|[from] Sandstorm
|-heal|p1a: Moltres|32/100 tox|[from] item: Leftovers
|-damage|p1a: Moltres|20/100 tox|[from] psn
|upkeep
|turn|27
|
|t:|1727903146
|switch|p2a: Piss Missile|Aerodactyl, F|100/100
|move|p1a: Moltres|Flamethrower|p2a: Piss Missile
|-resisted|p2a: Piss Missile
|-damage|p2a: Piss Missile|66/100
|
|-weather|Sandstorm|[upkeep]
|-damage|p1a: Moltres|13/100 tox|[from] Sandstorm
|-heal|p1a: Moltres|20/100 tox|[from] item: Leftovers
|-damage|p1a: Moltres|1/100 tox|[from] psn
|upkeep
|turn|28
|
|t:|1727903154
|move|p2a: Piss Missile|Double-Edge|p1a: Moltres
|-damage|p1a: Moltres|0 fnt
|faint|p1a: Moltres
|
|t:|1727903173
|switch|p1a: Skarmory|Skarmory, M|35/100
|
|-weather|Sandstorm|[upkeep]
|-heal|p1a: Skarmory|41/100|[from] item: Leftovers
|upkeep
|turn|29
|
|t:|1727903190
|switch|p2a: Pyro|Tyranitar, F|82/100 tox
|-damage|p2a: Pyro|70/100 tox|[from] Spikes
|move|p1a: Skarmory|Spikes|p2a: Pyro
|-sidestart|p2: Strawbbz|Spikes
|
|-weather|Sandstorm|[upkeep]
|-damage|p2a: Pyro|64/100 tox|[from] psn
|-heal|p1a: Skarmory|47/100|[from] item: Leftovers
|upkeep
|turn|30
|
|t:|1727903194
|-singleturn|p2a: Pyro|move: Focus Punch
|move|p1a: Skarmory|Protect|p1a: Skarmory
|-singleturn|p1a: Skarmory|Protect
|move|p2a: Pyro|Focus Punch|p1a: Skarmory
|-activate|p1a: Skarmory|Protect
|
|-weather|Sandstorm|[upkeep]
|-damage|p2a: Pyro|51/100 tox|[from] psn
|-heal|p1a: Skarmory|53/100|[from] item: Leftovers
|upkeep
|turn|31
|
|t:|1727903210
|-singleturn|p2a: Pyro|move: Focus Punch
|switch|p1a: Zapdos|Zapdos|100/100
|move|p2a: Pyro|Focus Punch|p1a: Zapdos
|-resisted|p1a: Zapdos
|-damage|p1a: Zapdos|57/100
|
|-weather|Sandstorm|[upkeep]
|-damage|p1a: Zapdos|50/100|[from] Sandstorm
|-heal|p1a: Zapdos|57/100|[from] item: Leftovers
|-damage|p2a: Pyro|33/100 tox|[from] psn
|upkeep
|turn|32
|inactive|steffmula has 270 seconds left.
|
|t:|1727903242
|switch|p2a: Morbidly a Beast|Blissey, F|100/100
|-damage|p2a: Morbidly a Beast|84/100|[from] Spikes
|move|p1a: Zapdos|Hidden Power|p2a: Morbidly a Beast
|-damage|p2a: Morbidly a Beast|76/100
|
|-weather|Sandstorm|[upkeep]
|-damage|p1a: Zapdos|50/100|[from] Sandstorm
|-damage|p2a: Morbidly a Beast|70/100|[from] Sandstorm
|-heal|p1a: Zapdos|57/100|[from] item: Leftovers
|-heal|p2a: Morbidly a Beast|76/100|[from] item: Leftovers
|upkeep
|turn|33
|inactive|steffmula has 270 seconds left.
|
|t:|1727903250
|move|p2a: Morbidly a Beast|Thunderbolt|p1a: Zapdos
|-damage|p1a: Zapdos|41/100
|move|p1a: Zapdos|Roar|p2a: Morbidly a Beast
|drag|p2a: Pyro|Tyranitar, F|33/100 tox
|-damage|p2a: Pyro|16/100 tox|[from] Spikes
|
|-weather|Sandstorm|[upkeep]
|-damage|p1a: Zapdos|34/100|[from] Sandstorm
|-heal|p1a: Zapdos|41/100|[from] item: Leftovers
|-damage|p2a: Pyro|10/100 tox|[from] psn
|upkeep
|turn|34
|inactive|steffmula has 270 seconds left.
|
|t:|1727903262
|move|p1a: Zapdos|Thunderbolt|p2a: Pyro
|-damage|p2a: Pyro|0 fnt
|faint|p2a: Pyro
|
|t:|1727903264
|switch|p2a: Piss Missile|Aerodactyl, F|66/100
|
|-weather|Sandstorm|[upkeep]
|-damage|p1a: Zapdos|34/100|[from] Sandstorm
|-heal|p1a: Zapdos|41/100|[from] item: Leftovers
|upkeep
|turn|35
|
|t:|1727903276
|switch|p1a: Flygon|Flygon, F|94/100
|move|p2a: Piss Missile|Rock Slide|p1a: Flygon
|-resisted|p1a: Flygon
|-damage|p1a: Flygon|72/100
|
|-weather|Sandstorm|[upkeep]
|-heal|p1a: Flygon|79/100|[from] item: Leftovers
|upkeep
|turn|36
|
|t:|1727903286
|switch|p2a: Spiegel|Skarmory, F|100/100 par
|move|p1a: Flygon|Rock Slide|p2a: Spiegel
|-damage|p2a: Spiegel|86/100 par
|
|-weather|Sandstorm|[upkeep]
|-heal|p1a: Flygon|85/100|[from] item: Leftovers
|-heal|p2a: Spiegel|92/100 par|[from] item: Leftovers
|upkeep
|turn|37
|
|t:|1727903291
|switch|p1a: Skarmory|Skarmory, M|53/100
|move|p2a: Spiegel|Spikes|p1a: Skarmory
|-sidestart|p1: steffmula|Spikes
|
|-weather|Sandstorm|[upkeep]
|-heal|p1a: Skarmory|59/100|[from] item: Leftovers
|-heal|p2a: Spiegel|98/100 par|[from] item: Leftovers
|upkeep
|turn|38
|
|t:|1727903297
|switch|p2a: Morbidly a Beast|Blissey, F|76/100
|-damage|p2a: Morbidly a Beast|59/100|[from] Spikes
|move|p1a: Skarmory|Spikes|p2a: Morbidly a Beast
|-sidestart|p2: Strawbbz|Spikes
|
|-weather|Sandstorm|[upkeep]
|-damage|p2a: Morbidly a Beast|53/100|[from] Sandstorm
|-heal|p1a: Skarmory|65/100|[from] item: Leftovers
|-heal|p2a: Morbidly a Beast|59/100|[from] item: Leftovers
|upkeep
|turn|39
|
|t:|1727903321
|move|p2a: Morbidly a Beast|Soft-Boiled|p2a: Morbidly a Beast
|-heal|p2a: Morbidly a Beast|100/100
|move|p1a: Skarmory|Roar|p2a: Morbidly a Beast
|drag|p2a: SwamPerc-30|Swampert, M|100/100
|-damage|p2a: SwamPerc-30|76/100|[from] Spikes
|
|-weather|Sandstorm|[upkeep]
|-heal|p1a: Skarmory|71/100|[from] item: Leftovers
|-heal|p2a: SwamPerc-30|82/100|[from] item: Leftovers
|upkeep
|turn|40
|
|t:|1727903347
|move|p2a: SwamPerc-30|Protect|p2a: SwamPerc-30
|-singleturn|p2a: SwamPerc-30|Protect
|move|p1a: Skarmory|Toxic|p2a: SwamPerc-30|[miss]
|-miss|p1a: Skarmory|p2a: SwamPerc-30
|
|-weather|Sandstorm|[upkeep]
|-heal|p1a: Skarmory|77/100|[from] item: Leftovers
|-heal|p2a: SwamPerc-30|88/100|[from] item: Leftovers
|upkeep
|turn|41
|
|t:|1727903350
|switch|p2a: Spiegel|Skarmory, F|98/100 par
|move|p1a: Skarmory|Toxic||[still]
|-fail|p1a: Skarmory
|
|-weather|Sandstorm|[upkeep]
|-heal|p1a: Skarmory|83/100|[from] item: Leftovers
|-heal|p2a: Spiegel|100/100 par|[from] item: Leftovers
|upkeep
|turn|42
|
|t:|1727903354
|move|p1a: Skarmory|Roar|p2a: Spiegel
|drag|p2a: Morbidly a Beast|Blissey, F|100/100
|-damage|p2a: Morbidly a Beast|76/100|[from] Spikes
|
|-weather|Sandstorm|[upkeep]
|-damage|p2a: Morbidly a Beast|69/100|[from] Sandstorm
|-heal|p1a: Skarmory|89/100|[from] item: Leftovers
|-heal|p2a: Morbidly a Beast|76/100|[from] item: Leftovers
|upkeep
|turn|43
|
|t:|1727903357
|move|p1a: Skarmory|Toxic|p2a: Morbidly a Beast
|-status|p2a: Morbidly a Beast|tox
|move|p2a: Morbidly a Beast|Thunderbolt|p1a: Skarmory
|-supereffective|p1a: Skarmory
|-damage|p1a: Skarmory|42/100
|
|-weather|Sandstorm|[upkeep]
|-damage|p2a: Morbidly a Beast|69/100 tox|[from] Sandstorm
|-heal|p1a: Skarmory|48/100|[from] item: Leftovers
|-heal|p2a: Morbidly a Beast|76/100 tox|[from] item: Leftovers
|-damage|p2a: Morbidly a Beast|69/100 tox|[from] psn
|upkeep
|turn|44
|inactive|steffmula has 270 seconds left.
|
|t:|1727903410
|switch|p1a: Zapdos|Zapdos|41/100
|-curestatus|p2a: Morbidly a Beast|tox|[from] ability: Natural Cure
|switch|p2a: Spiegel|Skarmory, F|100/100 par
|
|-weather|Sandstorm|[upkeep]
|-damage|p1a: Zapdos|34/100|[from] Sandstorm
|-heal|p1a: Zapdos|41/100|[from] item: Leftovers
|upkeep
|turn|45
|
|t:|1727903418
|switch|p2a: Morbidly a Beast|Blissey, F|69/100
|-damage|p2a: Morbidly a Beast|45/100|[from] Spikes
|move|p1a: Zapdos|Roar|p2a: Morbidly a Beast
|drag|p2a: SwamPerc-30|Swampert, M|88/100
|-damage|p2a: SwamPerc-30|63/100|[from] Spikes
|
|-weather|Sandstorm|[upkeep]
|-damage|p1a: Zapdos|34/100|[from] Sandstorm
|-heal|p1a: Zapdos|41/100|[from] item: Leftovers
|-heal|p2a: SwamPerc-30|69/100|[from] item: Leftovers
|upkeep
|turn|46
|
|t:|1727903437
|move|p2a: SwamPerc-30|Protect|p2a: SwamPerc-30
|-singleturn|p2a: SwamPerc-30|Protect
|move|p1a: Zapdos|Hidden Power|p2a: SwamPerc-30
|-activate|p2a: SwamPerc-30|Protect
|
|-weather|Sandstorm|[upkeep]
|-damage|p1a: Zapdos|34/100|[from] Sandstorm
|-heal|p1a: Zapdos|41/100|[from] item: Leftovers
|-heal|p2a: SwamPerc-30|76/100|[from] item: Leftovers
|upkeep
|turn|47
|
|t:|1727903459
|move|p1a: Zapdos|Hidden Power|p2a: SwamPerc-30
|-supereffective|p2a: SwamPerc-30
|-damage|p2a: SwamPerc-30|5/100
|move|p2a: SwamPerc-30|Ice Beam|p1a: Zapdos
|-supereffective|p1a: Zapdos
|-damage|p1a: Zapdos|14/100
|
|-weather|Sandstorm|[upkeep]
|-damage|p1a: Zapdos|7/100|[from] Sandstorm
|-heal|p1a: Zapdos|14/100|[from] item: Leftovers
|-heal|p2a: SwamPerc-30|11/100|[from] item: Leftovers
|upkeep
|turn|48
|
|t:|1727903466
|move|p2a: SwamPerc-30|Protect|p2a: SwamPerc-30
|-singleturn|p2a: SwamPerc-30|Protect
|move|p1a: Zapdos|Hidden Power|p2a: SwamPerc-30
|-activate|p2a: SwamPerc-30|Protect
|
|-weather|Sandstorm|[upkeep]
|-damage|p1a: Zapdos|7/100|[from] Sandstorm
|-heal|p1a: Zapdos|14/100|[from] item: Leftovers
|-heal|p2a: SwamPerc-30|17/100|[from] item: Leftovers
|upkeep
|turn|49
|
|t:|1727903468
|move|p1a: Zapdos|Hidden Power|p2a: SwamPerc-30
|-supereffective|p2a: SwamPerc-30
|-damage|p2a: SwamPerc-30|0 fnt
|faint|p2a: SwamPerc-30
|
|t:|1727903471
|switch|p2a: Morbidly a Beast|Blissey, F|45/100
|-damage|p2a: Morbidly a Beast|20/100|[from] Spikes
|
|-weather|Sandstorm|[upkeep]
|-damage|p1a: Zapdos|7/100|[from] Sandstorm
|-damage|p2a: Morbidly a Beast|14/100|[from] Sandstorm
|-heal|p1a: Zapdos|14/100|[from] item: Leftovers
|-heal|p2a: Morbidly a Beast|20/100|[from] item: Leftovers
|upkeep
|turn|50
|
|t:|1727903476
|move|p2a: Morbidly a Beast|Soft-Boiled|p2a: Morbidly a Beast
|-heal|p2a: Morbidly a Beast|70/100
|move|p1a: Zapdos|Roar|p2a: Morbidly a Beast
|drag|p2a: Piss Missile|Aerodactyl, F|66/100
|
|-weather|Sandstorm|[upkeep]
|-damage|p1a: Zapdos|7/100|[from] Sandstorm
|-heal|p1a: Zapdos|14/100|[from] item: Leftovers
|upkeep
|turn|51
|inactive|steffmula has 270 seconds left.
|inactive|steffmula has 240 seconds left.
|
|t:|1727903538
|move|p2a: Piss Missile|Rock Slide|p1a: Zapdos
|-supereffective|p1a: Zapdos
|-crit|p1a: Zapdos
|-damage|p1a: Zapdos|0 fnt
|faint|p1a: Zapdos
|inactive|steffmula has 210 seconds left.
|
|t:|1727903564
|switch|p1a: Flygon|Flygon, F|85/100
|
|-weather|Sandstorm|[upkeep]
|-heal|p1a: Flygon|91/100|[from] item: Leftovers
|upkeep
|turn|52
|
|t:|1727903569
|switch|p2a: Spiegel|Skarmory, F|100/100 par
|move|p1a: Flygon|Rock Slide|p2a: Spiegel
|-damage|p2a: Spiegel|87/100 par
|
|-weather|Sandstorm|[upkeep]
|-heal|p1a: Flygon|97/100|[from] item: Leftovers
|-heal|p2a: Spiegel|93/100 par|[from] item: Leftovers
|upkeep
|turn|53
|
|t:|1727903588
|switch|p1a: Skarmory|Skarmory, M|48/100
|cant|p2a: Spiegel|par
|
|-weather|Sandstorm|[upkeep]
|-heal|p1a: Skarmory|53/100|[from] item: Leftovers
|-heal|p2a: Spiegel|99/100 par|[from] item: Leftovers
|upkeep
|turn|54
|inactive|steffmula has 210 seconds left.
|
|t:|1727903614
|move|p1a: Skarmory|Toxic||[still]
|-fail|p1a: Skarmory
|move|p2a: Spiegel|Roar|p1a: Skarmory
|drag|p1a: Tyranitar|Tyranitar, F|100/100
|-damage|p1a: Tyranitar|75/100|[from] Spikes
|
|-weather|Sandstorm|[upkeep]
|-heal|p1a: Tyranitar|82/100|[from] item: Leftovers
|-heal|p2a: Spiegel|100/100 par|[from] item: Leftovers
|upkeep
|turn|55
|
|t:|1727903622
|move|p1a: Tyranitar|Fire Blast|p2a: Spiegel
|-supereffective|p2a: Spiegel
|-damage|p2a: Spiegel|28/100 par
|move|p2a: Spiegel|Toxic|p1a: Tyranitar
|-status|p1a: Tyranitar|tox
|
|-weather|Sandstorm|[upkeep]
|-heal|p1a: Tyranitar|88/100 tox|[from] item: Leftovers
|-damage|p1a: Tyranitar|82/100 tox|[from] psn
|-heal|p2a: Spiegel|34/100 par|[from] item: Leftovers
|upkeep
|turn|56
|inactive|steffmula has 210 seconds left.
|
|t:|1727903629
|move|p2a: Spiegel|Protect|p2a: Spiegel
|-singleturn|p2a: Spiegel|Protect
|move|p1a: Tyranitar|Pursuit|p2a: Spiegel
|-activate|p2a: Spiegel|Protect
|
|-weather|Sandstorm|[upkeep]
|-heal|p1a: Tyranitar|88/100 tox|[from] item: Leftovers
|-damage|p1a: Tyranitar|75/100 tox|[from] psn
|-heal|p2a: Spiegel|40/100 par|[from] item: Leftovers
|upkeep
|turn|57
|
|t:|1727903634
|switch|p2a: Piss Missile|Aerodactyl, F|66/100
|move|p1a: Tyranitar|Fire Blast|p2a: Piss Missile
|-resisted|p2a: Piss Missile
|-damage|p2a: Piss Missile|39/100
|
|-weather|Sandstorm|[upkeep]
|-heal|p1a: Tyranitar|82/100 tox|[from] item: Leftovers
|-damage|p1a: Tyranitar|63/100 tox|[from] psn
|upkeep
|turn|58
|inactive|steffmula has 210 seconds left.
|
|t:|1727903657
|switch|p1a: Skarmory|Skarmory, M|53/100
|move|p2a: Piss Missile|Double-Edge|p1a: Skarmory
|-resisted|p1a: Skarmory
|-damage|p1a: Skarmory|33/100
|
|-weather|Sandstorm|[upkeep]
|-heal|p1a: Skarmory|39/100|[from] item: Leftovers
|upkeep
|turn|59
|inactive|steffmula has 210 seconds left.
|
|t:|1727903668
|switch|p2a: Spiegel|Skarmory, F|40/100 par
|switch|p1a: Tyranitar|Tyranitar, F|63/100 tox
|-damage|p1a: Tyranitar|38/100 tox|[from] Spikes
|
|-weather|Sandstorm|[upkeep]
|-heal|p1a: Tyranitar|44/100 tox|[from] item: Leftovers
|-damage|p1a: Tyranitar|38/100 tox|[from] psn
|-heal|p2a: Spiegel|46/100 par|[from] item: Leftovers
|upkeep
|turn|60
|
|t:|1727903671
|move|p2a: Spiegel|Protect|p2a: Spiegel
|-singleturn|p2a: Spiegel|Protect
|move|p1a: Tyranitar|Fire Blast|p2a: Spiegel|[miss]
|-miss|p1a: Tyranitar|p2a: Spiegel
|
|-weather|Sandstorm|[upkeep]
|-heal|p1a: Tyranitar|44/100 tox|[from] item: Leftovers
|-damage|p1a: Tyranitar|32/100 tox|[from] psn
|-heal|p2a: Spiegel|52/100 par|[from] item: Leftovers
|upkeep
|turn|61
|
|t:|1727903689
|move|p2a: Spiegel|Protect||[still]
|-fail|p2a: Spiegel
|move|p1a: Tyranitar|Fire Blast|p2a: Spiegel
|-supereffective|p2a: Spiegel
|-damage|p2a: Spiegel|0 fnt
|faint|p2a: Spiegel
|
|t:|1727903693
|switch|p2a: Morbidly a Beast|Blissey, F|70/100
|-damage|p2a: Morbidly a Beast|45/100|[from] Spikes
|
|-weather|Sandstorm|[upkeep]
|-damage|p2a: Morbidly a Beast|39/100|[from] Sandstorm
|-heal|p1a: Tyranitar|38/100 tox|[from] item: Leftovers
|-damage|p1a: Tyranitar|20/100 tox|[from] psn
|-heal|p2a: Morbidly a Beast|45/100|[from] item: Leftovers
|upkeep
|turn|62
|inactive|steffmula has 240 seconds left.
|
|t:|1727903705
|move|p1a: Tyranitar|Crunch|p2a: Morbidly a Beast
|-damage|p2a: Morbidly a Beast|31/100
|move|p2a: Morbidly a Beast|Soft-Boiled|p2a: Morbidly a Beast
|-heal|p2a: Morbidly a Beast|81/100
|
|-weather|Sandstorm|[upkeep]
|-damage|p2a: Morbidly a Beast|74/100|[from] Sandstorm
|-heal|p1a: Tyranitar|26/100 tox|[from] item: Leftovers
|-damage|p1a: Tyranitar|1/100 tox|[from] psn
|-heal|p2a: Morbidly a Beast|81/100|[from] item: Leftovers
|upkeep
|turn|63
|inactive|steffmula has 240 seconds left.
|
|t:|1727903711
|move|p1a: Tyranitar|Crunch|p2a: Morbidly a Beast
|-damage|p2a: Morbidly a Beast|66/100
|-unboost|p2a: Morbidly a Beast|spd|1
|move|p2a: Morbidly a Beast|Calm Mind|p2a: Morbidly a Beast
|-boost|p2a: Morbidly a Beast|spa|1
|-boost|p2a: Morbidly a Beast|spd|1
|
|-weather|Sandstorm|[upkeep]
|-damage|p2a: Morbidly a Beast|60/100|[from] Sandstorm
|-heal|p1a: Tyranitar|7/100 tox|[from] item: Leftovers
|-damage|p1a: Tyranitar|0 fnt|[from] psn
|faint|p1a: Tyranitar
|-heal|p2a: Morbidly a Beast|66/100|[from] item: Leftovers
|upkeep
|inactive|steffmula has 240 seconds left.
|
|t:|1727903722
|switch|p1a: Skarmory|Skarmory, M|39/100
|turn|64
|inactive|steffmula has 240 seconds left.
|
|t:|1727903729
|move|p1a: Skarmory|Toxic|p2a: Morbidly a Beast
|-status|p2a: Morbidly a Beast|tox
|move|p2a: Morbidly a Beast|Thunderbolt|p1a: Skarmory
|-supereffective|p1a: Skarmory
|-damage|p1a: Skarmory|0 fnt
|faint|p1a: Skarmory
|
|t:|1727903733
|switch|p1a: Blissey|Blissey, F|100/100
|-damage|p1a: Blissey|76/100|[from] Spikes
|
|-weather|Sandstorm|[upkeep]
|-damage|p2a: Morbidly a Beast|60/100 tox|[from] Sandstorm
|-damage|p1a: Blissey|69/100|[from] Sandstorm
|-heal|p2a: Morbidly a Beast|66/100 tox|[from] item: Leftovers
|-damage|p2a: Morbidly a Beast|60/100 tox|[from] psn
|-heal|p1a: Blissey|76/100|[from] item: Leftovers
|upkeep
|turn|65
|
|t:|1727903737
|move|p2a: Morbidly a Beast|Soft-Boiled|p2a: Morbidly a Beast
|-heal|p2a: Morbidly a Beast|100/100 tox
|move|p1a: Blissey|Ice Beam|p2a: Morbidly a Beast
|-damage|p2a: Morbidly a Beast|92/100 tox
|
|-weather|Sandstorm|[upkeep]
|-damage|p2a: Morbidly a Beast|86/100 tox|[from] Sandstorm
|-damage|p1a: Blissey|69/100|[from] Sandstorm
|-heal|p2a: Morbidly a Beast|92/100 tox|[from] item: Leftovers
|-damage|p2a: Morbidly a Beast|80/100 tox|[from] psn
|-heal|p1a: Blissey|76/100|[from] item: Leftovers
|upkeep
|turn|66
|
|t:|1727903742
|-curestatus|p2a: Morbidly a Beast|tox|[from] ability: Natural Cure
|switch|p2a: Piss Missile|Aerodactyl, F|39/100
|move|p1a: Blissey|Ice Beam|p2a: Piss Missile
|-supereffective|p2a: Piss Missile
|-crit|p2a: Piss Missile
|-damage|p2a: Piss Missile|0 fnt
|faint|p2a: Piss Missile
|
|t:|1727903744
|switch|p2a: Morbidly a Beast|Blissey, F|80/100
|-damage|p2a: Morbidly a Beast|55/100|[from] Spikes
|
|-weather|Sandstorm|[upkeep]
|-damage|p2a: Morbidly a Beast|49/100|[from] Sandstorm
|-damage|p1a: Blissey|69/100|[from] Sandstorm
|-heal|p2a: Morbidly a Beast|55/100|[from] item: Leftovers
|-heal|p1a: Blissey|76/100|[from] item: Leftovers
|upkeep
|turn|67
|inactive|steffmula has 270 seconds left.
|inactive|steffmula has 240 seconds left.
|
|t:|1727903813
|move|p2a: Morbidly a Beast|Ice Beam|p1a: Blissey
|-damage|p1a: Blissey|66/100
|-status|p1a: Blissey|frz
|cant|p1a: Blissey|frz
|
|-weather|Sandstorm|[upkeep]
|-damage|p2a: Morbidly a Beast|49/100|[from] Sandstorm
|-damage|p1a: Blissey|60/100 frz|[from] Sandstorm
|-heal|p2a: Morbidly a Beast|55/100|[from] item: Leftovers
|-heal|p1a: Blissey|66/100 frz|[from] item: Leftovers
|upkeep
|turn|68
|
|t:|1727903822
|move|p2a: Morbidly a Beast|Soft-Boiled|p2a: Morbidly a Beast
|-heal|p2a: Morbidly a Beast|100/100
|cant|p1a: Blissey|frz
|
|-weather|Sandstorm|[upkeep]
|-damage|p2a: Morbidly a Beast|94/100|[from] Sandstorm
|-damage|p1a: Blissey|60/100 frz|[from] Sandstorm
|-heal|p2a: Morbidly a Beast|100/100|[from] item: Leftovers
|-heal|p1a: Blissey|66/100 frz|[from] item: Leftovers
|upkeep
|turn|69
|
|t:|1727903828
|move|p2a: Morbidly a Beast|Ice Beam|p1a: Blissey
|-damage|p1a: Blissey|57/100 frz
|cant|p1a: Blissey|frz
|
|-weather|Sandstorm|[upkeep]
|-damage|p2a: Morbidly a Beast|94/100|[from] Sandstorm
|-damage|p1a: Blissey|50/100 frz|[from] Sandstorm
|-heal|p2a: Morbidly a Beast|100/100|[from] item: Leftovers
|-heal|p1a: Blissey|57/100 frz|[from] item: Leftovers
|upkeep
|turn|70
|
|t:|1727903829
|move|p2a: Morbidly a Beast|Calm Mind|p2a: Morbidly a Beast
|-boost|p2a: Morbidly a Beast|spa|1
|-boost|p2a: Morbidly a Beast|spd|1
|cant|p1a: Blissey|frz
|
|-weather|Sandstorm|[upkeep]
|-damage|p2a: Morbidly a Beast|94/100|[from] Sandstorm
|-damage|p1a: Blissey|50/100 frz|[from] Sandstorm
|-heal|p2a: Morbidly a Beast|100/100|[from] item: Leftovers
|-heal|p1a: Blissey|57/100 frz|[from] item: Leftovers
|upkeep
|turn|71
|
|t:|1727903834
|move|p2a: Morbidly a Beast|Ice Beam|p1a: Blissey
|-crit|p1a: Blissey
|-damage|p1a: Blissey|30/100 frz
|cant|p1a: Blissey|frz
|
|-weather|Sandstorm|[upkeep]
|-damage|p2a: Morbidly a Beast|94/100|[from] Sandstorm
|-damage|p1a: Blissey|24/100 frz|[from] Sandstorm
|-heal|p2a: Morbidly a Beast|100/100|[from] item: Leftovers
|-heal|p1a: Blissey|30/100 frz|[from] item: Leftovers
|upkeep
|turn|72
|
|t:|1727903837
|move|p2a: Morbidly a Beast|Calm Mind|p2a: Morbidly a Beast
|-boost|p2a: Morbidly a Beast|spa|1
|-boost|p2a: Morbidly a Beast|spd|1
|cant|p1a: Blissey|frz
|
|-weather|Sandstorm|[upkeep]
|-damage|p2a: Morbidly a Beast|94/100|[from] Sandstorm
|-damage|p1a: Blissey|24/100 frz|[from] Sandstorm
|-heal|p2a: Morbidly a Beast|100/100|[from] item: Leftovers
|-heal|p1a: Blissey|30/100 frz|[from] item: Leftovers
|upkeep
|turn|73
|
|t:|1727903839
|move|p2a: Morbidly a Beast|Ice Beam|p1a: Blissey
|-damage|p1a: Blissey|13/100 frz
|cant|p1a: Blissey|frz
|
|-weather|Sandstorm|[upkeep]
|-damage|p2a: Morbidly a Beast|94/100|[from] Sandstorm
|-damage|p1a: Blissey|7/100 frz|[from] Sandstorm
|-heal|p2a: Morbidly a Beast|100/100|[from] item: Leftovers
|-heal|p1a: Blissey|13/100 frz|[from] item: Leftovers
|upkeep
|turn|74
|c|☆Strawbbz|wow
|c|☆Strawbbz|my b
|
|t:|1727903845
|move|p2a: Morbidly a Beast|Ice Beam|p1a: Blissey
|-damage|p1a: Blissey|0 fnt
|faint|p1a: Blissey
|c|☆steffmula|np
|
|t:|1727903849
|switch|p1a: Flygon|Flygon, F|97/100
|
|-weather|Sandstorm|[upkeep]
|-damage|p2a: Morbidly a Beast|94/100|[from] Sandstorm
|-heal|p1a: Flygon|100/100|[from] item: Leftovers
|-heal|p2a: Morbidly a Beast|100/100|[from] item: Leftovers
|upkeep
|turn|75
|
|t:|1727903852
|move|p1a: Flygon|Rock Slide|p2a: Morbidly a Beast
|-damage|p2a: Morbidly a Beast|83/100
|cant|p2a: Morbidly a Beast|flinch
|
|-weather|Sandstorm|[upkeep]
|-damage|p2a: Morbidly a Beast|77/100|[from] Sandstorm
|-heal|p2a: Morbidly a Beast|83/100|[from] item: Leftovers
|upkeep
|turn|76
|
|t:|1727903856
|move|p1a: Flygon|Rock Slide|p2a: Morbidly a Beast
|-damage|p2a: Morbidly a Beast|65/100
|move|p2a: Morbidly a Beast|Ice Beam|p1a: Flygon
|-supereffective|p1a: Flygon
|-damage|p1a: Flygon|0 fnt
|faint|p1a: Flygon
|
|win|Strawbbz

</script>
<script type="application/json" class="data" id="replaydata-smogtours-gen3ou-794055">
{"id":"smogtours-gen3ou-794055","format":"[Gen 3] OU","players":["steffmula","Strawbbz"],"uploadtime":1727903856,"views":106,"formatid":"gen3ou","rating":null,"private":0,"password":null}
</script>

<script defer src="js/replays.js?9d40a366"></script>
