<!DOCTYPE html>
<meta charset="utf-8" />
<meta name="viewport" content="width=device-width" />

<title>[Gen 3] OU: honuacjs vs. shitking - Replays - Pok&eacute;mon Showdown!</title>

<meta name="description" content="Watch a replay of a Pok&eacute;mon battle between honuacjs and shitking! Format: [Gen 3] OU; Date: Oct 12, 2024" />
<!--

Hey, you! Looking in the source for the replay log?

You can find them in JSON format, just add `.json` at the end of a replay URL.

https://replay.pokemonshowdown.com/gen7randomdoublesbattle-865046831.json

Or, if you only need the log itself, add `.log` instead:

https://replay.pokemonshowdown.com/gen7randomdoublesbattle-865046831.log

-->

<link rel="stylesheet" href="//pokemonshowdown.com/style/global.css?0.767286132409787" />
<link rel="stylesheet" href="//play.pokemonshowdown.com/style/font-awesome.css?0.9266228007934947" />
<link rel="stylesheet" href="//play.pokemonshowdown.com/style/battle.css?0.7924700842790926" />
<link rel="stylesheet" href="//play.pokemonshowdown.com/style/utilichart.css?0.8777417872839479" />

<!-- Global site tag (gtag.js) - Google Analytics -->
<script async src="https://www.googletagmanager.com/gtag/js?id=UA-26211653-1"></script>
<script>
  window.dataLayer = window.dataLayer || [];
  function gtag(){dataLayer.push(arguments);}
  gtag('js', new Date());

  gtag('config', 'UA-26211653-1');
</script>
<!-- End Google Analytics -->
<!-- Venatus Ad Manager - Install in <HEAD> of page -->
	<script src="https://hb.vntsm.com/v3/live/ad-manager.min.js" type="text/javascript" data-site-id="642aba63ec9a7b11c3c9c1be" data-mode="scan" async></script>
<!-- / Venatus Ad Manager -->

<style>
	@media (max-width:820px) {
		.battle {
			margin: 0 auto;
		}
		.battle-log {
			margin: 7px auto 0;
			max-width: 640px;
			height: 300px;
			position: static;
		}
	}
	.optgroup {
		display: inline-block;
		line-height: 22px;
		font-size: 10pt;
	}
	.optgroup .button {
		height: 25px;
		padding-top: 0;
		padding-bottom: 0;
	}
	.optgroup button.button {
		padding-left: 12px;
		padding-right: 12px;
	}
	.linklist {
		list-style: none;
		margin: 0.5em 0;
		padding: 0;
	}
	.linklist li {
		padding: 2px 0;
	}
	.sidebar {
		float: left;
		width: 320px;
	}
	.bar-wrapper {
		max-width: 1100px;
		margin: 0 auto;
	}
	.bar-wrapper.has-sidebar {
		max-width: 1430px;
	}
	.mainbar {
		margin: 0;
		padding-right: 1px;
	}
	.mainbar.has-sidebar {
		margin-left: 330px;
	}
	@media (min-width: 1511px) {
		.sidebar {
			width: 400px;
		}
		.bar-wrapper.has-sidebar {
			max-width: 1510px;
		}
		.mainbar.has-sidebar {
			margin-left: 410px;
		}
	}
	.section.first-section {
		margin-top: 9px;
	}
	.blocklink small {
		white-space: normal;
	}
	.button {
		vertical-align: middle;
	}
	.replay-controls {
		padding-top: 10px;
	}
	.replay-controls h1 {
		font-size: 16pt;
		font-weight: normal;
		color: #CCC;
	}
	.pagelink {
		text-align: center;
	}
	.pagelink a {
		width: 150px;
	}
	.textbox, .button {
		font-size: 11pt;
		vertical-align: middle;
	}
	@media (max-width: 450px) {
		.button {
			font-size: 9pt;
		}
	}
</style>

<div>

	<header>
		<div class="nav-wrapper"><ul class="nav">
			<li><a class="button nav-first" href="//pokemonshowdown.com/"><img src="//pokemonshowdown.com/images/pokemonshowdownbeta.png" srcset="//pokemonshowdown.com/images/pokemonshowdownbeta.png 1x, //pokemonshowdown.com/images/pokemonshowdownbeta@2x.png 2x" alt="Pok&eacute;mon Showdown" width="146" height="44" /> Home</a></li>
			<li><a class="button" href="//pokemonshowdown.com/dex/">Pok&eacute;dex</a></li>
			<li><a class="button cur" href="/">Replays</a></li>
			<li><a class="button" href="//pokemonshowdown.com/ladder/">Ladder</a></li>
			<li><a class="button nav-last" href="//pokemonshowdown.com/forums/">Forum</a></li>
			<li><a class="button greenbutton nav-first nav-last" href="//play.pokemonshowdown.com/">Play</a></li>
		</ul></div>
	</header>

	<div class="main" id="main">

		<noscript><section class="section">You need to enable JavaScript to use this page; sorry!</section></noscript>

	</div>

</div>

<script defer nomodule src="//play.pokemonshowdown.com/js/lib/ps-polyfill.js"></script>
<script defer src="//play.pokemonshowdown.com/js/lib/preact.min.js"></script>

<script defer src="//play.pokemonshowdown.com/config/config.js?6dec07f6"></script>
<script defer src="//play.pokemonshowdown.com/js/lib/jquery-1.11.0.min.js"></script>
<script defer src="//play.pokemonshowdown.com/js/lib/html-sanitizer-minified.js"></script>
<script defer src="//play.pokemonshowdown.com/js/battle-sound.js"></script>
<script defer src="//play.pokemonshowdown.com/js/battledata.js?0.6315294753075389"></script>
<script defer src="//play.pokemonshowdown.com/data/pokedex-mini.js?0.7603743185311358"></script>
<script defer src="//play.pokemonshowdown.com/data/pokedex-mini-bw.js?0.030888842834281283"></script>
<script defer src="//play.pokemonshowdown.com/data/graphics.js?0.05593094747507488"></script>
<script defer src="//play.pokemonshowdown.com/data/pokedex.js?0.47064822249611904"></script>
<script defer src="//play.pokemonshowdown.com/data/moves.js?0.8583693120512459"></script>
<script defer src="//play.pokemonshowdown.com/data/abilities.js?0.16017181182386842"></script>
<script defer src="//play.pokemonshowdown.com/data/items.js?0.4163379185673943"></script>
<script defer src="//play.pokemonshowdown.com/data/teambuilder-tables.js?0.31075597372830477"></script>
<script defer src="//play.pokemonshowdown.com/js/battle-tooltips.js?0.6536193500708172"></script>
<script defer src="//play.pokemonshowdown.com/js/battle.js?0.1916591943277901"></script>

<script defer src="js/utils.js?e31f9a17"></script>
<script defer src="js/replays-battle.js?7008c182"></script>

<!-- don't scrape this data! just add .json or .log after the URL!
Full API docs: https://github.com/smogon/pokemon-showdown-client/blob/master/WEB-API.md -->
<script type="text/plain" class="log" id="replaylog-smogtours-gen3ou-797861">
|inactive|Battle timer is ON: inactive players will automatically lose when time's up.
|t:|1728773372
|gametype|singles
|player|p1|honuacjs|idol|
|player|p2|shitking|101|
|teamsize|p1|6
|teamsize|p2|6
|gen|3
|tier|[Gen 3] OU
|rule|Sleep Clause Mod: Limit one foe put to sleep
|rule|Switch Priority Clause Mod: Faster Pokémon switch first
|rule|Species Clause: Limit one of each Pokémon
|rule|OHKO Clause: OHKO moves are banned
|rule|Evasion Items Clause: Evasion items are banned
|rule|Evasion Moves Clause: Evasion moves are banned
|rule|Endless Battle Clause: Forcing endless battles is banned
|rule|HP Percentage Mod: HP is shown in percentages
|rule|One Boost Passer Clause: Limit one Baton Passer that has a way to boost its stats
|rule|Freeze Clause Mod: Limit one foe frozen
|
|t:|1728773372
|start
|switch|p1a: Toddle|Ampharos, M|100/100
|switch|p2a: Medicham|Medicham, M|100/100
|turn|1
|
|t:|1728773379
|switch|p2a: Snorlax|Snorlax, F|100/100
|move|p1a: Toddle|Protect||[still]
|-fail|p1a: Toddle
|
|upkeep
|turn|2
|
|t:|1728773384
|switch|p1a: Bella|Weezing, F, shiny|100/100
|move|p2a: Snorlax|Earthquake|p1a: Bella
|-immune|p1a: Bella
|
|upkeep
|turn|3
|
|t:|1728773400
|switch|p2a: Suicune|Suicune|100/100
|move|p1a: Bella|Will-O-Wisp|p2a: Suicune
|-status|p2a: Suicune|brn
|
|-damage|p2a: Suicune|88/100 brn|[from] brn
|upkeep
|turn|4
|
|t:|1728773407
|move|p2a: Suicune|Calm Mind|p2a: Suicune
|-boost|p2a: Suicune|spa|1
|-boost|p2a: Suicune|spd|1
|move|p1a: Bella|Sludge Bomb|p2a: Suicune
|-damage|p2a: Suicune|61/100 brn
|
|-heal|p2a: Suicune|67/100 brn|[from] item: Leftovers
|-damage|p2a: Suicune|54/100 brn|[from] brn
|upkeep
|turn|5
|
|t:|1728773415
|switch|p1a: Nessy|Lapras, F|100/100
|move|p2a: Suicune|Rest|p2a: Suicune
|-status|p2a: Suicune|slp|[from] move: Rest
|-heal|p2a: Suicune|100/100 slp|[silent]
|
|upkeep
|turn|6
|
|t:|1728773426
|switch|p2a: Metagross|Metagross|100/100
|move|p1a: Nessy|Perish Song|p1a: Nessy
|-start|p1a: Nessy|perish3|[silent]
|-start|p2a: Metagross|perish3|[silent]
|-fieldactivate|move: Perish Song
|
|-start|p2a: Metagross|perish3
|-start|p1a: Nessy|perish3
|upkeep
|turn|7
|
|t:|1728773434
|switch|p1a: Toddle|Ampharos, M|100/100
|move|p2a: Metagross|Meteor Mash|p1a: Toddle
|-resisted|p1a: Toddle
|-damage|p1a: Toddle|78/100
|
|-heal|p1a: Toddle|84/100|[from] item: Leftovers
|-start|p2a: Metagross|perish2
|upkeep
|turn|8
|
|t:|1728773443
|move|p2a: Metagross|Agility|p2a: Metagross
|-boost|p2a: Metagross|spe|2
|move|p1a: Toddle|Counter|p2a: Metagross
|
|-heal|p1a: Toddle|91/100|[from] item: Leftovers
|-start|p2a: Metagross|perish1
|upkeep
|turn|9
|
|t:|1728773450
|switch|p2a: Snorlax|Snorlax, F|100/100
|move|p1a: Toddle|Protect||[still]
|-fail|p1a: Toddle
|
|-heal|p1a: Toddle|97/100|[from] item: Leftovers
|upkeep
|turn|10
|
|t:|1728773457
|move|p2a: Snorlax|Body Slam|p1a: Toddle
|-damage|p1a: Toddle|65/100
|move|p1a: Toddle|Counter|p2a: Snorlax
|-damage|p2a: Snorlax|50/100
|
|-heal|p1a: Toddle|71/100|[from] item: Leftovers
|-heal|p2a: Snorlax|56/100|[from] item: Leftovers
|upkeep
|turn|11
|
|t:|1728773467
|move|p1a: Toddle|Protect|p1a: Toddle
|-singleturn|p1a: Toddle|Protect
|move|p2a: Snorlax|Earthquake|p1a: Toddle
|-activate|p1a: Toddle|Protect
|
|-heal|p1a: Toddle|78/100|[from] item: Leftovers
|-heal|p2a: Snorlax|62/100|[from] item: Leftovers
|upkeep
|turn|12
|
|t:|1728773479
|move|p2a: Snorlax|Earthquake|p1a: Toddle
|-supereffective|p1a: Toddle
|-damage|p1a: Toddle|34/100
|move|p1a: Toddle|Counter|p2a: Snorlax
|-damage|p2a: Snorlax|0 fnt
|faint|p2a: Snorlax
|
|t:|1728773492
|switch|p2a: Salamence|Salamence, M|100/100
|-ability|p2a: Salamence|Intimidate|boost
|-unboost|p1a: Toddle|atk|1
|
|-heal|p1a: Toddle|41/100|[from] item: Leftovers
|upkeep
|turn|13
|
|t:|1728773498
|switch|p1a: Nessy|Lapras, F|100/100
|move|p2a: Salamence|Earthquake|p1a: Nessy
|-damage|p1a: Nessy|65/100
|
|-heal|p1a: Nessy|72/100|[from] item: Leftovers
|upkeep
|turn|14
|
|t:|1728773511
|switch|p2a: Suicune|Suicune|100/100 slp
|switch|p1a: Toddle|Ampharos, M|41/100
|
|-heal|p1a: Toddle|47/100|[from] item: Leftovers
|upkeep
|turn|15
|
|t:|1728773532
|switch|p2a: Magneton|Magneton|100/100
|move|p1a: Toddle|Thunderbolt|p2a: Magneton
|-resisted|p2a: Magneton
|-damage|p2a: Magneton|67/100
|
|-heal|p1a: Toddle|53/100|[from] item: Leftovers
|upkeep
|turn|16
|inactive|shitking has 270 seconds left.
|
|t:|1728773552
|move|p2a: Magneton|Toxic|p1a: Toddle
|-status|p1a: Toddle|tox
|move|p1a: Toddle|Thunderbolt|p2a: Magneton
|-resisted|p2a: Magneton
|-damage|p2a: Magneton|32/100
|
|-heal|p1a: Toddle|59/100 tox|[from] item: Leftovers
|-damage|p1a: Toddle|53/100 tox|[from] psn
|upkeep
|turn|17
|inactive|shitking has 270 seconds left.
|inactive|shitking has 240 seconds left.
|
|t:|1728773596
|switch|p2a: Salamence|Salamence, M|100/100
|-ability|p2a: Salamence|Intimidate|boost
|-unboost|p1a: Toddle|atk|1
|switch|p1a: Claydol|Claydol|100/100
|
|upkeep
|turn|18
|inactive|shitking has 240 seconds left.
|
|t:|1728773621
|switch|p2a: Metagross|Metagross|100/100
|move|p1a: Claydol|Rock Slide|p2a: Metagross
|-resisted|p2a: Metagross
|-damage|p2a: Metagross|94/100
|
|-heal|p2a: Metagross|99/100|[from] item: Leftovers
|upkeep
|turn|19
|
|t:|1728773632
|switch|p2a: Salamence|Salamence, M|100/100
|-ability|p2a: Salamence|Intimidate|boost
|-unboost|p1a: Claydol|atk|1
|move|p1a: Claydol|Earthquake|p2a: Salamence
|-immune|p2a: Salamence
|
|upkeep
|turn|20
|
|t:|1728773642
|switch|p1a: Nessy|Lapras, F|72/100
|move|p2a: Salamence|Dragon Dance|p2a: Salamence
|-boost|p2a: Salamence|atk|1
|-boost|p2a: Salamence|spe|1
|
|-heal|p1a: Nessy|78/100|[from] item: Leftovers
|upkeep
|turn|21
|inactive|shitking has 240 seconds left.
|
|t:|1728773649
|switch|p2a: Suicune|Suicune|100/100 slp
|move|p1a: Nessy|Ice Beam|p2a: Suicune
|-resisted|p2a: Suicune
|-damage|p2a: Suicune|91/100 slp
|
|-heal|p2a: Suicune|98/100 slp|[from] item: Leftovers
|-heal|p1a: Nessy|84/100|[from] item: Leftovers
|upkeep
|turn|22
|inactive|shitking has 240 seconds left.
|
|t:|1728773664
|cant|p2a: Suicune|slp
|move|p1a: Nessy|Heal Bell|p1a: Nessy
|-activate|p1a: Nessy|move: Heal Bell
|-curestatus|p1: Toddle|tox|[silent]
|
|-heal|p2a: Suicune|100/100 slp|[from] item: Leftovers
|-heal|p1a: Nessy|90/100|[from] item: Leftovers
|upkeep
|turn|23
|
|t:|1728773673
|cant|p2a: Suicune|slp
|move|p1a: Nessy|Perish Song|p1a: Nessy
|-start|p1a: Nessy|perish3|[silent]
|-start|p2a: Suicune|perish3|[silent]
|-fieldactivate|move: Perish Song
|
|-heal|p1a: Nessy|97/100|[from] item: Leftovers
|-start|p2a: Suicune|perish3
|-start|p1a: Nessy|perish3
|upkeep
|turn|24
|
|t:|1728773683
|switch|p1a: Billy|Umbreon, M, shiny|100/100
|-curestatus|p2a: Suicune|slp|[msg]
|move|p2a: Suicune|Ice Beam|p1a: Billy
|-damage|p1a: Billy|83/100
|
|-heal|p1a: Billy|89/100|[from] item: Leftovers
|-start|p2a: Suicune|perish2
|upkeep
|turn|25
|
|t:|1728773692
|switch|p2a: Salamence|Salamence, M|100/100
|-ability|p2a: Salamence|Intimidate|boost
|-unboost|p1a: Billy|atk|1
|move|p1a: Billy|Wish|p1a: Billy
|
|-heal|p1a: Billy|95/100|[from] item: Leftovers
|upkeep
|turn|26
|
|t:|1728773705
|switch|p1a: Nessy|Lapras, F|97/100
|move|p2a: Salamence|Earthquake|p1a: Nessy
|-damage|p1a: Nessy|64/100
|
|-heal|p1a: Nessy|100/100|[from] move: Wish|[wisher] Billy
|upkeep
|turn|27
|
|t:|1728773726
|switch|p2a: Suicune|Suicune|100/100
|switch|p1a: Bella|Weezing, F, shiny|100/100
|
|upkeep
|turn|28
|
|t:|1728773736
|move|p2a: Suicune|Surf|p1a: Bella
|-damage|p1a: Bella|44/100
|move|p1a: Bella|Will-O-Wisp|p2a: Suicune
|-status|p2a: Suicune|brn
|
|-damage|p2a: Suicune|88/100 brn|[from] brn
|-heal|p1a: Bella|50/100|[from] item: Leftovers
|upkeep
|turn|29
|
|t:|1728773746
|switch|p2a: Salamence|Salamence, M|100/100
|-ability|p2a: Salamence|Intimidate|boost
|-unboost|p1a: Bella|atk|1
|switch|p1a: Billy|Umbreon, M, shiny|95/100
|
|-heal|p1a: Billy|100/100|[from] item: Leftovers
|upkeep
|turn|30
|
|t:|1728773762
|switch|p2a: Metagross|Metagross|99/100
|move|p1a: Billy|Curse|p1a: Billy
|-unboost|p1a: Billy|spe|1
|-boost|p1a: Billy|atk|1
|-boost|p1a: Billy|def|1
|
|-heal|p2a: Metagross|100/100|[from] item: Leftovers
|upkeep
|turn|31
|
|t:|1728773769
|switch|p2a: Salamence|Salamence, M|100/100
|-ability|p2a: Salamence|Intimidate|boost
|-unboost|p1a: Billy|atk|1
|move|p1a: Billy|Wish|p1a: Billy
|
|upkeep
|turn|32
|
|t:|1728773778
|move|p2a: Salamence|Dragon Dance|p2a: Salamence
|-boost|p2a: Salamence|atk|1
|-boost|p2a: Salamence|spe|1
|move|p1a: Billy|Curse|p1a: Billy
|-unboost|p1a: Billy|spe|1
|-boost|p1a: Billy|atk|1
|-boost|p1a: Billy|def|1
|
|upkeep
|turn|33
|
|t:|1728773789
|move|p2a: Salamence|Hidden Power|p1a: Billy
|-damage|p1a: Billy|73/100
|move|p1a: Billy|Curse|p1a: Billy
|-unboost|p1a: Billy|spe|1
|-boost|p1a: Billy|atk|1
|-boost|p1a: Billy|def|1
|
|-heal|p1a: Billy|79/100|[from] item: Leftovers
|upkeep
|turn|34
|
|t:|1728773797
|move|p2a: Salamence|Hidden Power|p1a: Billy
|-damage|p1a: Billy|60/100
|move|p1a: Billy|Wish|p1a: Billy
|
|-heal|p1a: Billy|66/100|[from] item: Leftovers
|upkeep
|turn|35
|inactive|shitking has 270 seconds left.
|
|t:|1728773803
|move|p2a: Salamence|Hidden Power|p1a: Billy
|-damage|p1a: Billy|43/100
|move|p1a: Billy|Curse|p1a: Billy
|-unboost|p1a: Billy|spe|1
|-boost|p1a: Billy|atk|1
|-boost|p1a: Billy|def|1
|
|-heal|p1a: Billy|93/100|[from] move: Wish|[wisher] Billy
|-heal|p1a: Billy|99/100|[from] item: Leftovers
|upkeep
|turn|36
|
|t:|1728773812
|move|p2a: Salamence|Hidden Power|p1a: Billy
|-damage|p1a: Billy|81/100
|move|p1a: Billy|Shadow Ball|p2a: Salamence
|-damage|p2a: Salamence|41/100
|
|-heal|p2a: Salamence|47/100|[from] item: Leftovers
|-heal|p1a: Billy|88/100|[from] item: Leftovers
|upkeep
|turn|37
|
|t:|1728773831
|move|p2a: Salamence|Hidden Power|p1a: Billy
|-damage|p1a: Billy|71/100
|move|p1a: Billy|Shadow Ball|p2a: Salamence
|-damage|p2a: Salamence|0 fnt
|faint|p2a: Salamence
|
|t:|1728773836
|switch|p2a: Magneton|Magneton|32/100
|
|-heal|p1a: Billy|77/100|[from] item: Leftovers
|upkeep
|turn|38
|
|t:|1728773840
|move|p2a: Magneton|Toxic|p1a: Billy
|-status|p1a: Billy|tox
|move|p1a: Billy|Hidden Power|p2a: Magneton
|-supereffective|p2a: Magneton
|-damage|p2a: Magneton|0 fnt
|faint|p2a: Magneton
|inactive|shitking has 270 seconds left.
|
|t:|1728773877
|switch|p2a: Metagross|Metagross|100/100
|
|-heal|p1a: Billy|83/100 tox|[from] item: Leftovers
|-damage|p1a: Billy|77/100 tox|[from] psn
|upkeep
|turn|39
|
|t:|1728773887
|move|p2a: Metagross|Meteor Mash|p1a: Billy
|-damage|p1a: Billy|59/100 tox
|-boost|p2a: Metagross|atk|1
|move|p1a: Billy|Shadow Ball|p2a: Metagross
|-damage|p2a: Metagross|65/100
|
|-heal|p2a: Metagross|71/100|[from] item: Leftovers
|-heal|p1a: Billy|65/100 tox|[from] item: Leftovers
|-damage|p1a: Billy|53/100 tox|[from] psn
|upkeep
|turn|40
|
|t:|1728773907
|move|p2a: Metagross|Meteor Mash|p1a: Billy
|-damage|p1a: Billy|29/100 tox
|-boost|p2a: Metagross|atk|1
|move|p1a: Billy|Wish|p1a: Billy
|
|-heal|p2a: Metagross|77/100|[from] item: Leftovers
|-heal|p1a: Billy|35/100 tox|[from] item: Leftovers
|-damage|p1a: Billy|17/100 tox|[from] psn
|upkeep
|turn|41
|
|t:|1728773917
|move|p2a: Metagross|Earthquake|p1a: Billy
|-damage|p1a: Billy|0 fnt
|faint|p1a: Billy
|
|t:|1728773923
|switch|p1a: Bella|Weezing, F, shiny|50/100
|
|-heal|p1a: Bella|99/100|[from] move: Wish|[wisher] Billy
|-heal|p2a: Metagross|83/100|[from] item: Leftovers
|-heal|p1a: Bella|100/100|[from] item: Leftovers
|upkeep
|turn|42
|
|t:|1728773938
|switch|p1a: Toddle|Ampharos, M|53/100
|move|p2a: Metagross|Meteor Mash|p1a: Toddle
|-resisted|p1a: Toddle
|-crit|p1a: Toddle
|-damage|p1a: Toddle|0 fnt
|faint|p1a: Toddle
|
|t:|1728773952
|switch|p1a: Bella|Weezing, F, shiny|100/100
|
|-heal|p2a: Metagross|89/100|[from] item: Leftovers
|upkeep
|turn|43
|
|t:|1728773956
|move|p2a: Metagross|Meteor Mash|p1a: Bella
|-damage|p1a: Bella|0 fnt
|faint|p1a: Bella
|
|t:|1728773961
|switch|p1a: Milly|Espeon, F|100/100
|
|-heal|p2a: Metagross|95/100|[from] item: Leftovers
|upkeep
|turn|44
|
|t:|1728773974
|move|p1a: Milly|Substitute|p1a: Milly
|-start|p1a: Milly|Substitute
|-damage|p1a: Milly|76/100
|move|p2a: Metagross|Earthquake|p1a: Milly
|-end|p1a: Milly|Substitute
|
|-heal|p1a: Milly|82/100|[from] item: Leftovers
|-heal|p2a: Metagross|100/100|[from] item: Leftovers
|upkeep
|turn|45
|
|t:|1728773983
|move|p1a: Milly|Hidden Power|p2a: Metagross
|-damage|p2a: Metagross|74/100
|move|p2a: Metagross|Earthquake|p1a: Milly
|-damage|p1a: Milly|0 fnt
|faint|p1a: Milly
|c|☆honuacjs|gg
|c|☆honuacjs|the double raise is unfortunate
|c|☆honuacjs|hahahah
|-message|honuacjs forfeited.
|
|win|shitking

</script>
<script type="application/json" class="data" id="replaydata-smogtours-gen3ou-797861">
{"id":"smogtours-gen3ou-797861","format":"[Gen 3] OU","players":["honuacjs","shitking"],"uploadtime":1728774002,"views":89,"formatid":"gen3ou","rating":null,"private":0,"password":null}
</script>

<script defer src="js/replays.js?9d40a366"></script>
