<!DOCTYPE html>
<meta charset="utf-8" />
<meta name="viewport" content="width=device-width" />

<title>[Gen 3] OU: Hexmoonie vs. Ivoire - Replays - Pok&eacute;mon Showdown!</title>

<meta name="description" content="Watch a replay of a Pok&eacute;mon battle between Hexmoonie and Ivoire! Format: [Gen 3] OU; Date: Oct 14, 2024" />
<!--

Hey, you! Looking in the source for the replay log?

You can find them in JSON format, just add `.json` at the end of a replay URL.

https://replay.pokemonshowdown.com/gen7randomdoublesbattle-865046831.json

Or, if you only need the log itself, add `.log` instead:

https://replay.pokemonshowdown.com/gen7randomdoublesbattle-865046831.log

-->

<link rel="stylesheet" href="//pokemonshowdown.com/style/global.css?0.023195364461161105" />
<link rel="stylesheet" href="//play.pokemonshowdown.com/style/font-awesome.css?0.13261647063804238" />
<link rel="stylesheet" href="//play.pokemonshowdown.com/style/battle.css?0.8753245789963631" />
<link rel="stylesheet" href="//play.pokemonshowdown.com/style/utilichart.css?0.8627959624976733" />

<!-- Global site tag (gtag.js) - Google Analytics -->
<script async src="https://www.googletagmanager.com/gtag/js?id=UA-26211653-1"></script>
<script>
  window.dataLayer = window.dataLayer || [];
  function gtag(){dataLayer.push(arguments);}
  gtag('js', new Date());

  gtag('config', 'UA-26211653-1');
</script>
<!-- End Google Analytics -->
<!-- Venatus Ad Manager - Install in <HEAD> of page -->
	<script src="https://hb.vntsm.com/v3/live/ad-manager.min.js" type="text/javascript" data-site-id="642aba63ec9a7b11c3c9c1be" data-mode="scan" async></script>
<!-- / Venatus Ad Manager -->

<style>
	@media (max-width:820px) {
		.battle {
			margin: 0 auto;
		}
		.battle-log {
			margin: 7px auto 0;
			max-width: 640px;
			height: 300px;
			position: static;
		}
	}
	.optgroup {
		display: inline-block;
		line-height: 22px;
		font-size: 10pt;
	}
	.optgroup .button {
		height: 25px;
		padding-top: 0;
		padding-bottom: 0;
	}
	.optgroup button.button {
		padding-left: 12px;
		padding-right: 12px;
	}
	.linklist {
		list-style: none;
		margin: 0.5em 0;
		padding: 0;
	}
	.linklist li {
		padding: 2px 0;
	}
	.sidebar {
		float: left;
		width: 320px;
	}
	.bar-wrapper {
		max-width: 1100px;
		margin: 0 auto;
	}
	.bar-wrapper.has-sidebar {
		max-width: 1430px;
	}
	.mainbar {
		margin: 0;
		padding-right: 1px;
	}
	.mainbar.has-sidebar {
		margin-left: 330px;
	}
	@media (min-width: 1511px) {
		.sidebar {
			width: 400px;
		}
		.bar-wrapper.has-sidebar {
			max-width: 1510px;
		}
		.mainbar.has-sidebar {
			margin-left: 410px;
		}
	}
	.section.first-section {
		margin-top: 9px;
	}
	.blocklink small {
		white-space: normal;
	}
	.button {
		vertical-align: middle;
	}
	.replay-controls {
		padding-top: 10px;
	}
	.replay-controls h1 {
		font-size: 16pt;
		font-weight: normal;
		color: #CCC;
	}
	.pagelink {
		text-align: center;
	}
	.pagelink a {
		width: 150px;
	}
	.textbox, .button {
		font-size: 11pt;
		vertical-align: middle;
	}
	@media (max-width: 450px) {
		.button {
			font-size: 9pt;
		}
	}
</style>

<div>

	<header>
		<div class="nav-wrapper"><ul class="nav">
			<li><a class="button nav-first" href="//pokemonshowdown.com/"><img src="//pokemonshowdown.com/images/pokemonshowdownbeta.png" srcset="//pokemonshowdown.com/images/pokemonshowdownbeta.png 1x, //pokemonshowdown.com/images/pokemonshowdownbeta@2x.png 2x" alt="Pok&eacute;mon Showdown" width="146" height="44" /> Home</a></li>
			<li><a class="button" href="//pokemonshowdown.com/dex/">Pok&eacute;dex</a></li>
			<li><a class="button cur" href="/">Replays</a></li>
			<li><a class="button" href="//pokemonshowdown.com/ladder/">Ladder</a></li>
			<li><a class="button nav-last" href="//pokemonshowdown.com/forums/">Forum</a></li>
			<li><a class="button greenbutton nav-first nav-last" href="//play.pokemonshowdown.com/">Play</a></li>
		</ul></div>
	</header>

	<div class="main" id="main">

		<noscript><section class="section">You need to enable JavaScript to use this page; sorry!</section></noscript>

	</div>

</div>

<script defer nomodule src="//play.pokemonshowdown.com/js/lib/ps-polyfill.js"></script>
<script defer src="//play.pokemonshowdown.com/js/lib/preact.min.js"></script>

<script defer src="//play.pokemonshowdown.com/config/config.js?2bddbc15"></script>
<script defer src="//play.pokemonshowdown.com/js/lib/jquery-1.11.0.min.js"></script>
<script defer src="//play.pokemonshowdown.com/js/lib/html-sanitizer-minified.js"></script>
<script defer src="//play.pokemonshowdown.com/js/battle-sound.js"></script>
<script defer src="//play.pokemonshowdown.com/js/battledata.js?0.7209276989879541"></script>
<script defer src="//play.pokemonshowdown.com/data/pokedex-mini.js?0.6111056340867951"></script>
<script defer src="//play.pokemonshowdown.com/data/pokedex-mini-bw.js?0.3532142036491459"></script>
<script defer src="//play.pokemonshowdown.com/data/graphics.js?0.24223875632456182"></script>
<script defer src="//play.pokemonshowdown.com/data/pokedex.js?0.38839984266356864"></script>
<script defer src="//play.pokemonshowdown.com/data/moves.js?0.21866028504024015"></script>
<script defer src="//play.pokemonshowdown.com/data/abilities.js?0.2005157953846628"></script>
<script defer src="//play.pokemonshowdown.com/data/items.js?0.9894211263848525"></script>
<script defer src="//play.pokemonshowdown.com/data/teambuilder-tables.js?0.6008791140282215"></script>
<script defer src="//play.pokemonshowdown.com/js/battle-tooltips.js?0.7580118955022959"></script>
<script defer src="//play.pokemonshowdown.com/js/battle.js?0.6057722274234274"></script>

<script defer src="js/utils.js?e31f9a17"></script>
<script defer src="js/replays-battle.js?7008c182"></script>

<!-- don't scrape this data! just add .json or .log after the URL!
Full API docs: https://github.com/smogon/pokemon-showdown-client/blob/master/WEB-API.md -->
<script type="text/plain" class="log" id="replaylog-smogtours-gen3ou-798747">
|inactive|Battle timer is ON: inactive players will automatically lose when time's up.
|t:|1728937278
|gametype|singles
|player|p1|Hexmoonie|hexmaniac-gen6|
|player|p2|Ivoire|volkner-masters|
|teamsize|p1|6
|teamsize|p2|6
|gen|3
|tier|[Gen 3] OU
|rule|Sleep Clause Mod: Limit one foe put to sleep
|rule|Switch Priority Clause Mod: Faster Pokémon switch first
|rule|Species Clause: Limit one of each Pokémon
|rule|OHKO Clause: OHKO moves are banned
|rule|Evasion Items Clause: Evasion items are banned
|rule|Evasion Moves Clause: Evasion moves are banned
|rule|Endless Battle Clause: Forcing endless battles is banned
|rule|HP Percentage Mod: HP is shown in percentages
|rule|One Boost Passer Clause: Limit one Baton Passer that has a way to boost its stats
|rule|Freeze Clause Mod: Limit one foe frozen
|
|t:|1728937278
|start
|switch|p1a: Metagross|Metagross|100/100
|switch|p2a: Skarmory|Skarmory, F|100/100
|turn|1
|c|☆Ivoire|hf
|c|☆Hexmoonie|hf
|inactive|Hexmoonie has 270 seconds left.
|
|t:|1728937314
|switch|p1a: Breloom|Breloom, F|100/100
|move|p2a: Skarmory|Spikes|p1a: Breloom
|-sidestart|p1: Hexmoonie|Spikes
|
|upkeep
|turn|2
|inactive|Ivoire has 270 seconds left.
|inactive|Ivoire has 240 seconds left.
|
|t:|1728937382
|switch|p2a: Swampert|Swampert, M|100/100
|move|p1a: Breloom|Spore|p2a: Swampert
|-status|p2a: Swampert|slp|[from] move: Spore
|
|upkeep
|turn|3
|
|t:|1728937390
|-singleturn|p1a: Breloom|move: Focus Punch
|switch|p2a: Skarmory|Skarmory, F|100/100
|move|p1a: Breloom|Focus Punch|p2a: Skarmory
|-damage|p2a: Skarmory|37/100
|
|-heal|p2a: Skarmory|43/100|[from] item: Leftovers
|upkeep
|turn|4
|
|t:|1728937402
|move|p1a: Breloom|Brick Break|p2a: Skarmory
|-damage|p2a: Skarmory|12/100
|move|p2a: Skarmory|Drill Peck|p1a: Breloom
|-supereffective|p1a: Breloom
|-damage|p1a: Breloom|0 fnt
|faint|p1a: Breloom
|
|t:|1728937417
|switch|p1a: Suicune|Suicune|100/100
|-damage|p1a: Suicune|88/100|[from] Spikes
|
|-heal|p1a: Suicune|94/100|[from] item: Leftovers
|-heal|p2a: Skarmory|18/100|[from] item: Leftovers
|upkeep
|turn|5
|
|t:|1728937423
|switch|p2a: Celebi|Celebi|100/100
|move|p1a: Suicune|Calm Mind|p1a: Suicune
|-boost|p1a: Suicune|spa|1
|-boost|p1a: Suicune|spd|1
|
|-heal|p1a: Suicune|99/100|[from] item: Leftovers
|upkeep
|turn|6
|
|t:|1728937428
|move|p1a: Suicune|Ice Beam|p2a: Celebi
|-supereffective|p2a: Celebi
|-damage|p2a: Celebi|31/100
|move|p2a: Celebi|Leech Seed|p1a: Suicune
|-start|p1a: Suicune|move: Leech Seed
|
|-heal|p1a: Suicune|100/100|[from] item: Leftovers
|-damage|p1a: Suicune|88/100|[from] Leech Seed|[of] p2a: Celebi
|-heal|p2a: Celebi|41/100|[silent]
|-heal|p2a: Celebi|48/100|[from] item: Leftovers
|upkeep
|turn|7
|
|t:|1728937439
|switch|p2a: Blissey|Blissey, F|100/100
|move|p1a: Suicune|Hydro Pump|p2a: Blissey|[miss]
|-miss|p1a: Suicune|p2a: Blissey
|
|-heal|p1a: Suicune|94/100|[from] item: Leftovers
|-damage|p1a: Suicune|82/100|[from] Leech Seed|[of] p2a: Blissey
|upkeep
|turn|8
|
|t:|1728937445
|switch|p1a: Metagross|Metagross|100/100
|-damage|p1a: Metagross|88/100|[from] Spikes
|move|p2a: Blissey|Thunder Wave|p1a: Metagross
|-status|p1a: Metagross|par
|
|upkeep
|turn|9
|
|t:|1728937449
|switch|p2a: Swampert|Swampert, M|100/100 slp
|move|p1a: Metagross|Meteor Mash|p2a: Swampert
|-resisted|p2a: Swampert
|-damage|p2a: Swampert|72/100 slp
|
|-heal|p2a: Swampert|78/100 slp|[from] item: Leftovers
|upkeep
|turn|10
|
|t:|1728937463
|switch|p2a: Magneton|Magneton|100/100
|switch|p1a: Suicune|Suicune|82/100
|-damage|p1a: Suicune|69/100|[from] Spikes
|
|-heal|p1a: Suicune|75/100|[from] item: Leftovers
|upkeep
|turn|11
|
|t:|1728937481
|switch|p2a: Blissey|Blissey, F|100/100
|move|p1a: Suicune|Hydro Pump|p2a: Blissey
|-damage|p2a: Blissey|79/100
|
|-heal|p1a: Suicune|82/100|[from] item: Leftovers
|-heal|p2a: Blissey|85/100|[from] item: Leftovers
|upkeep
|turn|12
|
|t:|1728937487
|switch|p1a: Porygon2|Porygon2|100/100
|-damage|p1a: Porygon2|88/100|[from] Spikes
|-ability|p1a: Porygon2|Natural Cure|[from] ability: Trace|[of] p2a: Blissey
|move|p2a: Blissey|Thunder Wave|p1a: Porygon2
|-status|p1a: Porygon2|par
|
|-heal|p2a: Blissey|91/100|[from] item: Leftovers
|-heal|p1a: Porygon2|94/100 par|[from] item: Leftovers
|upkeep
|turn|13
|
|t:|1728937490
|move|p2a: Blissey|Aromatherapy|p2a: Blissey
|-cureteam|p2a: Blissey|[from] move: Aromatherapy
|move|p1a: Porygon2|Thunder Wave|p2a: Blissey
|-status|p2a: Blissey|par
|
|-heal|p2a: Blissey|97/100 par|[from] item: Leftovers
|-heal|p1a: Porygon2|100/100 par|[from] item: Leftovers
|upkeep
|turn|14
|
|t:|1728937503
|-curestatus|p1a: Porygon2|par|[from] ability: Natural Cure
|switch|p1a: Claydol|Claydol|100/100
|-curestatus|p2a: Blissey|par|[from] ability: Natural Cure
|switch|p2a: Celebi|Celebi|48/100
|
|-heal|p2a: Celebi|54/100|[from] item: Leftovers
|upkeep
|turn|15
|
|t:|1728937515
|move|p2a: Celebi|Recover|p2a: Celebi
|-heal|p2a: Celebi|100/100
|move|p1a: Claydol|Rapid Spin|p2a: Celebi
|-damage|p2a: Celebi|97/100
|-sideend|p1: Hexmoonie|Spikes|[from] move: Rapid Spin|[of] p1a: Claydol
|
|-heal|p2a: Celebi|100/100|[from] item: Leftovers
|upkeep
|turn|16
|
|t:|1728937526
|switch|p2a: Skarmory|Skarmory, F|18/100
|switch|p1a: Metagross|Metagross|88/100 par
|
|-heal|p2a: Skarmory|24/100|[from] item: Leftovers
|upkeep
|turn|17
|
|t:|1728937539
|move|p2a: Skarmory|Protect|p2a: Skarmory
|-singleturn|p2a: Skarmory|Protect
|move|p1a: Metagross|Meteor Mash|p2a: Skarmory
|-activate|p2a: Skarmory|Protect
|
|-heal|p2a: Skarmory|30/100|[from] item: Leftovers
|upkeep
|turn|18
|
|t:|1728937559
|switch|p2a: Magneton|Magneton|100/100
|move|p1a: Metagross|Meteor Mash|p2a: Magneton
|-resisted|p2a: Magneton
|-damage|p2a: Magneton|72/100
|-boost|p1a: Metagross|atk|1
|
|upkeep
|turn|19
|
|t:|1728937563
|move|p2a: Magneton|Thunderbolt|p1a: Metagross
|-damage|p1a: Metagross|25/100 par
|move|p1a: Metagross|Meteor Mash|p2a: Magneton
|-resisted|p2a: Magneton
|-damage|p2a: Magneton|22/100
|
|upkeep
|turn|20
|
|t:|1728937570
|move|p2a: Magneton|Thunderbolt|p1a: Metagross
|-crit|p1a: Metagross
|-damage|p1a: Metagross|0 fnt
|faint|p1a: Metagross
|
|t:|1728937574
|switch|p1a: Raikou|Raikou|100/100
|
|upkeep
|turn|21
|
|t:|1728937579
|switch|p2a: Celebi|Celebi|100/100
|move|p1a: Raikou|Substitute|p1a: Raikou
|-start|p1a: Raikou|Substitute
|-damage|p1a: Raikou|76/100
|
|-heal|p1a: Raikou|82/100|[from] item: Leftovers
|upkeep
|turn|22
|
|t:|1728937585
|move|p1a: Raikou|Calm Mind|p1a: Raikou
|-boost|p1a: Raikou|spa|1
|-boost|p1a: Raikou|spd|1
|move|p2a: Celebi|Perish Song|p2a: Celebi
|-start|p1a: Raikou|perish3|[silent]
|-start|p2a: Celebi|perish3|[silent]
|-fieldactivate|move: Perish Song
|
|-heal|p1a: Raikou|88/100|[from] item: Leftovers
|-start|p1a: Raikou|perish3
|-start|p2a: Celebi|perish3
|upkeep
|turn|23
|
|t:|1728937593
|switch|p1a: Porygon2|Porygon2|100/100
|-ability|p1a: Porygon2|Natural Cure|[from] ability: Trace|[of] p2a: Celebi
|switch|p2a: Blissey|Blissey, F|97/100
|
|-heal|p2a: Blissey|100/100|[from] item: Leftovers
|upkeep
|turn|24
|
|t:|1728937601
|switch|p1a: Claydol|Claydol|100/100
|move|p2a: Blissey|Thunder Wave|p1a: Claydol
|-immune|p1a: Claydol
|
|upkeep
|turn|25
|
|t:|1728937607
|move|p1a: Claydol|Earthquake|p2a: Blissey
|-damage|p2a: Blissey|66/100
|move|p2a: Blissey|Thunder Wave|p1a: Claydol
|-immune|p1a: Claydol
|
|-heal|p2a: Blissey|72/100|[from] item: Leftovers
|upkeep
|turn|26
|
|t:|1728937625
|switch|p1a: Suicune|Suicune|82/100
|switch|p2a: Skarmory|Skarmory, F|30/100
|
|-heal|p1a: Suicune|88/100|[from] item: Leftovers
|-heal|p2a: Skarmory|36/100|[from] item: Leftovers
|upkeep
|turn|27
|
|t:|1728937630
|switch|p2a: Blissey|Blissey, F|72/100
|move|p1a: Suicune|Hydro Pump|p2a: Blissey
|-damage|p2a: Blissey|53/100
|
|-heal|p1a: Suicune|94/100|[from] item: Leftovers
|-heal|p2a: Blissey|59/100|[from] item: Leftovers
|upkeep
|turn|28
|
|t:|1728937635
|switch|p1a: Claydol|Claydol|100/100
|move|p2a: Blissey|Thunder Wave|p1a: Claydol
|-immune|p1a: Claydol
|
|-heal|p2a: Blissey|65/100|[from] item: Leftovers
|upkeep
|turn|29
|
|t:|1728937639
|move|p1a: Claydol|Explosion|p2a: Blissey
|-damage|p2a: Blissey|0 fnt
|faint|p1a: Claydol
|faint|p2a: Blissey
|
|t:|1728937655
|switch|p1a: Porygon2|Porygon2|100/100
|switch|p2a: Celebi|Celebi|100/100
|-ability|p1a: Porygon2|Natural Cure|[from] ability: Trace|[of] p2a: Celebi
|
|upkeep
|turn|30
|
|t:|1728937659
|move|p2a: Celebi|Leech Seed|p1a: Porygon2
|-start|p1a: Porygon2|move: Leech Seed
|move|p1a: Porygon2|Thunder Wave|p2a: Celebi
|-status|p2a: Celebi|par
|
|-damage|p1a: Porygon2|88/100|[from] Leech Seed|[of] p2a: Celebi
|upkeep
|turn|31
|
|t:|1728937669
|-curestatus|p2a: Celebi|par|[from] ability: Natural Cure
|switch|p2a: Swampert|Swampert, M|78/100
|move|p1a: Porygon2|Ice Beam|p2a: Swampert
|-crit|p2a: Swampert
|-damage|p2a: Swampert|35/100
|-status|p2a: Swampert|frz
|
|-heal|p1a: Porygon2|94/100|[from] item: Leftovers
|-damage|p1a: Porygon2|82/100|[from] Leech Seed|[of] p2a: Swampert
|-heal|p2a: Swampert|47/100 frz|[silent]
|-heal|p2a: Swampert|53/100 frz|[from] item: Leftovers
|upkeep
|turn|32
|
|t:|1728937676
|switch|p1a: Raikou|Raikou|88/100
|cant|p2a: Swampert|frz
|
|-heal|p1a: Raikou|94/100|[from] item: Leftovers
|-heal|p2a: Swampert|59/100 frz|[from] item: Leftovers
|upkeep
|turn|33
|
|t:|1728937680
|switch|p2a: Celebi|Celebi|100/100
|move|p1a: Raikou|Substitute|p1a: Raikou
|-start|p1a: Raikou|Substitute
|-damage|p1a: Raikou|69/100
|
|-heal|p1a: Raikou|76/100|[from] item: Leftovers
|upkeep
|turn|34
|
|t:|1728937684
|switch|p1a: Suicune|Suicune|94/100
|move|p2a: Celebi|Perish Song|p2a: Celebi
|-start|p1a: Suicune|perish3|[silent]
|-start|p2a: Celebi|perish3|[silent]
|-fieldactivate|move: Perish Song
|
|-heal|p1a: Suicune|99/100|[from] item: Leftovers
|-start|p1a: Suicune|perish3
|-start|p2a: Celebi|perish3
|upkeep
|turn|35
|
|t:|1728937688
|move|p1a: Suicune|Calm Mind|p1a: Suicune
|-boost|p1a: Suicune|spa|1
|-boost|p1a: Suicune|spd|1
|move|p2a: Celebi|Leech Seed|p1a: Suicune
|-start|p1a: Suicune|move: Leech Seed
|
|-heal|p1a: Suicune|100/100|[from] item: Leftovers
|-damage|p1a: Suicune|88/100|[from] Leech Seed|[of] p2a: Celebi
|-start|p1a: Suicune|perish2
|-start|p2a: Celebi|perish2
|upkeep
|turn|36
|
|t:|1728937693
|move|p1a: Suicune|Ice Beam|p2a: Celebi
|-supereffective|p2a: Celebi
|-damage|p2a: Celebi|37/100
|move|p2a: Celebi|Recover|p2a: Celebi
|-heal|p2a: Celebi|87/100
|
|-heal|p1a: Suicune|94/100|[from] item: Leftovers
|-damage|p1a: Suicune|82/100|[from] Leech Seed|[of] p2a: Celebi
|-heal|p2a: Celebi|97/100|[silent]
|-heal|p2a: Celebi|100/100|[from] item: Leftovers
|-start|p1a: Suicune|perish1
|-start|p2a: Celebi|perish1
|upkeep
|turn|37
|
|t:|1728937698
|switch|p1a: Porygon2|Porygon2|82/100
|-ability|p1a: Porygon2|Natural Cure|[from] ability: Trace|[of] p2a: Celebi
|switch|p2a: Aerodactyl|Aerodactyl, M|100/100
|
|-heal|p1a: Porygon2|88/100|[from] item: Leftovers
|upkeep
|turn|38
|
|t:|1728937705
|switch|p2a: Swampert|Swampert, M|59/100 frz
|move|p1a: Porygon2|Thunder Wave|p2a: Swampert
|-immune|p2a: Swampert
|
|-heal|p1a: Porygon2|94/100|[from] item: Leftovers
|-heal|p2a: Swampert|65/100 frz|[from] item: Leftovers
|upkeep
|turn|39
|
|t:|1728937710
|switch|p1a: Suicune|Suicune|82/100
|cant|p2a: Swampert|frz
|
|-heal|p1a: Suicune|88/100|[from] item: Leftovers
|-heal|p2a: Swampert|72/100 frz|[from] item: Leftovers
|upkeep
|turn|40
|
|t:|1728937715
|switch|p2a: Celebi|Celebi|100/100
|move|p1a: Suicune|Calm Mind|p1a: Suicune
|-boost|p1a: Suicune|spa|1
|-boost|p1a: Suicune|spd|1
|
|-heal|p1a: Suicune|94/100|[from] item: Leftovers
|upkeep
|turn|41
|
|t:|1728937725
|move|p1a: Suicune|Ice Beam|p2a: Celebi
|-supereffective|p2a: Celebi
|-damage|p2a: Celebi|33/100
|move|p2a: Celebi|Leech Seed|p1a: Suicune
|-start|p1a: Suicune|move: Leech Seed
|
|-heal|p1a: Suicune|99/100|[from] item: Leftovers
|-damage|p1a: Suicune|88/100|[from] Leech Seed|[of] p2a: Celebi
|-heal|p2a: Celebi|44/100|[silent]
|-heal|p2a: Celebi|50/100|[from] item: Leftovers
|upkeep
|turn|42
|
|t:|1728937732
|switch|p2a: Magneton|Magneton|22/100
|move|p1a: Suicune|Ice Beam|p2a: Magneton
|-resisted|p2a: Magneton
|-damage|p2a: Magneton|0 fnt
|faint|p2a: Magneton
|
|t:|1728937734
|switch|p2a: Aerodactyl|Aerodactyl, M|100/100
|
|-heal|p1a: Suicune|94/100|[from] item: Leftovers
|-damage|p1a: Suicune|81/100|[from] Leech Seed|[of] p2a: Aerodactyl
|upkeep
|turn|43
|
|t:|1728937741
|move|p2a: Aerodactyl|Rock Slide|p1a: Suicune
|-damage|p1a: Suicune|36/100
|cant|p1a: Suicune|flinch
|
|-heal|p1a: Suicune|42/100|[from] item: Leftovers
|-damage|p1a: Suicune|30/100|[from] Leech Seed|[of] p2a: Aerodactyl
|upkeep
|turn|44
|
|t:|1728937747
|switch|p1a: Porygon2|Porygon2|94/100
|-ability|p1a: Porygon2|Rock Head|[from] ability: Trace|[of] p2a: Aerodactyl
|move|p2a: Aerodactyl|Rock Slide|p1a: Porygon2
|-damage|p1a: Porygon2|53/100
|
|-heal|p1a: Porygon2|59/100|[from] item: Leftovers
|upkeep
|turn|45
|
|t:|1728937753
|switch|p2a: Celebi|Celebi|50/100
|move|p1a: Porygon2|Recover|p1a: Porygon2
|-heal|p1a: Porygon2|100/100
|
|-heal|p2a: Celebi|56/100|[from] item: Leftovers
|upkeep
|turn|46
|
|t:|1728937756
|move|p2a: Celebi|Recover|p2a: Celebi
|-heal|p2a: Celebi|100/100
|move|p1a: Porygon2|Ice Beam|p2a: Celebi
|-supereffective|p2a: Celebi
|-damage|p2a: Celebi|67/100
|
|-heal|p2a: Celebi|74/100|[from] item: Leftovers
|upkeep
|turn|47
|
|t:|1728937760
|move|p2a: Celebi|Hidden Power|p1a: Porygon2
|-damage|p1a: Porygon2|79/100
|move|p1a: Porygon2|Ice Beam|p2a: Celebi
|-supereffective|p2a: Celebi
|-damage|p2a: Celebi|37/100
|
|-heal|p2a: Celebi|44/100|[from] item: Leftovers
|-heal|p1a: Porygon2|86/100|[from] item: Leftovers
|upkeep
|turn|48
|
|t:|1728937766
|move|p2a: Celebi|Recover|p2a: Celebi
|-heal|p2a: Celebi|94/100
|move|p1a: Porygon2|Ice Beam|p2a: Celebi
|-supereffective|p2a: Celebi
|-damage|p2a: Celebi|59/100
|
|-heal|p2a: Celebi|65/100|[from] item: Leftovers
|-heal|p1a: Porygon2|92/100|[from] item: Leftovers
|upkeep
|turn|49
|
|t:|1728937771
|move|p2a: Celebi|Leech Seed|p1a: Porygon2
|-start|p1a: Porygon2|move: Leech Seed
|move|p1a: Porygon2|Ice Beam|p2a: Celebi
|-supereffective|p2a: Celebi
|-damage|p2a: Celebi|27/100
|
|-heal|p2a: Celebi|33/100|[from] item: Leftovers
|-heal|p1a: Porygon2|98/100|[from] item: Leftovers
|-damage|p1a: Porygon2|86/100|[from] Leech Seed|[of] p2a: Celebi
|-heal|p2a: Celebi|45/100|[silent]
|upkeep
|turn|50
|
|t:|1728937776
|move|p2a: Celebi|Recover|p2a: Celebi
|-heal|p2a: Celebi|95/100
|move|p1a: Porygon2|Ice Beam|p2a: Celebi
|-supereffective|p2a: Celebi
|-damage|p2a: Celebi|58/100
|
|-heal|p2a: Celebi|64/100|[from] item: Leftovers
|-heal|p1a: Porygon2|92/100|[from] item: Leftovers
|-damage|p1a: Porygon2|79/100|[from] Leech Seed|[of] p2a: Celebi
|-heal|p2a: Celebi|75/100|[silent]
|upkeep
|turn|51
|
|t:|1728937780
|move|p2a: Celebi|Hidden Power|p1a: Porygon2
|-damage|p1a: Porygon2|59/100
|move|p1a: Porygon2|Ice Beam|p2a: Celebi
|-supereffective|p2a: Celebi
|-damage|p2a: Celebi|37/100
|
|-heal|p2a: Celebi|43/100|[from] item: Leftovers
|-heal|p1a: Porygon2|65/100|[from] item: Leftovers
|-damage|p1a: Porygon2|53/100|[from] Leech Seed|[of] p2a: Celebi
|-heal|p2a: Celebi|55/100|[silent]
|upkeep
|turn|52
|
|t:|1728937783
|move|p2a: Celebi|Hidden Power|p1a: Porygon2
|-damage|p1a: Porygon2|30/100
|move|p1a: Porygon2|Recover|p1a: Porygon2
|-heal|p1a: Porygon2|80/100
|
|-heal|p2a: Celebi|61/100|[from] item: Leftovers
|-heal|p1a: Porygon2|86/100|[from] item: Leftovers
|-damage|p1a: Porygon2|74/100|[from] Leech Seed|[of] p2a: Celebi
|-heal|p2a: Celebi|72/100|[silent]
|upkeep
|turn|53
|
|t:|1728937788
|move|p2a: Celebi|Hidden Power|p1a: Porygon2
|-damage|p1a: Porygon2|52/100
|move|p1a: Porygon2|Recover|p1a: Porygon2
|-heal|p1a: Porygon2|100/100
|
|-heal|p2a: Celebi|78/100|[from] item: Leftovers
|-damage|p1a: Porygon2|88/100|[from] Leech Seed|[of] p2a: Celebi
|-heal|p2a: Celebi|90/100|[silent]
|upkeep
|turn|54
|
|t:|1728937792
|move|p2a: Celebi|Hidden Power|p1a: Porygon2
|-damage|p1a: Porygon2|67/100
|move|p1a: Porygon2|Ice Beam|p2a: Celebi
|-supereffective|p2a: Celebi
|-damage|p2a: Celebi|57/100
|
|-heal|p2a: Celebi|63/100|[from] item: Leftovers
|-heal|p1a: Porygon2|73/100|[from] item: Leftovers
|-damage|p1a: Porygon2|61/100|[from] Leech Seed|[of] p2a: Celebi
|-heal|p2a: Celebi|74/100|[silent]
|upkeep
|turn|55
|
|t:|1728937796
|move|p2a: Celebi|Hidden Power|p1a: Porygon2
|-damage|p1a: Porygon2|39/100
|move|p1a: Porygon2|Recover|p1a: Porygon2
|-heal|p1a: Porygon2|89/100
|
|-heal|p2a: Celebi|80/100|[from] item: Leftovers
|-heal|p1a: Porygon2|95/100|[from] item: Leftovers
|-damage|p1a: Porygon2|83/100|[from] Leech Seed|[of] p2a: Celebi
|-heal|p2a: Celebi|92/100|[silent]
|upkeep
|turn|56
|
|t:|1728937805
|move|p2a: Celebi|Hidden Power|p1a: Porygon2
|-damage|p1a: Porygon2|61/100
|move|p1a: Porygon2|Thunder Wave|p2a: Celebi
|-status|p2a: Celebi|par
|
|-heal|p1a: Porygon2|67/100|[from] item: Leftovers
|-damage|p1a: Porygon2|55/100|[from] Leech Seed|[of] p2a: Celebi
|-heal|p2a: Celebi|100/100 par|[silent]
|upkeep
|turn|57
|
|t:|1728937809
|-curestatus|p2a: Celebi|par|[from] ability: Natural Cure
|switch|p2a: Swampert|Swampert, M|72/100 frz
|move|p1a: Porygon2|Recover|p1a: Porygon2
|-heal|p1a: Porygon2|100/100
|
|-damage|p1a: Porygon2|88/100|[from] Leech Seed|[of] p2a: Swampert
|-heal|p2a: Swampert|83/100 frz|[silent]
|-heal|p2a: Swampert|89/100 frz|[from] item: Leftovers
|upkeep
|turn|58
|
|t:|1728937822
|switch|p1a: Suicune|Suicune|30/100
|switch|p2a: Aerodactyl|Aerodactyl, M|100/100
|
|-heal|p1a: Suicune|36/100|[from] item: Leftovers
|upkeep
|turn|59
|
|t:|1728937847
|switch|p1a: Porygon2|Porygon2|88/100
|-ability|p1a: Porygon2|Rock Head|[from] ability: Trace|[of] p2a: Aerodactyl
|move|p2a: Aerodactyl|Double-Edge|p1a: Porygon2
|-damage|p1a: Porygon2|43/100
|
|-heal|p1a: Porygon2|49/100|[from] item: Leftovers
|upkeep
|turn|60
|
|t:|1728937858
|switch|p2a: Celebi|Celebi|100/100
|move|p1a: Porygon2|Thunder Wave|p2a: Celebi
|-status|p2a: Celebi|par
|
|-heal|p1a: Porygon2|56/100|[from] item: Leftovers
|upkeep
|turn|61
|
|t:|1728937862
|move|p1a: Porygon2|Recover|p1a: Porygon2
|-heal|p1a: Porygon2|100/100
|move|p2a: Celebi|Leech Seed|p1a: Porygon2
|-start|p1a: Porygon2|move: Leech Seed
|
|-damage|p1a: Porygon2|88/100|[from] Leech Seed|[of] p2a: Celebi
|upkeep
|turn|62
|
|t:|1728937866
|move|p1a: Porygon2|Ice Beam|p2a: Celebi
|-supereffective|p2a: Celebi
|-damage|p2a: Celebi|67/100 par
|move|p2a: Celebi|Hidden Power|p1a: Porygon2
|-damage|p1a: Porygon2|68/100
|
|-heal|p1a: Porygon2|74/100|[from] item: Leftovers
|-damage|p1a: Porygon2|61/100|[from] Leech Seed|[of] p2a: Celebi
|-heal|p2a: Celebi|79/100 par|[silent]
|-heal|p2a: Celebi|85/100 par|[from] item: Leftovers
|upkeep
|turn|63
|
|t:|1728937870
|move|p1a: Porygon2|Recover|p1a: Porygon2
|-heal|p1a: Porygon2|100/100
|move|p2a: Celebi|Hidden Power|p1a: Porygon2
|-damage|p1a: Porygon2|79/100
|
|-heal|p1a: Porygon2|85/100|[from] item: Leftovers
|-damage|p1a: Porygon2|73/100|[from] Leech Seed|[of] p2a: Celebi
|-heal|p2a: Celebi|96/100 par|[silent]
|-heal|p2a: Celebi|100/100 par|[from] item: Leftovers
|upkeep
|turn|64
|
|t:|1728937874
|switch|p1a: Raikou|Raikou|76/100
|-curestatus|p2a: Celebi|par|[from] ability: Natural Cure
|switch|p2a: Skarmory|Skarmory, F|36/100
|
|-heal|p1a: Raikou|82/100|[from] item: Leftovers
|-heal|p2a: Skarmory|42/100|[from] item: Leftovers
|upkeep
|turn|65
|
|t:|1728937881
|switch|p2a: Celebi|Celebi|100/100
|move|p1a: Raikou|Substitute|p1a: Raikou
|-start|p1a: Raikou|Substitute
|-damage|p1a: Raikou|57/100
|
|-heal|p1a: Raikou|63/100|[from] item: Leftovers
|upkeep
|turn|66
|
|t:|1728937900
|switch|p1a: Porygon2|Porygon2|73/100
|-ability|p1a: Porygon2|Natural Cure|[from] ability: Trace|[of] p2a: Celebi
|move|p2a: Celebi|Perish Song|p2a: Celebi
|-start|p1a: Porygon2|perish3|[silent]
|-start|p2a: Celebi|perish3|[silent]
|-fieldactivate|move: Perish Song
|
|-heal|p1a: Porygon2|79/100|[from] item: Leftovers
|-start|p2a: Celebi|perish3
|-start|p1a: Porygon2|perish3
|upkeep
|turn|67
|
|t:|1728937911
|move|p2a: Celebi|Leech Seed|p1a: Porygon2
|-start|p1a: Porygon2|move: Leech Seed
|move|p1a: Porygon2|Ice Beam|p2a: Celebi
|-supereffective|p2a: Celebi
|-damage|p2a: Celebi|62/100
|
|-heal|p2a: Celebi|69/100|[from] item: Leftovers
|-heal|p1a: Porygon2|85/100|[from] item: Leftovers
|-damage|p1a: Porygon2|73/100|[from] Leech Seed|[of] p2a: Celebi
|-heal|p2a: Celebi|80/100|[silent]
|-start|p2a: Celebi|perish2
|-start|p1a: Porygon2|perish2
|upkeep
|turn|68
|
|t:|1728937920
|switch|p2a: Skarmory|Skarmory, F|42/100
|move|p1a: Porygon2|Recover|p1a: Porygon2
|-heal|p1a: Porygon2|100/100
|
|-heal|p2a: Skarmory|48/100|[from] item: Leftovers
|-damage|p1a: Porygon2|88/100|[from] Leech Seed|[of] p2a: Skarmory
|-heal|p2a: Skarmory|62/100|[silent]
|-start|p1a: Porygon2|perish1
|upkeep
|turn|69
|
|t:|1728937924
|switch|p1a: Raikou|Raikou|63/100
|move|p2a: Skarmory|Spikes|p1a: Raikou
|-sidestart|p1: Hexmoonie|Spikes
|
|-heal|p1a: Raikou|69/100|[from] item: Leftovers
|-heal|p2a: Skarmory|68/100|[from] item: Leftovers
|upkeep
|turn|70
|
|t:|1728937927
|move|p1a: Raikou|Thunderbolt|p2a: Skarmory
|-supereffective|p2a: Skarmory
|-damage|p2a: Skarmory|0 fnt
|faint|p2a: Skarmory
|
|t:|1728937932
|switch|p2a: Aerodactyl|Aerodactyl, M|100/100
|
|-heal|p1a: Raikou|76/100|[from] item: Leftovers
|upkeep
|turn|71
|
|t:|1728937944
|switch|p1a: Suicune|Suicune|36/100
|-damage|p1a: Suicune|23/100|[from] Spikes
|move|p2a: Aerodactyl|Double-Edge|p1a: Suicune
|-damage|p1a: Suicune|0 fnt
|faint|p1a: Suicune
|
|t:|1728937948
|switch|p1a: Porygon2|Porygon2|88/100
|-damage|p1a: Porygon2|76/100|[from] Spikes
|-ability|p1a: Porygon2|Rock Head|[from] ability: Trace|[of] p2a: Aerodactyl
|
|-heal|p1a: Porygon2|82/100|[from] item: Leftovers
|upkeep
|turn|72
|
|t:|1728937956
|switch|p2a: Celebi|Celebi|80/100
|move|p1a: Porygon2|Ice Beam|p2a: Celebi
|-supereffective|p2a: Celebi
|-damage|p2a: Celebi|45/100
|
|-heal|p2a: Celebi|51/100|[from] item: Leftovers
|-heal|p1a: Porygon2|88/100|[from] item: Leftovers
|upkeep
|turn|73
|
|t:|1728937961
|move|p2a: Celebi|Leech Seed|p1a: Porygon2
|-start|p1a: Porygon2|move: Leech Seed
|move|p1a: Porygon2|Ice Beam|p2a: Celebi
|-supereffective|p2a: Celebi
|-damage|p2a: Celebi|13/100
|
|-heal|p2a: Celebi|19/100|[from] item: Leftovers
|-heal|p1a: Porygon2|94/100|[from] item: Leftovers
|-damage|p1a: Porygon2|82/100|[from] Leech Seed|[of] p2a: Celebi
|-heal|p2a: Celebi|30/100|[silent]
|upkeep
|turn|74
|
|t:|1728937968
|move|p2a: Celebi|Recover|p2a: Celebi
|-heal|p2a: Celebi|80/100
|move|p1a: Porygon2|Ice Beam|p2a: Celebi
|-supereffective|p2a: Celebi
|-damage|p2a: Celebi|45/100
|
|-heal|p2a: Celebi|51/100|[from] item: Leftovers
|-heal|p1a: Porygon2|88/100|[from] item: Leftovers
|-damage|p1a: Porygon2|76/100|[from] Leech Seed|[of] p2a: Celebi
|-heal|p2a: Celebi|63/100|[silent]
|upkeep
|turn|75
|
|t:|1728937974
|switch|p2a: Swampert|Swampert, M|89/100 frz
|move|p1a: Porygon2|Thunder Wave|p2a: Swampert
|-immune|p2a: Swampert
|
|-heal|p1a: Porygon2|82/100|[from] item: Leftovers
|-damage|p1a: Porygon2|70/100|[from] Leech Seed|[of] p2a: Swampert
|-heal|p2a: Swampert|100/100 frz|[silent]
|upkeep
|turn|76
|
|t:|1728937977
|switch|p1a: Raikou|Raikou|76/100
|-damage|p1a: Raikou|63/100|[from] Spikes
|cant|p2a: Swampert|frz
|
|-heal|p1a: Raikou|69/100|[from] item: Leftovers
|upkeep
|turn|77
|
|t:|1728937986
|move|p1a: Raikou|Hidden Power|p2a: Swampert
|-supereffective|p2a: Swampert
|-damage|p2a: Swampert|15/100 frz
|cant|p2a: Swampert|frz
|
|-heal|p1a: Raikou|76/100|[from] item: Leftovers
|-heal|p2a: Swampert|21/100 frz|[from] item: Leftovers
|upkeep
|turn|78
|
|t:|1728937991
|move|p1a: Raikou|Thunderbolt|p2a: Swampert
|-immune|p2a: Swampert
|cant|p2a: Swampert|frz
|
|-heal|p1a: Raikou|82/100|[from] item: Leftovers
|-heal|p2a: Swampert|27/100 frz|[from] item: Leftovers
|upkeep
|turn|79
|
|t:|1728937999
|switch|p2a: Celebi|Celebi|63/100
|move|p1a: Raikou|Substitute|p1a: Raikou
|-start|p1a: Raikou|Substitute
|-damage|p1a: Raikou|57/100
|
|-heal|p1a: Raikou|63/100|[from] item: Leftovers
|-heal|p2a: Celebi|69/100|[from] item: Leftovers
|upkeep
|turn|80
|
|t:|1728938003
|move|p1a: Raikou|Calm Mind|p1a: Raikou
|-boost|p1a: Raikou|spa|1
|-boost|p1a: Raikou|spd|1
|move|p2a: Celebi|Hidden Power|p1a: Raikou
|-activate|p1a: Raikou|Substitute|[damage]
|
|-heal|p1a: Raikou|69/100|[from] item: Leftovers
|-heal|p2a: Celebi|75/100|[from] item: Leftovers
|upkeep
|turn|81
|
|t:|1728938027
|move|p1a: Raikou|Thunderbolt|p2a: Celebi
|-resisted|p2a: Celebi
|-damage|p2a: Celebi|49/100
|move|p2a: Celebi|Perish Song|p2a: Celebi
|-start|p1a: Raikou|perish3|[silent]
|-start|p2a: Celebi|perish3|[silent]
|-fieldactivate|move: Perish Song
|
|-heal|p1a: Raikou|76/100|[from] item: Leftovers
|-heal|p2a: Celebi|55/100|[from] item: Leftovers
|-start|p1a: Raikou|perish3
|-start|p2a: Celebi|perish3
|upkeep
|turn|82
|
|t:|1728938031
|move|p1a: Raikou|Thunderbolt|p2a: Celebi
|-resisted|p2a: Celebi
|-damage|p2a: Celebi|30/100
|move|p2a: Celebi|Recover|p2a: Celebi
|-heal|p2a: Celebi|80/100
|
|-heal|p1a: Raikou|82/100|[from] item: Leftovers
|-heal|p2a: Celebi|86/100|[from] item: Leftovers
|-start|p1a: Raikou|perish2
|-start|p2a: Celebi|perish2
|upkeep
|turn|83
|
|t:|1728938037
|move|p1a: Raikou|Thunderbolt|p2a: Celebi
|-resisted|p2a: Celebi
|-damage|p2a: Celebi|58/100
|move|p2a: Celebi|Leech Seed||[still]
|-fail|p2a: Celebi
|
|-heal|p1a: Raikou|88/100|[from] item: Leftovers
|-heal|p2a: Celebi|65/100|[from] item: Leftovers
|-start|p1a: Raikou|perish1
|-start|p2a: Celebi|perish1
|upkeep
|turn|84
|
|t:|1728938043
|switch|p1a: Porygon2|Porygon2|70/100
|-damage|p1a: Porygon2|57/100|[from] Spikes
|-ability|p1a: Porygon2|Natural Cure|[from] ability: Trace|[of] p2a: Celebi
|switch|p2a: Aerodactyl|Aerodactyl, M|100/100
|
|-heal|p1a: Porygon2|64/100|[from] item: Leftovers
|upkeep
|turn|85
|
|t:|1728938050
|move|p2a: Aerodactyl|Rock Slide|p1a: Porygon2
|-damage|p1a: Porygon2|25/100
|cant|p1a: Porygon2|flinch
|
|-heal|p1a: Porygon2|31/100|[from] item: Leftovers
|upkeep
|turn|86
|
|t:|1728938057
|move|p2a: Aerodactyl|Rock Slide|p1a: Porygon2
|-damage|p1a: Porygon2|0 fnt
|faint|p1a: Porygon2
|
|t:|1728938065
|switch|p1a: Raikou|Raikou|88/100
|-damage|p1a: Raikou|76/100|[from] Spikes
|
|-heal|p1a: Raikou|82/100|[from] item: Leftovers
|upkeep
|turn|87
|
|t:|1728938071
|switch|p2a: Celebi|Celebi|65/100
|move|p1a: Raikou|Substitute|p1a: Raikou
|-start|p1a: Raikou|Substitute
|-damage|p1a: Raikou|57/100
|
|-heal|p1a: Raikou|63/100|[from] item: Leftovers
|-heal|p2a: Celebi|71/100|[from] item: Leftovers
|upkeep
|turn|88
|
|t:|1728938075
|move|p1a: Raikou|Calm Mind|p1a: Raikou
|-boost|p1a: Raikou|spa|1
|-boost|p1a: Raikou|spd|1
|move|p2a: Celebi|Perish Song|p2a: Celebi
|-start|p1a: Raikou|perish3|[silent]
|-start|p2a: Celebi|perish3|[silent]
|-fieldactivate|move: Perish Song
|
|-heal|p1a: Raikou|69/100|[from] item: Leftovers
|-heal|p2a: Celebi|77/100|[from] item: Leftovers
|-start|p1a: Raikou|perish3
|-start|p2a: Celebi|perish3
|upkeep
|turn|89
|
|t:|1728938082
|move|p1a: Raikou|Calm Mind|p1a: Raikou
|-boost|p1a: Raikou|spa|1
|-boost|p1a: Raikou|spd|1
|move|p2a: Celebi|Recover|p2a: Celebi
|-heal|p2a: Celebi|100/100
|
|-heal|p1a: Raikou|76/100|[from] item: Leftovers
|-start|p1a: Raikou|perish2
|-start|p2a: Celebi|perish2
|upkeep
|turn|90
|
|t:|1728938084
|move|p1a: Raikou|Calm Mind|p1a: Raikou
|-boost|p1a: Raikou|spa|1
|-boost|p1a: Raikou|spd|1
|move|p2a: Celebi|Recover||[still]
|-fail|p2a: Celebi|heal
|
|-heal|p1a: Raikou|82/100|[from] item: Leftovers
|-start|p1a: Raikou|perish1
|-start|p2a: Celebi|perish1
|upkeep
|turn|91
|c|☆Ivoire|gg
|c|☆Hexmoonie|gg
|c|☆Ivoire|I'm never running adamant aero ever again x)
|
|t:|1728938098
|move|p1a: Raikou|Thunderbolt|p2a: Celebi
|-resisted|p2a: Celebi
|-damage|p2a: Celebi|52/100
|-status|p2a: Celebi|par
|move|p2a: Celebi|Recover|p2a: Celebi
|-heal|p2a: Celebi|100/100 par
|
|-heal|p1a: Raikou|88/100|[from] item: Leftovers
|-start|p1a: Raikou|perish0
|-start|p2a: Celebi|perish0
|upkeep
|faint|p1a: Raikou
|faint|p2a: Celebi
|
|win|Ivoire
|c|☆Ivoire|/log Ivoire made the replay of this battle unlisted.

</script>
<script type="application/json" class="data" id="replaydata-smogtours-gen3ou-798747">
{"id":"smogtours-gen3ou-798747","format":"[Gen 3] OU","players":["Hexmoonie","Ivoire"],"uploadtime":1728938098,"views":140,"formatid":"gen3ou","rating":null,"private":1,"password":null}
</script>

<script defer src="js/replays.js?9d40a366"></script>
