<!DOCTYPE html>
<meta charset="utf-8" />
<meta name="viewport" content="width=device-width" />

<title>[Gen 3] OU: pokology2 vs. xXEricXx - Replays - Pok&eacute;mon Showdown!</title>

<meta name="description" content="Watch a replay of a Pok&eacute;mon battle between pokology2 and xXEricXx! Format: [Gen 3] OU; Date: Nov 14, 2024" />
<!--

Hey, you! Looking in the source for the replay log?

You can find them in JSON format, just add `.json` at the end of a replay URL.

https://replay.pokemonshowdown.com/gen7randomdoublesbattle-865046831.json

Or, if you only need the log itself, add `.log` instead:

https://replay.pokemonshowdown.com/gen7randomdoublesbattle-865046831.log

-->

<link rel="stylesheet" href="//pokemonshowdown.com/style/global.css?0.767286132409787" />
<link rel="stylesheet" href="//play.pokemonshowdown.com/style/font-awesome.css?0.9266228007934947" />
<link rel="stylesheet" href="//play.pokemonshowdown.com/style/battle.css?0.7924700842790926" />
<link rel="stylesheet" href="//play.pokemonshowdown.com/style/utilichart.css?0.8777417872839479" />

<!-- Global site tag (gtag.js) - Google Analytics -->
<script async src="https://www.googletagmanager.com/gtag/js?id=UA-26211653-1"></script>
<script>
  window.dataLayer = window.dataLayer || [];
  function gtag(){dataLayer.push(arguments);}
  gtag('js', new Date());

  gtag('config', 'UA-26211653-1');
</script>
<!-- End Google Analytics -->
<!-- Venatus Ad Manager - Install in <HEAD> of page -->
	<script src="https://hb.vntsm.com/v3/live/ad-manager.min.js" type="text/javascript" data-site-id="642aba63ec9a7b11c3c9c1be" data-mode="scan" async></script>
<!-- / Venatus Ad Manager -->

<style>
	@media (max-width:820px) {
		.battle {
			margin: 0 auto;
		}
		.battle-log {
			margin: 7px auto 0;
			max-width: 640px;
			height: 300px;
			position: static;
		}
	}
	.optgroup {
		display: inline-block;
		line-height: 22px;
		font-size: 10pt;
	}
	.optgroup .button {
		height: 25px;
		padding-top: 0;
		padding-bottom: 0;
	}
	.optgroup button.button {
		padding-left: 12px;
		padding-right: 12px;
	}
	.linklist {
		list-style: none;
		margin: 0.5em 0;
		padding: 0;
	}
	.linklist li {
		padding: 2px 0;
	}
	.sidebar {
		float: left;
		width: 320px;
	}
	.bar-wrapper {
		max-width: 1100px;
		margin: 0 auto;
	}
	.bar-wrapper.has-sidebar {
		max-width: 1430px;
	}
	.mainbar {
		margin: 0;
		padding-right: 1px;
	}
	.mainbar.has-sidebar {
		margin-left: 330px;
	}
	@media (min-width: 1511px) {
		.sidebar {
			width: 400px;
		}
		.bar-wrapper.has-sidebar {
			max-width: 1510px;
		}
		.mainbar.has-sidebar {
			margin-left: 410px;
		}
	}
	.section.first-section {
		margin-top: 9px;
	}
	.blocklink small {
		white-space: normal;
	}
	.button {
		vertical-align: middle;
	}
	.replay-controls {
		padding-top: 10px;
	}
	.replay-controls h1 {
		font-size: 16pt;
		font-weight: normal;
		color: #CCC;
	}
	.pagelink {
		text-align: center;
	}
	.pagelink a {
		width: 150px;
	}
	.textbox, .button {
		font-size: 11pt;
		vertical-align: middle;
	}
	@media (max-width: 450px) {
		.button {
			font-size: 9pt;
		}
	}
</style>

<div>

	<header>
		<div class="nav-wrapper"><ul class="nav">
			<li><a class="button nav-first" href="//pokemonshowdown.com/"><img src="//pokemonshowdown.com/images/pokemonshowdownbeta.png" srcset="//pokemonshowdown.com/images/pokemonshowdownbeta.png 1x, //pokemonshowdown.com/images/pokemonshowdownbeta@2x.png 2x" alt="Pok&eacute;mon Showdown" width="146" height="44" /> Home</a></li>
			<li><a class="button" href="//pokemonshowdown.com/dex/">Pok&eacute;dex</a></li>
			<li><a class="button cur" href="/">Replays</a></li>
			<li><a class="button" href="//pokemonshowdown.com/ladder/">Ladder</a></li>
			<li><a class="button nav-last" href="//pokemonshowdown.com/forums/">Forum</a></li>
			<li><a class="button greenbutton nav-first nav-last" href="//play.pokemonshowdown.com/">Play</a></li>
		</ul></div>
	</header>

	<div class="main" id="main">

		<noscript><section class="section">You need to enable JavaScript to use this page; sorry!</section></noscript>

	</div>

</div>

<script defer nomodule src="//play.pokemonshowdown.com/js/lib/ps-polyfill.js"></script>
<script defer src="//play.pokemonshowdown.com/js/lib/preact.min.js"></script>

<script defer src="//play.pokemonshowdown.com/config/config.js?6dec07f6"></script>
<script defer src="//play.pokemonshowdown.com/js/lib/jquery-1.11.0.min.js"></script>
<script defer src="//play.pokemonshowdown.com/js/lib/html-sanitizer-minified.js"></script>
<script defer src="//play.pokemonshowdown.com/js/battle-sound.js"></script>
<script defer src="//play.pokemonshowdown.com/js/battledata.js?0.6315294753075389"></script>
<script defer src="//play.pokemonshowdown.com/data/pokedex-mini.js?0.7603743185311358"></script>
<script defer src="//play.pokemonshowdown.com/data/pokedex-mini-bw.js?0.030888842834281283"></script>
<script defer src="//play.pokemonshowdown.com/data/graphics.js?0.05593094747507488"></script>
<script defer src="//play.pokemonshowdown.com/data/pokedex.js?0.47064822249611904"></script>
<script defer src="//play.pokemonshowdown.com/data/moves.js?0.8583693120512459"></script>
<script defer src="//play.pokemonshowdown.com/data/abilities.js?0.16017181182386842"></script>
<script defer src="//play.pokemonshowdown.com/data/items.js?0.4163379185673943"></script>
<script defer src="//play.pokemonshowdown.com/data/teambuilder-tables.js?0.31075597372830477"></script>
<script defer src="//play.pokemonshowdown.com/js/battle-tooltips.js?0.6536193500708172"></script>
<script defer src="//play.pokemonshowdown.com/js/battle.js?0.1916591943277901"></script>

<script defer src="js/utils.js?e31f9a17"></script>
<script defer src="js/replays-battle.js?7008c182"></script>

<!-- don't scrape this data! just add .json or .log after the URL!
Full API docs: https://github.com/smogon/pokemon-showdown-client/blob/master/WEB-API.md -->
<script type="text/plain" class="log" id="replaylog-smogtours-gen3ou-806264">
|inactive|Battle timer is ON: inactive players will automatically lose when time's up.
|t:|1731616144
|gametype|singles
|player|p1|pokology2|169|
|player|p2|xXEricXx|red|
|teamsize|p1|6
|teamsize|p2|6
|gen|3
|tier|[Gen 3] OU
|rule|Sleep Clause Mod: Limit one foe put to sleep
|rule|Switch Priority Clause Mod: Faster Pokémon switch first
|rule|Species Clause: Limit one of each Pokémon
|rule|OHKO Clause: OHKO moves are banned
|rule|Evasion Items Clause: Evasion items are banned
|rule|Evasion Moves Clause: Evasion moves are banned
|rule|Endless Battle Clause: Forcing endless battles is banned
|rule|HP Percentage Mod: HP is shown in percentages
|rule|One Boost Passer Clause: Limit one Baton Passer that has a way to boost its stats
|rule|Freeze Clause Mod: Limit one foe frozen
|
|t:|1731616144
|start
|switch|p1a: Machamp|Machamp, F|100/100
|switch|p2a: Zapdos|Zapdos|100/100
|turn|1
|c|☆xXEricXx|hf
|c|☆pokology2|gl hf :)
|inactive|pokology2 has 270 seconds left.
|c|☆pokology2|i will tag the game
|c|☆xXEricXx|oh yeah ty
|inactive|pokology2 has 240 seconds left.
|inactive|pokology2 has 210 seconds left.
|
|t:|1731616240
|move|p2a: Zapdos|Substitute|p2a: Zapdos
|-start|p2a: Zapdos|Substitute
|-damage|p2a: Zapdos|76/100
|move|p1a: Machamp|Rock Slide|p2a: Zapdos
|-supereffective|p2a: Zapdos
|-end|p2a: Zapdos|Substitute
|
|-heal|p2a: Zapdos|82/100|[from] item: Leftovers
|upkeep
|turn|2
|inactive|pokology2 has 270 seconds left.
|
|t:|1731616254
|-singleturn|p1a: Machamp|move: Focus Punch
|move|p2a: Zapdos|Baton Pass|p2a: Zapdos
|inactive|xXEricXx has 270 seconds left.
|
|t:|1731616287
|switch|p2a: Starmie|Starmie|100/100|[from] Baton Pass
|move|p1a: Machamp|Focus Punch|p2a: Starmie
|-resisted|p2a: Starmie
|-damage|p2a: Starmie|54/100
|
|-heal|p2a: Starmie|60/100|[from] item: Leftovers
|upkeep
|turn|3
|inactive|xXEricXx has 270 seconds left.
|inactive|pokology2 has 270 seconds left.
|
|t:|1731616306
|switch|p1a: Blissey|Blissey, F|100/100
|move|p2a: Starmie|Recover|p2a: Starmie
|-heal|p2a: Starmie|100/100
|
|upkeep
|turn|4
|
|t:|1731616323
|move|p2a: Starmie|Thunder Wave|p1a: Blissey
|-status|p1a: Blissey|par
|move|p1a: Blissey|Toxic|p2a: Starmie
|-status|p2a: Starmie|tox
|
|-damage|p2a: Starmie|94/100 tox|[from] psn
|upkeep
|turn|5
|
|t:|1731616335
|-curestatus|p2a: Starmie|tox|[from] ability: Natural Cure
|switch|p2a: Snorlax|Snorlax, F, shiny|100/100
|move|p1a: Blissey|Toxic|p2a: Snorlax
|-immune|p2a: Snorlax|[from] ability: Immunity
|
|upkeep
|turn|6
|inactive|pokology2 has 270 seconds left.
|
|t:|1731616358
|-curestatus|p1a: Blissey|par|[from] ability: Natural Cure
|switch|p1a: Skarmory|Skarmory, F|100/100
|move|p2a: Snorlax|Return|p1a: Skarmory
|-resisted|p1a: Skarmory
|-damage|p1a: Skarmory|82/100
|
|-heal|p1a: Skarmory|88/100|[from] item: Leftovers
|upkeep
|turn|7
|inactive|pokology2 has 270 seconds left.
|inactive|pokology2 has 240 seconds left.
|
|t:|1731616402
|switch|p2a: Starmie|Starmie|94/100
|move|p1a: Skarmory|Spikes|p2a: Starmie
|-sidestart|p2: xXEricXx|Spikes
|
|-heal|p2a: Starmie|100/100|[from] item: Leftovers
|-heal|p1a: Skarmory|94/100|[from] item: Leftovers
|upkeep
|turn|8
|inactive|pokology2 has 240 seconds left.
|
|t:|1731616416
|switch|p1a: Blissey|Blissey, F|100/100
|move|p2a: Starmie|Rapid Spin|p1a: Blissey
|-damage|p1a: Blissey|98/100
|-sideend|p2: xXEricXx|Spikes|[from] move: Rapid Spin|[of] p2a: Starmie
|
|-heal|p1a: Blissey|100/100|[from] item: Leftovers
|upkeep
|turn|9
|inactive|pokology2 has 240 seconds left.
|
|t:|1731616433
|move|p2a: Starmie|Thunder Wave|p1a: Blissey
|-status|p1a: Blissey|par
|cant|p1a: Blissey|par
|
|upkeep
|turn|10
|
|t:|1731616445
|switch|p2a: Snorlax|Snorlax, F, shiny|100/100
|-curestatus|p1a: Blissey|par|[from] ability: Natural Cure
|switch|p1a: Tyranitar|Tyranitar, M|100/100
|-weather|Sandstorm|[from] ability: Sand Stream|[of] p1a: Tyranitar
|
|-weather|Sandstorm|[upkeep]
|-damage|p2a: Snorlax|94/100|[from] Sandstorm
|-heal|p2a: Snorlax|100/100|[from] item: Leftovers
|upkeep
|turn|11
|
|t:|1731616459
|switch|p1a: Skarmory|Skarmory, F|94/100
|move|p2a: Snorlax|Earthquake|p1a: Skarmory
|-immune|p1a: Skarmory
|
|-weather|Sandstorm|[upkeep]
|-damage|p2a: Snorlax|94/100|[from] Sandstorm
|-heal|p1a: Skarmory|99/100|[from] item: Leftovers
|-heal|p2a: Snorlax|100/100|[from] item: Leftovers
|upkeep
|turn|12
|
|t:|1731616473
|switch|p2a: Starmie|Starmie|100/100
|move|p1a: Skarmory|Spikes|p2a: Starmie
|-sidestart|p2: xXEricXx|Spikes
|
|-weather|Sandstorm|[upkeep]
|-damage|p2a: Starmie|94/100|[from] Sandstorm
|-heal|p2a: Starmie|100/100|[from] item: Leftovers
|-heal|p1a: Skarmory|100/100|[from] item: Leftovers
|upkeep
|turn|13
|
|t:|1731616489
|switch|p1a: Blissey|Blissey, F|100/100
|move|p2a: Starmie|Thunder Wave|p1a: Blissey
|-status|p1a: Blissey|par
|
|-weather|Sandstorm|[upkeep]
|-damage|p2a: Starmie|94/100|[from] Sandstorm
|-damage|p1a: Blissey|94/100 par|[from] Sandstorm
|-heal|p2a: Starmie|100/100|[from] item: Leftovers
|-heal|p1a: Blissey|100/100 par|[from] item: Leftovers
|upkeep
|turn|14
|
|t:|1731616495
|move|p2a: Starmie|Rapid Spin|p1a: Blissey
|-crit|p1a: Blissey
|-damage|p1a: Blissey|95/100 par
|-sideend|p2: xXEricXx|Spikes|[from] move: Rapid Spin|[of] p2a: Starmie
|cant|p1a: Blissey|par
|
|-weather|Sandstorm|[upkeep]
|-damage|p2a: Starmie|94/100|[from] Sandstorm
|-damage|p1a: Blissey|89/100 par|[from] Sandstorm
|-heal|p2a: Starmie|100/100|[from] item: Leftovers
|-heal|p1a: Blissey|95/100 par|[from] item: Leftovers
|upkeep
|turn|15
|
|t:|1731616500
|move|p2a: Starmie|Surf|p1a: Blissey
|-damage|p1a: Blissey|82/100 par
|move|p1a: Blissey|Seismic Toss|p2a: Starmie
|-damage|p2a: Starmie|70/100
|
|-weather|Sandstorm|[upkeep]
|-damage|p2a: Starmie|63/100|[from] Sandstorm
|-damage|p1a: Blissey|76/100 par|[from] Sandstorm
|-heal|p2a: Starmie|70/100|[from] item: Leftovers
|-heal|p1a: Blissey|82/100 par|[from] item: Leftovers
|upkeep
|turn|16
|inactive|pokology2 has 270 seconds left.
|inactive|xXEricXx has 270 seconds left.
|
|t:|1731616507
|move|p2a: Starmie|Recover|p2a: Starmie
|-heal|p2a: Starmie|100/100
|move|p1a: Blissey|Seismic Toss|p2a: Starmie
|-damage|p2a: Starmie|70/100
|
|-weather|Sandstorm|[upkeep]
|-damage|p2a: Starmie|63/100|[from] Sandstorm
|-damage|p1a: Blissey|76/100 par|[from] Sandstorm
|-heal|p2a: Starmie|70/100|[from] item: Leftovers
|-heal|p1a: Blissey|82/100 par|[from] item: Leftovers
|upkeep
|turn|17
|
|t:|1731616514
|move|p2a: Starmie|Recover|p2a: Starmie
|-heal|p2a: Starmie|100/100
|move|p1a: Blissey|Toxic|p2a: Starmie
|-status|p2a: Starmie|tox
|
|-weather|Sandstorm|[upkeep]
|-damage|p2a: Starmie|94/100 tox|[from] Sandstorm
|-damage|p1a: Blissey|76/100 par|[from] Sandstorm
|-heal|p2a: Starmie|100/100 tox|[from] item: Leftovers
|-damage|p2a: Starmie|94/100 tox|[from] psn
|-heal|p1a: Blissey|82/100 par|[from] item: Leftovers
|upkeep
|turn|18
|
|t:|1731616530
|-curestatus|p2a: Starmie|tox|[from] ability: Natural Cure
|switch|p2a: Snorlax|Snorlax, F, shiny|100/100
|move|p1a: Blissey|Seismic Toss|p2a: Snorlax
|-damage|p2a: Snorlax|80/100
|
|-weather|Sandstorm|[upkeep]
|-damage|p2a: Snorlax|74/100|[from] Sandstorm
|-damage|p1a: Blissey|76/100 par|[from] Sandstorm
|-heal|p2a: Snorlax|80/100|[from] item: Leftovers
|-heal|p1a: Blissey|82/100 par|[from] item: Leftovers
|upkeep
|turn|19
|inactive|xXEricXx has 270 seconds left.
|
|t:|1731616554
|-curestatus|p1a: Blissey|par|[from] ability: Natural Cure
|switch|p1a: Skarmory|Skarmory, F|100/100
|move|p2a: Snorlax|Return|p1a: Skarmory
|-resisted|p1a: Skarmory
|-damage|p1a: Skarmory|80/100
|
|-weather|Sandstorm|[upkeep]
|-damage|p2a: Snorlax|74/100|[from] Sandstorm
|-heal|p1a: Skarmory|86/100|[from] item: Leftovers
|-heal|p2a: Snorlax|80/100|[from] item: Leftovers
|upkeep
|turn|20
|inactive|xXEricXx has 270 seconds left.
|
|t:|1731616574
|move|p1a: Skarmory|Spikes|p2a: Snorlax
|-sidestart|p2: xXEricXx|Spikes
|move|p2a: Snorlax|Return|p1a: Skarmory
|-resisted|p1a: Skarmory
|-crit|p1a: Skarmory
|-damage|p1a: Skarmory|44/100
|
|-weather|Sandstorm|[upkeep]
|-damage|p2a: Snorlax|74/100|[from] Sandstorm
|-heal|p1a: Skarmory|50/100|[from] item: Leftovers
|-heal|p2a: Snorlax|80/100|[from] item: Leftovers
|upkeep
|turn|21
|
|t:|1731616579
|switch|p2a: Starmie|Starmie|94/100
|-damage|p2a: Starmie|82/100|[from] Spikes
|move|p1a: Skarmory|Drill Peck|p2a: Starmie
|-damage|p2a: Starmie|57/100
|
|-weather|Sandstorm|[upkeep]
|-damage|p2a: Starmie|50/100|[from] Sandstorm
|-heal|p2a: Starmie|57/100|[from] item: Leftovers
|-heal|p1a: Skarmory|56/100|[from] item: Leftovers
|upkeep
|turn|22
|
|t:|1731616586
|switch|p1a: Blissey|Blissey, F|82/100
|move|p2a: Starmie|Rapid Spin|p1a: Blissey
|-damage|p1a: Blissey|79/100
|-sideend|p2: xXEricXx|Spikes|[from] move: Rapid Spin|[of] p2a: Starmie
|
|-weather|Sandstorm|[upkeep]
|-damage|p2a: Starmie|50/100|[from] Sandstorm
|-damage|p1a: Blissey|73/100|[from] Sandstorm
|-heal|p2a: Starmie|57/100|[from] item: Leftovers
|-heal|p1a: Blissey|79/100|[from] item: Leftovers
|upkeep
|turn|23
|
|t:|1731616598
|move|p2a: Starmie|Recover|p2a: Starmie
|-heal|p2a: Starmie|100/100
|move|p1a: Blissey|Seismic Toss|p2a: Starmie
|-damage|p2a: Starmie|70/100
|
|-weather|Sandstorm|[upkeep]
|-damage|p2a: Starmie|63/100|[from] Sandstorm
|-damage|p1a: Blissey|73/100|[from] Sandstorm
|-heal|p2a: Starmie|70/100|[from] item: Leftovers
|-heal|p1a: Blissey|79/100|[from] item: Leftovers
|upkeep
|turn|24
|inactive|xXEricXx has 270 seconds left.
|
|t:|1731616618
|switch|p2a: Jirachi|Jirachi|100/100
|move|p1a: Blissey|Seismic Toss|p2a: Jirachi
|-damage|p2a: Jirachi|76/100
|
|-weather|Sandstorm|[upkeep]
|-damage|p1a: Blissey|73/100|[from] Sandstorm
|-heal|p2a: Jirachi|82/100|[from] item: Leftovers
|-heal|p1a: Blissey|79/100|[from] item: Leftovers
|upkeep
|turn|25
|inactive|xXEricXx has 270 seconds left.
|
|t:|1731616639
|move|p2a: Jirachi|Wish|p2a: Jirachi
|move|p1a: Blissey|Seismic Toss|p2a: Jirachi
|-damage|p2a: Jirachi|57/100
|
|-weather|Sandstorm|[upkeep]
|-damage|p1a: Blissey|73/100|[from] Sandstorm
|-heal|p2a: Jirachi|63/100|[from] item: Leftovers
|-heal|p1a: Blissey|79/100|[from] item: Leftovers
|upkeep
|turn|26
|
|t:|1731616653
|switch|p2a: Snorlax|Snorlax, F, shiny|80/100
|switch|p1a: Starmie|Starmie|100/100
|
|-heal|p2a: Snorlax|100/100|[from] move: Wish|[wisher] Jirachi
|-weather|Sandstorm|[upkeep]
|-damage|p1a: Starmie|94/100|[from] Sandstorm
|-damage|p2a: Snorlax|94/100|[from] Sandstorm
|-heal|p1a: Starmie|100/100|[from] item: Leftovers
|-heal|p2a: Snorlax|100/100|[from] item: Leftovers
|upkeep
|turn|27
|inactive|xXEricXx has 270 seconds left.
|
|t:|1731616677
|move|p1a: Starmie|Thunder Wave|p2a: Snorlax
|-status|p2a: Snorlax|par
|cant|p2a: Snorlax|par
|
|-weather|Sandstorm|[upkeep]
|-damage|p1a: Starmie|94/100|[from] Sandstorm
|-damage|p2a: Snorlax|94/100 par|[from] Sandstorm
|-heal|p1a: Starmie|100/100|[from] item: Leftovers
|-heal|p2a: Snorlax|100/100 par|[from] item: Leftovers
|upkeep
|turn|28
|
|t:|1731616690
|switch|p1a: Skarmory|Skarmory, F|56/100
|move|p2a: Snorlax|Return|p1a: Skarmory
|-resisted|p1a: Skarmory
|-damage|p1a: Skarmory|38/100
|
|-weather|Sandstorm|[upkeep]
|-damage|p2a: Snorlax|94/100 par|[from] Sandstorm
|-heal|p1a: Skarmory|44/100|[from] item: Leftovers
|-heal|p2a: Snorlax|100/100 par|[from] item: Leftovers
|upkeep
|turn|29
|inactive|xXEricXx has 270 seconds left.
|inactive|xXEricXx has 240 seconds left.
|
|t:|1731616737
|move|p1a: Skarmory|Drill Peck|p2a: Snorlax
|-damage|p2a: Snorlax|81/100 par
|move|p2a: Snorlax|Return|p1a: Skarmory
|-resisted|p1a: Skarmory
|-damage|p1a: Skarmory|24/100
|
|-weather|Sandstorm|[upkeep]
|-damage|p2a: Snorlax|75/100 par|[from] Sandstorm
|-heal|p1a: Skarmory|30/100|[from] item: Leftovers
|-heal|p2a: Snorlax|81/100 par|[from] item: Leftovers
|upkeep
|turn|30
|
|t:|1731616754
|switch|p2a: Starmie|Starmie|70/100
|move|p1a: Skarmory|Drill Peck|p2a: Starmie
|-damage|p2a: Starmie|42/100
|
|-weather|Sandstorm|[upkeep]
|-damage|p2a: Starmie|36/100|[from] Sandstorm
|-heal|p2a: Starmie|42/100|[from] item: Leftovers
|-heal|p1a: Skarmory|36/100|[from] item: Leftovers
|upkeep
|turn|31
|
|t:|1731616766
|switch|p1a: Blissey|Blissey, F|79/100
|move|p2a: Starmie|Recover|p2a: Starmie
|-heal|p2a: Starmie|92/100
|
|-weather|Sandstorm|[upkeep]
|-damage|p2a: Starmie|86/100|[from] Sandstorm
|-damage|p1a: Blissey|73/100|[from] Sandstorm
|-heal|p2a: Starmie|92/100|[from] item: Leftovers
|-heal|p1a: Blissey|79/100|[from] item: Leftovers
|upkeep
|turn|32
|
|t:|1731616779
|switch|p2a: Jirachi|Jirachi|63/100
|move|p1a: Blissey|Seismic Toss|p2a: Jirachi
|-damage|p2a: Jirachi|38/100
|
|-weather|Sandstorm|[upkeep]
|-damage|p1a: Blissey|73/100|[from] Sandstorm
|-heal|p2a: Jirachi|45/100|[from] item: Leftovers
|-heal|p1a: Blissey|79/100|[from] item: Leftovers
|upkeep
|turn|33
|
|t:|1731616787
|switch|p1a: Machamp|Machamp, F|100/100
|move|p2a: Jirachi|Wish|p2a: Jirachi
|
|-weather|Sandstorm|[upkeep]
|-damage|p1a: Machamp|94/100|[from] Sandstorm
|-heal|p2a: Jirachi|51/100|[from] item: Leftovers
|-heal|p1a: Machamp|100/100|[from] item: Leftovers
|upkeep
|turn|34
|inactive|xXEricXx has 240 seconds left.
|inactive|xXEricXx has 210 seconds left.
|
|t:|1731616847
|switch|p2a: Zapdos|Zapdos|82/100
|move|p1a: Machamp|Cross Chop|p2a: Zapdos
|-resisted|p2a: Zapdos
|-crit|p2a: Zapdos
|-damage|p2a: Zapdos|12/100
|
|-heal|p2a: Zapdos|62/100|[from] move: Wish|[wisher] Jirachi
|-weather|Sandstorm|[upkeep]
|-damage|p2a: Zapdos|56/100|[from] Sandstorm
|-damage|p1a: Machamp|94/100|[from] Sandstorm
|-heal|p2a: Zapdos|62/100|[from] item: Leftovers
|-heal|p1a: Machamp|100/100|[from] item: Leftovers
|upkeep
|turn|35
|inactive|xXEricXx has 210 seconds left.
|
|t:|1731616861
|move|p2a: Zapdos|Baton Pass|p2a: Zapdos
|
|t:|1731616865
|switch|p2a: Starmie|Starmie|92/100|[from] Baton Pass
|move|p1a: Machamp|Rock Slide|p2a: Starmie
|-damage|p2a: Starmie|63/100
|
|-weather|Sandstorm|[upkeep]
|-damage|p2a: Starmie|57/100|[from] Sandstorm
|-damage|p1a: Machamp|94/100|[from] Sandstorm
|-heal|p2a: Starmie|63/100|[from] item: Leftovers
|-heal|p1a: Machamp|100/100|[from] item: Leftovers
|upkeep
|turn|36
|inactive|xXEricXx has 210 seconds left.
|
|t:|1731616881
|switch|p2a: Jirachi|Jirachi|51/100
|move|p1a: Machamp|Hidden Power|p2a: Jirachi
|-damage|p2a: Jirachi|29/100
|
|-weather|Sandstorm|[upkeep]
|-damage|p1a: Machamp|94/100|[from] Sandstorm
|-heal|p2a: Jirachi|35/100|[from] item: Leftovers
|-heal|p1a: Machamp|100/100|[from] item: Leftovers
|upkeep
|turn|37
|inactive|xXEricXx has 210 seconds left.
|
|t:|1731616892
|move|p2a: Jirachi|Protect|p2a: Jirachi
|-singleturn|p2a: Jirachi|Protect
|move|p1a: Machamp|Cross Chop|p2a: Jirachi|[miss]
|-miss|p1a: Machamp|p2a: Jirachi
|
|-weather|Sandstorm|[upkeep]
|-damage|p1a: Machamp|94/100|[from] Sandstorm
|-heal|p2a: Jirachi|41/100|[from] item: Leftovers
|-heal|p1a: Machamp|100/100|[from] item: Leftovers
|upkeep
|turn|38
|inactive|xXEricXx has 210 seconds left.
|
|t:|1731616909
|switch|p2a: Salamence|Salamence, F|100/100
|-ability|p2a: Salamence|Intimidate|boost
|-unboost|p1a: Machamp|atk|1
|move|p1a: Machamp|Cross Chop|p2a: Salamence
|-resisted|p2a: Salamence
|-damage|p2a: Salamence|79/100
|
|-weather|Sandstorm|[upkeep]
|-damage|p2a: Salamence|73/100|[from] Sandstorm
|-damage|p1a: Machamp|94/100|[from] Sandstorm
|-heal|p2a: Salamence|79/100|[from] item: Leftovers
|-heal|p1a: Machamp|100/100|[from] item: Leftovers
|upkeep
|turn|39
|
|t:|1731616929
|switch|p1a: Swampert|Swampert, M|100/100
|move|p2a: Salamence|Dragon Claw|p1a: Swampert
|-damage|p1a: Swampert|68/100
|
|-weather|Sandstorm|[upkeep]
|-damage|p2a: Salamence|73/100|[from] Sandstorm
|-heal|p2a: Salamence|79/100|[from] item: Leftovers
|-heal|p1a: Swampert|74/100|[from] item: Leftovers
|upkeep
|turn|40
|
|t:|1731616939
|move|p1a: Swampert|Protect|p1a: Swampert
|-singleturn|p1a: Swampert|Protect
|move|p2a: Salamence|Hidden Power|p1a: Swampert
|-activate|p1a: Swampert|Protect
|
|-weather|Sandstorm|[upkeep]
|-damage|p2a: Salamence|73/100|[from] Sandstorm
|-heal|p2a: Salamence|79/100|[from] item: Leftovers
|-heal|p1a: Swampert|80/100|[from] item: Leftovers
|upkeep
|turn|41
|inactive|xXEricXx has 180 seconds left.
|
|t:|1731616981
|switch|p2a: Starmie|Starmie|63/100
|move|p1a: Swampert|Ice Beam|p2a: Starmie
|-resisted|p2a: Starmie
|-damage|p2a: Starmie|53/100
|
|-weather|Sandstorm|[upkeep]
|-damage|p2a: Starmie|46/100|[from] Sandstorm
|-heal|p2a: Starmie|53/100|[from] item: Leftovers
|-heal|p1a: Swampert|86/100|[from] item: Leftovers
|upkeep
|turn|42
|
|t:|1731617001
|switch|p1a: Starmie|Starmie|100/100
|move|p2a: Starmie|Recover|p2a: Starmie
|-heal|p2a: Starmie|100/100
|
|-weather|Sandstorm|[upkeep]
|-damage|p2a: Starmie|94/100|[from] Sandstorm
|-damage|p1a: Starmie|94/100|[from] Sandstorm
|-heal|p2a: Starmie|100/100|[from] item: Leftovers
|-heal|p1a: Starmie|100/100|[from] item: Leftovers
|upkeep
|turn|43
|
|t:|1731617021
|switch|p2a: Snorlax|Snorlax, F, shiny|81/100 par
|move|p1a: Starmie|Surf|p2a: Snorlax
|-damage|p2a: Snorlax|61/100 par
|
|-weather|Sandstorm|[upkeep]
|-damage|p1a: Starmie|94/100|[from] Sandstorm
|-damage|p2a: Snorlax|55/100 par|[from] Sandstorm
|-heal|p1a: Starmie|100/100|[from] item: Leftovers
|-heal|p2a: Snorlax|61/100 par|[from] item: Leftovers
|upkeep
|turn|44
|inactive|xXEricXx has 150 seconds left.
|
|t:|1731617045
|move|p1a: Starmie|Surf|p2a: Snorlax
|-damage|p2a: Snorlax|42/100 par
|move|p2a: Snorlax|Earthquake|p1a: Starmie
|-crit|p1a: Starmie
|-damage|p1a: Starmie|41/100
|
|-weather|Sandstorm|[upkeep]
|-damage|p1a: Starmie|35/100|[from] Sandstorm
|-damage|p2a: Snorlax|36/100 par|[from] Sandstorm
|-heal|p1a: Starmie|41/100|[from] item: Leftovers
|-heal|p2a: Snorlax|42/100 par|[from] item: Leftovers
|upkeep
|turn|45
|
|t:|1731617052
|move|p1a: Starmie|Recover|p1a: Starmie
|-heal|p1a: Starmie|91/100
|cant|p2a: Snorlax|par
|
|-weather|Sandstorm|[upkeep]
|-damage|p1a: Starmie|85/100|[from] Sandstorm
|-damage|p2a: Snorlax|36/100 par|[from] Sandstorm
|-heal|p1a: Starmie|91/100|[from] item: Leftovers
|-heal|p2a: Snorlax|42/100 par|[from] item: Leftovers
|upkeep
|turn|46
|
|t:|1731617061
|move|p1a: Starmie|Surf|p2a: Snorlax
|-damage|p2a: Snorlax|21/100 par
|move|p2a: Snorlax|Shadow Ball|p1a: Starmie
|-supereffective|p1a: Starmie
|-crit|p1a: Starmie
|-damage|p1a: Starmie|0 fnt
|faint|p1a: Starmie
|
|t:|1731617079
|switch|p1a: Skarmory|Skarmory, F|36/100
|
|-weather|Sandstorm|[upkeep]
|-damage|p2a: Snorlax|15/100 par|[from] Sandstorm
|-heal|p1a: Skarmory|42/100|[from] item: Leftovers
|-heal|p2a: Snorlax|21/100 par|[from] item: Leftovers
|upkeep
|turn|47
|inactive|xXEricXx has 150 seconds left.
|
|t:|1731617110
|switch|p2a: Starmie|Starmie|100/100
|move|p1a: Skarmory|Drill Peck|p2a: Starmie
|-damage|p2a: Starmie|72/100
|
|-weather|Sandstorm|[upkeep]
|-damage|p2a: Starmie|66/100|[from] Sandstorm
|-heal|p2a: Starmie|72/100|[from] item: Leftovers
|-heal|p1a: Skarmory|48/100|[from] item: Leftovers
|upkeep
|turn|48
|inactive|xXEricXx has 150 seconds left.
|
|t:|1731617136
|switch|p1a: Blissey|Blissey, F|79/100
|move|p2a: Starmie|Surf|p1a: Blissey
|-damage|p1a: Blissey|66/100
|
|-weather|Sandstorm|[upkeep]
|-damage|p2a: Starmie|66/100|[from] Sandstorm
|-damage|p1a: Blissey|60/100|[from] Sandstorm
|-heal|p2a: Starmie|72/100|[from] item: Leftovers
|-heal|p1a: Blissey|66/100|[from] item: Leftovers
|upkeep
|turn|49
|inactive|xXEricXx has 150 seconds left.
|
|t:|1731617148
|move|p2a: Starmie|Recover|p2a: Starmie
|-heal|p2a: Starmie|100/100
|move|p1a: Blissey|Soft-Boiled|p1a: Blissey
|-heal|p1a: Blissey|100/100
|
|-weather|Sandstorm|[upkeep]
|-damage|p2a: Starmie|94/100|[from] Sandstorm
|-damage|p1a: Blissey|94/100|[from] Sandstorm
|-heal|p2a: Starmie|100/100|[from] item: Leftovers
|-heal|p1a: Blissey|100/100|[from] item: Leftovers
|upkeep
|turn|50
|inactive|xXEricXx has 150 seconds left.
|
|t:|1731617156
|switch|p2a: Jirachi|Jirachi|41/100
|move|p1a: Blissey|Seismic Toss|p2a: Jirachi
|-damage|p2a: Jirachi|17/100
|
|-weather|Sandstorm|[upkeep]
|-damage|p1a: Blissey|94/100|[from] Sandstorm
|-heal|p2a: Jirachi|23/100|[from] item: Leftovers
|-heal|p1a: Blissey|100/100|[from] item: Leftovers
|upkeep
|turn|51
|inactive|xXEricXx has 150 seconds left.
|
|t:|1731617170
|switch|p1a: Machamp|Machamp, F|100/100
|move|p2a: Jirachi|Protect||[still]
|-fail|p2a: Jirachi
|
|-weather|Sandstorm|[upkeep]
|-damage|p1a: Machamp|94/100|[from] Sandstorm
|-heal|p2a: Jirachi|29/100|[from] item: Leftovers
|-heal|p1a: Machamp|100/100|[from] item: Leftovers
|upkeep
|turn|52
|
|t:|1731617175
|move|p2a: Jirachi|Protect|p2a: Jirachi
|-singleturn|p2a: Jirachi|Protect
|move|p1a: Machamp|Cross Chop|p2a: Jirachi|[miss]
|-miss|p1a: Machamp|p2a: Jirachi
|
|-weather|Sandstorm|[upkeep]
|-damage|p1a: Machamp|94/100|[from] Sandstorm
|-heal|p2a: Jirachi|35/100|[from] item: Leftovers
|-heal|p1a: Machamp|100/100|[from] item: Leftovers
|upkeep
|turn|53
|
|t:|1731617184
|switch|p2a: Starmie|Starmie|100/100
|move|p1a: Machamp|Cross Chop|p2a: Starmie|[miss]
|-miss|p1a: Machamp|p2a: Starmie
|
|-weather|Sandstorm|[upkeep]
|-damage|p2a: Starmie|94/100|[from] Sandstorm
|-damage|p1a: Machamp|94/100|[from] Sandstorm
|-heal|p2a: Starmie|100/100|[from] item: Leftovers
|-heal|p1a: Machamp|100/100|[from] item: Leftovers
|upkeep
|turn|54
|inactive|pokology2 has 270 seconds left.
|
|t:|1731617251
|move|p2a: Starmie|Surf|p1a: Machamp
|-damage|p1a: Machamp|69/100
|move|p1a: Machamp|Hidden Power|p2a: Starmie
|-supereffective|p2a: Starmie
|-damage|p2a: Starmie|41/100
|
|-weather|Sandstorm|[upkeep]
|-damage|p2a: Starmie|35/100|[from] Sandstorm
|-damage|p1a: Machamp|62/100|[from] Sandstorm
|-heal|p2a: Starmie|41/100|[from] item: Leftovers
|-heal|p1a: Machamp|69/100|[from] item: Leftovers
|upkeep
|turn|55
|inactive|xXEricXx has 150 seconds left.
|
|t:|1731617286
|switch|p2a: Salamence|Salamence, F|79/100
|-ability|p2a: Salamence|Intimidate|boost
|-unboost|p1a: Machamp|atk|1
|move|p1a: Machamp|Hidden Power|p2a: Salamence
|-damage|p2a: Salamence|58/100
|
|-weather|Sandstorm|[upkeep]
|-damage|p2a: Salamence|52/100|[from] Sandstorm
|-damage|p1a: Machamp|62/100|[from] Sandstorm
|-heal|p2a: Salamence|58/100|[from] item: Leftovers
|-heal|p1a: Machamp|69/100|[from] item: Leftovers
|upkeep
|turn|56
|inactive|xXEricXx has 120 seconds left.
|
|t:|1731617338
|switch|p2a: Starmie|Starmie|41/100
|switch|p1a: Blissey|Blissey, F|100/100
|
|-weather|Sandstorm|[upkeep]
|-damage|p2a: Starmie|35/100|[from] Sandstorm
|-damage|p1a: Blissey|94/100|[from] Sandstorm
|-heal|p2a: Starmie|41/100|[from] item: Leftovers
|-heal|p1a: Blissey|100/100|[from] item: Leftovers
|upkeep
|turn|57
|
|t:|1731617343
|move|p2a: Starmie|Recover|p2a: Starmie
|-heal|p2a: Starmie|91/100
|move|p1a: Blissey|Toxic|p2a: Starmie
|-status|p2a: Starmie|tox
|
|-weather|Sandstorm|[upkeep]
|-damage|p2a: Starmie|85/100 tox|[from] Sandstorm
|-damage|p1a: Blissey|94/100|[from] Sandstorm
|-heal|p2a: Starmie|91/100 tox|[from] item: Leftovers
|-damage|p2a: Starmie|85/100 tox|[from] psn
|-heal|p1a: Blissey|100/100|[from] item: Leftovers
|upkeep
|turn|58
|
|t:|1731617354
|move|p2a: Starmie|Thunder Wave|p1a: Blissey
|-status|p1a: Blissey|par
|move|p1a: Blissey|Seismic Toss|p2a: Starmie
|-damage|p2a: Starmie|54/100 tox
|
|-weather|Sandstorm|[upkeep]
|-damage|p2a: Starmie|48/100 tox|[from] Sandstorm
|-damage|p1a: Blissey|94/100 par|[from] Sandstorm
|-heal|p2a: Starmie|54/100 tox|[from] item: Leftovers
|-damage|p2a: Starmie|42/100 tox|[from] psn
|-heal|p1a: Blissey|100/100 par|[from] item: Leftovers
|upkeep
|turn|59
|
|t:|1731617378
|-curestatus|p2a: Starmie|tox|[from] ability: Natural Cure
|switch|p2a: Swampert|Swampert, M|100/100
|move|p1a: Blissey|Seismic Toss|p2a: Swampert
|-damage|p2a: Swampert|76/100
|
|-weather|Sandstorm|[upkeep]
|-damage|p1a: Blissey|94/100 par|[from] Sandstorm
|-heal|p2a: Swampert|82/100|[from] item: Leftovers
|-heal|p1a: Blissey|100/100 par|[from] item: Leftovers
|upkeep
|turn|60
|
|t:|1731617387
|switch|p2a: Jirachi|Jirachi|35/100
|-curestatus|p1a: Blissey|par|[from] ability: Natural Cure
|switch|p1a: Swampert|Swampert, M|86/100
|
|-weather|Sandstorm|[upkeep]
|-heal|p2a: Jirachi|41/100|[from] item: Leftovers
|-heal|p1a: Swampert|92/100|[from] item: Leftovers
|upkeep
|turn|61
|inactive|pokology2 has 270 seconds left.
|
|t:|1731617419
|switch|p1a: Skarmory|Skarmory, F|48/100
|move|p2a: Jirachi|Protect||[still]
|-fail|p2a: Jirachi
|
|-weather|Sandstorm|[upkeep]
|-heal|p2a: Jirachi|48/100|[from] item: Leftovers
|-heal|p1a: Skarmory|54/100|[from] item: Leftovers
|upkeep
|turn|62
|inactive|pokology2 has 270 seconds left.
|
|t:|1731617426
|switch|p1a: Tyranitar|Tyranitar, M|100/100
|move|p2a: Jirachi|Fire Punch|p1a: Tyranitar
|-resisted|p1a: Tyranitar
|-damage|p1a: Tyranitar|92/100
|
|-weather|Sandstorm|[upkeep]
|-heal|p2a: Jirachi|54/100|[from] item: Leftovers
|upkeep
|turn|63
|inactive|pokology2 has 270 seconds left.
|
|t:|1731617440
|switch|p2a: Swampert|Swampert, M|82/100
|move|p1a: Tyranitar|Earthquake|p2a: Swampert
|-damage|p2a: Swampert|59/100
|
|-weather|Sandstorm|[upkeep]
|-heal|p2a: Swampert|65/100|[from] item: Leftovers
|upkeep
|turn|64
|
|t:|1731617455
|switch|p1a: Swampert|Swampert, M|92/100
|move|p2a: Swampert|Ice Beam|p1a: Swampert
|-damage|p1a: Swampert|76/100
|
|-weather|Sandstorm|[upkeep]
|-heal|p1a: Swampert|82/100|[from] item: Leftovers
|-heal|p2a: Swampert|71/100|[from] item: Leftovers
|upkeep
|turn|65
|
|t:|1731617469
|switch|p2a: Zapdos|Zapdos|62/100
|move|p1a: Swampert|Surf|p2a: Zapdos
|-damage|p2a: Zapdos|29/100
|
|-weather|Sandstorm|[upkeep]
|-damage|p2a: Zapdos|23/100|[from] Sandstorm
|-heal|p2a: Zapdos|29/100|[from] item: Leftovers
|-heal|p1a: Swampert|88/100|[from] item: Leftovers
|upkeep
|turn|66
|
|t:|1731617481
|switch|p1a: Blissey|Blissey, F|100/100
|move|p2a: Zapdos|Baton Pass|p2a: Zapdos
|
|t:|1731617491
|switch|p2a: Jirachi|Jirachi|54/100|[from] Baton Pass
|
|-weather|Sandstorm|[upkeep]
|-damage|p1a: Blissey|94/100|[from] Sandstorm
|-heal|p2a: Jirachi|60/100|[from] item: Leftovers
|-heal|p1a: Blissey|100/100|[from] item: Leftovers
|upkeep
|turn|67
|
|t:|1731617502
|switch|p1a: Tyranitar|Tyranitar, M|92/100
|move|p2a: Jirachi|Wish|p2a: Jirachi
|
|-weather|Sandstorm|[upkeep]
|-heal|p2a: Jirachi|66/100|[from] item: Leftovers
|upkeep
|turn|68
|inactive|xXEricXx has 120 seconds left.
|inactive|xXEricXx has 90 seconds left.
|
|t:|1731617547
|move|p1a: Tyranitar|Earthquake|p2a: Jirachi
|-supereffective|p2a: Jirachi
|-damage|p2a: Jirachi|6/100
|move|p2a: Jirachi|Body Slam|p1a: Tyranitar
|-resisted|p1a: Tyranitar
|-damage|p1a: Tyranitar|83/100
|
|-heal|p2a: Jirachi|56/100|[from] move: Wish|[wisher] Jirachi
|-weather|Sandstorm|[upkeep]
|-heal|p2a: Jirachi|62/100|[from] item: Leftovers
|upkeep
|turn|69
|
|t:|1731617565
|switch|p2a: Salamence|Salamence, F|58/100
|-ability|p2a: Salamence|Intimidate|boost
|-unboost|p1a: Tyranitar|atk|1
|move|p1a: Tyranitar|Earthquake|p2a: Salamence
|-immune|p2a: Salamence
|
|-weather|Sandstorm|[upkeep]
|-damage|p2a: Salamence|52/100|[from] Sandstorm
|-heal|p2a: Salamence|58/100|[from] item: Leftovers
|upkeep
|turn|70
|inactive|xXEricXx has 60 seconds left.
|
|t:|1731617606
|switch|p1a: Blissey|Blissey, F|100/100
|move|p2a: Salamence|Brick Break|p1a: Blissey
|-supereffective|p1a: Blissey
|-damage|p1a: Blissey|51/100
|
|-weather|Sandstorm|[upkeep]
|-damage|p2a: Salamence|52/100|[from] Sandstorm
|-damage|p1a: Blissey|45/100|[from] Sandstorm
|-heal|p2a: Salamence|58/100|[from] item: Leftovers
|-heal|p1a: Blissey|51/100|[from] item: Leftovers
|upkeep
|turn|71
|
|t:|1731617619
|move|p2a: Salamence|Brick Break|p1a: Blissey
|-supereffective|p1a: Blissey
|-damage|p1a: Blissey|1/100
|move|p1a: Blissey|Ice Beam|p2a: Salamence
|-supereffective|p2a: Salamence
|-damage|p2a: Salamence|0 fnt
|faint|p2a: Salamence
|inactive|xXEricXx has 30 seconds left.
|
|t:|1731617647
|switch|p2a: Zapdos|Zapdos|29/100
|
|-weather|Sandstorm|[upkeep]
|-damage|p2a: Zapdos|23/100|[from] Sandstorm
|-damage|p1a: Blissey|0 fnt|[from] Sandstorm
|faint|p1a: Blissey
|-heal|p2a: Zapdos|29/100|[from] item: Leftovers
|upkeep
|inactive|xXEricXx has 30 seconds left this turn.
|
|t:|1731617670
|switch|p1a: Tyranitar|Tyranitar, M|83/100
|turn|72
|
|t:|1731617685
|move|p2a: Zapdos|Thunderbolt|p1a: Tyranitar
|-damage|p1a: Tyranitar|35/100
|move|p1a: Tyranitar|Rock Slide|p2a: Zapdos
|-supereffective|p2a: Zapdos
|-damage|p2a: Zapdos|0 fnt
|faint|p2a: Zapdos
|
|t:|1731617691
|switch|p2a: Starmie|Starmie|42/100
|
|-weather|Sandstorm|[upkeep]
|-damage|p2a: Starmie|35/100|[from] Sandstorm
|-heal|p2a: Starmie|42/100|[from] item: Leftovers
|upkeep
|turn|73
|
|t:|1731617699
|switch|p1a: Swampert|Swampert, M|88/100
|move|p2a: Starmie|Surf|p1a: Swampert
|-damage|p1a: Swampert|60/100
|
|-weather|Sandstorm|[upkeep]
|-damage|p2a: Starmie|35/100|[from] Sandstorm
|-heal|p2a: Starmie|42/100|[from] item: Leftovers
|-heal|p1a: Swampert|67/100|[from] item: Leftovers
|upkeep
|turn|74
|
|t:|1731617708
|move|p2a: Starmie|Recover|p2a: Starmie
|-heal|p2a: Starmie|92/100
|move|p1a: Swampert|Roar|p2a: Starmie
|drag|p2a: Swampert|Swampert, M|71/100
|
|-weather|Sandstorm|[upkeep]
|-heal|p1a: Swampert|73/100|[from] item: Leftovers
|-heal|p2a: Swampert|78/100|[from] item: Leftovers
|upkeep
|turn|75
|
|t:|1731617718
|switch|p2a: Jirachi|Jirachi|62/100
|move|p1a: Swampert|Surf|p2a: Jirachi
|-damage|p2a: Jirachi|42/100
|
|-weather|Sandstorm|[upkeep]
|-heal|p2a: Jirachi|48/100|[from] item: Leftovers
|-heal|p1a: Swampert|79/100|[from] item: Leftovers
|upkeep
|turn|76
|
|t:|1731617729
|switch|p1a: Tyranitar|Tyranitar, M|35/100
|move|p2a: Jirachi|Wish|p2a: Jirachi
|
|-weather|Sandstorm|[upkeep]
|-heal|p2a: Jirachi|54/100|[from] item: Leftovers
|upkeep
|turn|77
|inactive|xXEricXx has 60 seconds left.
|
|t:|1731617736
|switch|p2a: Swampert|Swampert, M|78/100
|move|p1a: Tyranitar|Dragon Dance|p1a: Tyranitar
|-boost|p1a: Tyranitar|atk|1
|-boost|p1a: Tyranitar|spe|1
|
|-heal|p2a: Swampert|100/100|[from] move: Wish|[wisher] Jirachi
|-weather|Sandstorm|[upkeep]
|upkeep
|turn|78
|
|t:|1731617743
|switch|p1a: Skarmory|Skarmory, F|54/100
|move|p2a: Swampert|Earthquake|p1a: Skarmory
|-immune|p1a: Skarmory
|
|-weather|Sandstorm|[upkeep]
|-heal|p1a: Skarmory|60/100|[from] item: Leftovers
|upkeep
|turn|79
|
|t:|1731617749
|switch|p1a: Machamp|Machamp, F|69/100
|switch|p2a: Starmie|Starmie|92/100
|
|-weather|Sandstorm|[upkeep]
|-damage|p2a: Starmie|85/100|[from] Sandstorm
|-damage|p1a: Machamp|62/100|[from] Sandstorm
|-heal|p2a: Starmie|92/100|[from] item: Leftovers
|-heal|p1a: Machamp|69/100|[from] item: Leftovers
|upkeep
|turn|80
|
|t:|1731617755
|move|p2a: Starmie|Surf|p1a: Machamp
|-damage|p1a: Machamp|38/100
|move|p1a: Machamp|Hidden Power|p2a: Starmie
|-supereffective|p2a: Starmie
|-damage|p2a: Starmie|29/100
|
|-weather|Sandstorm|[upkeep]
|-damage|p2a: Starmie|23/100|[from] Sandstorm
|-damage|p1a: Machamp|32/100|[from] Sandstorm
|-heal|p2a: Starmie|29/100|[from] item: Leftovers
|-heal|p1a: Machamp|38/100|[from] item: Leftovers
|upkeep
|turn|81
|
|t:|1731617775
|move|p2a: Starmie|Surf|p1a: Machamp
|-damage|p1a: Machamp|6/100
|move|p1a: Machamp|Hidden Power|p2a: Starmie
|-supereffective|p2a: Starmie
|-damage|p2a: Starmie|0 fnt
|faint|p2a: Starmie
|
|t:|1731617780
|switch|p2a: Jirachi|Jirachi|54/100
|
|-weather|Sandstorm|[upkeep]
|-damage|p1a: Machamp|0 fnt|[from] Sandstorm
|faint|p1a: Machamp
|-heal|p2a: Jirachi|60/100|[from] item: Leftovers
|upkeep
|
|t:|1731617792
|switch|p1a: Tyranitar|Tyranitar, M|35/100
|turn|82
|
|t:|1731617802
|switch|p2a: Swampert|Swampert, M|100/100
|move|p1a: Tyranitar|Earthquake|p2a: Swampert
|-damage|p2a: Swampert|76/100
|
|-weather|Sandstorm|[upkeep]
|-heal|p2a: Swampert|82/100|[from] item: Leftovers
|upkeep
|turn|83
|
|t:|1731617809
|switch|p1a: Swampert|Swampert, M|79/100
|move|p2a: Swampert|Ice Beam|p1a: Swampert
|-damage|p1a: Swampert|61/100
|
|-weather|Sandstorm|[upkeep]
|-heal|p1a: Swampert|68/100|[from] item: Leftovers
|-heal|p2a: Swampert|88/100|[from] item: Leftovers
|upkeep
|turn|84
|inactive|xXEricXx has 90 seconds left.
|
|t:|1731617817
|switch|p2a: Jirachi|Jirachi|60/100
|move|p1a: Swampert|Protect||[still]
|-fail|p1a: Swampert
|
|-weather|Sandstorm|[upkeep]
|-heal|p2a: Jirachi|67/100|[from] item: Leftovers
|-heal|p1a: Swampert|74/100|[from] item: Leftovers
|upkeep
|turn|85
|
|t:|1731617821
|move|p1a: Swampert|Protect|p1a: Swampert
|-singleturn|p1a: Swampert|Protect
|move|p2a: Jirachi|Wish|p2a: Jirachi
|
|-weather|Sandstorm|[upkeep]
|-heal|p2a: Jirachi|73/100|[from] item: Leftovers
|-heal|p1a: Swampert|80/100|[from] item: Leftovers
|upkeep
|turn|86
|
|t:|1731617838
|switch|p1a: Skarmory|Skarmory, F|60/100
|move|p2a: Jirachi|Body Slam|p1a: Skarmory
|-resisted|p1a: Skarmory
|-damage|p1a: Skarmory|52/100
|-status|p1a: Skarmory|par
|
|-heal|p2a: Jirachi|100/100|[from] move: Wish|[wisher] Jirachi
|-weather|Sandstorm|[upkeep]
|-heal|p1a: Skarmory|58/100 par|[from] item: Leftovers
|upkeep
|turn|87
|
|t:|1731617845
|switch|p1a: Swampert|Swampert, M|80/100
|move|p2a: Jirachi|Fire Punch|p1a: Swampert
|-resisted|p1a: Swampert
|-damage|p1a: Swampert|73/100
|
|-weather|Sandstorm|[upkeep]
|-heal|p1a: Swampert|79/100|[from] item: Leftovers
|upkeep
|turn|88
|
|t:|1731617851
|move|p1a: Swampert|Protect|p1a: Swampert
|-singleturn|p1a: Swampert|Protect
|move|p2a: Jirachi|Body Slam|p1a: Swampert
|-activate|p1a: Swampert|Protect
|
|-weather|Sandstorm|[upkeep]
|-heal|p1a: Swampert|85/100|[from] item: Leftovers
|upkeep
|turn|89
|
|t:|1731617857
|move|p2a: Jirachi|Body Slam|p1a: Swampert
|-damage|p1a: Swampert|72/100
|-status|p1a: Swampert|par
|move|p1a: Swampert|Ice Beam|p2a: Jirachi
|-resisted|p2a: Jirachi
|-damage|p2a: Jirachi|94/100
|
|-weather|Sandstorm|[upkeep]
|-heal|p2a: Jirachi|100/100|[from] item: Leftovers
|-heal|p1a: Swampert|78/100 par|[from] item: Leftovers
|upkeep
|turn|90
|inactive|xXEricXx has 120 seconds left.
|
|t:|1731617873
|switch|p1a: Skarmory|Skarmory, F|58/100 par
|move|p2a: Jirachi|Wish|p2a: Jirachi
|
|-weather|Sandstorm|[upkeep]
|-heal|p1a: Skarmory|64/100 par|[from] item: Leftovers
|upkeep
|turn|91
|
|t:|1731617885
|move|p2a: Jirachi|Fire Punch|p1a: Skarmory
|-supereffective|p1a: Skarmory
|-damage|p1a: Skarmory|33/100 par
|move|p1a: Skarmory|Spikes|p2a: Jirachi
|-sidestart|p2: xXEricXx|Spikes
|
|-weather|Sandstorm|[upkeep]
|-heal|p1a: Skarmory|39/100 par|[from] item: Leftovers
|upkeep
|turn|92
|
|t:|1731617893
|switch|p1a: Tyranitar|Tyranitar, M|35/100
|move|p2a: Jirachi|Fire Punch|p1a: Tyranitar
|-resisted|p1a: Tyranitar
|-damage|p1a: Tyranitar|27/100
|-status|p1a: Tyranitar|brn
|-enditem|p1a: Tyranitar|Lum Berry|[eat]
|-curestatus|p1a: Tyranitar|brn|[msg]
|
|-weather|Sandstorm|[upkeep]
|upkeep
|turn|93
|
|t:|1731617902
|switch|p2a: Swampert|Swampert, M|88/100
|-damage|p2a: Swampert|76/100|[from] Spikes
|move|p1a: Tyranitar|Earthquake|p2a: Swampert
|-damage|p2a: Swampert|53/100
|
|-weather|Sandstorm|[upkeep]
|-heal|p2a: Swampert|59/100|[from] item: Leftovers
|upkeep
|turn|94
|
|t:|1731617913
|switch|p1a: Skarmory|Skarmory, F|39/100 par
|move|p2a: Swampert|Earthquake|p1a: Skarmory
|-immune|p1a: Skarmory
|
|-weather|Sandstorm|[upkeep]
|-heal|p2a: Swampert|65/100|[from] item: Leftovers
|-heal|p1a: Skarmory|45/100 par|[from] item: Leftovers
|upkeep
|turn|95
|
|t:|1731617920
|move|p2a: Swampert|Ice Beam|p1a: Skarmory
|-damage|p1a: Skarmory|27/100 par
|cant|p1a: Skarmory|par
|
|-weather|Sandstorm|[upkeep]
|-heal|p2a: Swampert|71/100|[from] item: Leftovers
|-heal|p1a: Skarmory|33/100 par|[from] item: Leftovers
|upkeep
|turn|96
|
|t:|1731617925
|move|p2a: Swampert|Ice Beam|p1a: Skarmory
|-damage|p1a: Skarmory|13/100 par
|move|p1a: Skarmory|Roar|p2a: Swampert
|drag|p2a: Snorlax|Snorlax, F, shiny|21/100 par
|-damage|p2a: Snorlax|8/100 par|[from] Spikes
|
|-weather|Sandstorm|[upkeep]
|-damage|p2a: Snorlax|2/100 par|[from] Sandstorm
|-heal|p1a: Skarmory|19/100 par|[from] item: Leftovers
|-heal|p2a: Snorlax|8/100 par|[from] item: Leftovers
|upkeep
|turn|97
|inactive|xXEricXx has 150 seconds left.
|
|t:|1731617937
|move|p1a: Skarmory|Drill Peck|p2a: Snorlax
|-damage|p2a: Snorlax|0 fnt
|faint|p2a: Snorlax
|
|t:|1731617939
|switch|p2a: Jirachi|Jirachi|100/100
|-damage|p2a: Jirachi|88/100|[from] Spikes
|
|-weather|Sandstorm|[upkeep]
|-heal|p2a: Jirachi|94/100|[from] item: Leftovers
|-heal|p1a: Skarmory|25/100 par|[from] item: Leftovers
|upkeep
|turn|98
|
|t:|1731617948
|switch|p1a: Swampert|Swampert, M|78/100 par
|move|p2a: Jirachi|Fire Punch|p1a: Swampert
|-resisted|p1a: Swampert
|-damage|p1a: Swampert|70/100 par
|
|-weather|Sandstorm|[upkeep]
|-heal|p2a: Jirachi|100/100|[from] item: Leftovers
|-heal|p1a: Swampert|76/100 par|[from] item: Leftovers
|upkeep
|turn|99
|
|t:|1731617961
|move|p2a: Jirachi|Body Slam|p1a: Swampert
|-damage|p1a: Swampert|63/100 par
|move|p1a: Swampert|Ice Beam|p2a: Jirachi
|-resisted|p2a: Jirachi
|-damage|p2a: Jirachi|94/100
|-status|p2a: Jirachi|frz
|
|-weather|Sandstorm|[upkeep]
|-heal|p2a: Jirachi|100/100 frz|[from] item: Leftovers
|-heal|p1a: Swampert|69/100 par|[from] item: Leftovers
|upkeep
|turn|100
|
|t:|1731617968
|-curestatus|p2a: Jirachi|frz|[msg]
|move|p2a: Jirachi|Fire Punch|p1a: Swampert
|-resisted|p1a: Swampert
|-damage|p1a: Swampert|61/100 par
|move|p1a: Swampert|Surf|p2a: Jirachi
|-crit|p2a: Jirachi
|-damage|p2a: Jirachi|61/100
|
|-weather|Sandstorm|[upkeep]
|-heal|p2a: Jirachi|67/100|[from] item: Leftovers
|-heal|p1a: Swampert|67/100 par|[from] item: Leftovers
|upkeep
|turn|101
|inactive|xXEricXx has 180 seconds left.
|
|t:|1731617977
|move|p1a: Swampert|Protect|p1a: Swampert
|-singleturn|p1a: Swampert|Protect
|move|p2a: Jirachi|Body Slam|p1a: Swampert
|-activate|p1a: Swampert|Protect
|
|-weather|Sandstorm|[upkeep]
|-heal|p2a: Jirachi|73/100|[from] item: Leftovers
|-heal|p1a: Swampert|74/100 par|[from] item: Leftovers
|upkeep
|turn|102
|
|t:|1731617986
|move|p2a: Jirachi|Body Slam|p1a: Swampert
|-crit|p1a: Swampert
|-damage|p1a: Swampert|48/100 par
|move|p1a: Swampert|Ice Beam|p2a: Jirachi
|-resisted|p2a: Jirachi
|-damage|p2a: Jirachi|67/100
|
|-weather|Sandstorm|[upkeep]
|-heal|p2a: Jirachi|73/100|[from] item: Leftovers
|-heal|p1a: Swampert|54/100 par|[from] item: Leftovers
|upkeep
|turn|103
|
|t:|1731617993
|cant|p1a: Swampert|par
|move|p2a: Jirachi|Wish|p2a: Jirachi
|
|-weather|Sandstorm|[upkeep]
|-heal|p2a: Jirachi|79/100|[from] item: Leftovers
|-heal|p1a: Swampert|60/100 par|[from] item: Leftovers
|upkeep
|turn|104
|
|t:|1731617996
|move|p1a: Swampert|Protect|p1a: Swampert
|-singleturn|p1a: Swampert|Protect
|move|p2a: Jirachi|Body Slam|p1a: Swampert
|-activate|p1a: Swampert|Protect
|
|-heal|p2a: Jirachi|100/100|[from] move: Wish|[wisher] Jirachi
|-weather|Sandstorm|[upkeep]
|-heal|p1a: Swampert|66/100 par|[from] item: Leftovers
|upkeep
|turn|105
|
|t:|1731618005
|move|p2a: Jirachi|Body Slam|p1a: Swampert
|-damage|p1a: Swampert|52/100 par
|move|p1a: Swampert|Ice Beam|p2a: Jirachi
|-resisted|p2a: Jirachi
|-damage|p2a: Jirachi|95/100
|
|-weather|Sandstorm|[upkeep]
|-heal|p2a: Jirachi|100/100|[from] item: Leftovers
|-heal|p1a: Swampert|58/100 par|[from] item: Leftovers
|upkeep
|turn|106
|
|t:|1731618012
|move|p1a: Swampert|Protect|p1a: Swampert
|-singleturn|p1a: Swampert|Protect
|move|p2a: Jirachi|Body Slam|p1a: Swampert
|-activate|p1a: Swampert|Protect
|
|-weather|Sandstorm|[upkeep]
|-heal|p1a: Swampert|64/100 par|[from] item: Leftovers
|upkeep
|turn|107
|
|t:|1731618016
|move|p2a: Jirachi|Body Slam|p1a: Swampert
|-damage|p1a: Swampert|51/100 par
|move|p1a: Swampert|Ice Beam|p2a: Jirachi
|-resisted|p2a: Jirachi
|-damage|p2a: Jirachi|95/100
|-status|p2a: Jirachi|frz
|
|-weather|Sandstorm|[upkeep]
|-heal|p2a: Jirachi|100/100 frz|[from] item: Leftovers
|-heal|p1a: Swampert|58/100 par|[from] item: Leftovers
|upkeep
|turn|108
|inactive|xXEricXx has 240 seconds left.
|
|t:|1731618023
|cant|p2a: Jirachi|frz
|move|p1a: Swampert|Surf|p2a: Jirachi
|-damage|p2a: Jirachi|81/100 frz
|
|-weather|Sandstorm|[upkeep]
|-heal|p2a: Jirachi|88/100 frz|[from] item: Leftovers
|-heal|p1a: Swampert|64/100 par|[from] item: Leftovers
|upkeep
|turn|109
|
|t:|1731618028
|cant|p2a: Jirachi|frz
|move|p1a: Swampert|Surf|p2a: Jirachi
|-damage|p2a: Jirachi|67/100 frz
|
|-weather|Sandstorm|[upkeep]
|-heal|p2a: Jirachi|73/100 frz|[from] item: Leftovers
|-heal|p1a: Swampert|70/100 par|[from] item: Leftovers
|upkeep
|turn|110
|
|t:|1731618034
|switch|p1a: Tyranitar|Tyranitar, M|27/100
|cant|p2a: Jirachi|frz
|
|-weather|Sandstorm|[upkeep]
|-heal|p2a: Jirachi|80/100 frz|[from] item: Leftovers
|upkeep
|turn|111
|
|t:|1731618041
|switch|p2a: Swampert|Swampert, M|71/100
|-damage|p2a: Swampert|59/100|[from] Spikes
|move|p1a: Tyranitar|Earthquake|p2a: Swampert
|-damage|p2a: Swampert|35/100
|
|-weather|Sandstorm|[upkeep]
|-heal|p2a: Swampert|41/100|[from] item: Leftovers
|upkeep
|turn|112
|
|t:|1731618052
|switch|p1a: Skarmory|Skarmory, F|25/100 par
|move|p2a: Swampert|Ice Beam|p1a: Skarmory
|-damage|p1a: Skarmory|6/100 par
|
|-weather|Sandstorm|[upkeep]
|-heal|p2a: Swampert|48/100|[from] item: Leftovers
|-heal|p1a: Skarmory|12/100 par|[from] item: Leftovers
|upkeep
|turn|113
|
|t:|1731618060
|move|p2a: Swampert|Ice Beam|p1a: Skarmory
|-damage|p1a: Skarmory|0 fnt
|faint|p1a: Skarmory
|
|t:|1731618063
|switch|p1a: Swampert|Swampert, M|70/100 par
|
|-weather|Sandstorm|[upkeep]
|-heal|p2a: Swampert|54/100|[from] item: Leftovers
|-heal|p1a: Swampert|76/100 par|[from] item: Leftovers
|upkeep
|turn|114
|
|t:|1731618080
|move|p1a: Swampert|Surf|p2a: Swampert
|-damage|p2a: Swampert|30/100
|move|p2a: Swampert|Roar|p1a: Swampert
|drag|p1a: Tyranitar|Tyranitar, M|27/100
|
|-weather|Sandstorm|[upkeep]
|-heal|p2a: Swampert|36/100|[from] item: Leftovers
|upkeep
|turn|115
|
|t:|1731618091
|switch|p1a: Swampert|Swampert, M|76/100 par
|move|p2a: Swampert|Earthquake|p1a: Swampert
|-crit|p1a: Swampert
|-damage|p1a: Swampert|25/100 par
|
|-weather|Sandstorm|[upkeep]
|-heal|p2a: Swampert|42/100|[from] item: Leftovers
|-heal|p1a: Swampert|31/100 par|[from] item: Leftovers
|upkeep
|turn|116
|
|t:|1731618105
|move|p2a: Swampert|Earthquake|p1a: Swampert
|-damage|p1a: Swampert|3/100 par
|move|p1a: Swampert|Surf|p2a: Swampert
|-damage|p2a: Swampert|5/100
|
|-weather|Sandstorm|[upkeep]
|-heal|p2a: Swampert|12/100|[from] item: Leftovers
|-heal|p1a: Swampert|10/100 par|[from] item: Leftovers
|upkeep
|turn|117
|
|t:|1731618113
|move|p2a: Swampert|Protect|p2a: Swampert
|-singleturn|p2a: Swampert|Protect
|move|p1a: Swampert|Surf|p2a: Swampert
|-activate|p2a: Swampert|Protect
|
|-weather|Sandstorm|[upkeep]
|-heal|p2a: Swampert|18/100|[from] item: Leftovers
|-heal|p1a: Swampert|16/100 par|[from] item: Leftovers
|upkeep
|turn|118
|
|t:|1731618123
|move|p2a: Swampert|Earthquake|p1a: Swampert
|-damage|p1a: Swampert|0 fnt
|faint|p1a: Swampert
|
|t:|1731618125
|switch|p1a: Tyranitar|Tyranitar, M|27/100
|
|-weather|Sandstorm|[upkeep]
|-heal|p2a: Swampert|24/100|[from] item: Leftovers
|upkeep
|turn|119
|inactive|xXEricXx has 270 seconds left.
|inactive|xXEricXx has 240 seconds left.
|
|t:|1731618186
|move|p1a: Tyranitar|Earthquake|p2a: Swampert
|-damage|p2a: Swampert|2/100
|move|p2a: Swampert|Earthquake|p1a: Tyranitar
|-supereffective|p1a: Tyranitar
|-damage|p1a: Tyranitar|0 fnt
|faint|p1a: Tyranitar
|
|win|xXEricXx
|c|☆xXEricXx|gg
|c|☆pokology2|that was a great one
|c|☆pokology2|gg
|c|☆xXEricXx|super close

</script>
<script type="application/json" class="data" id="replaydata-smogtours-gen3ou-806264">
{"id":"smogtours-gen3ou-806264","format":"[Gen 3] OU","players":["pokology2","xXEricXx"],"uploadtime":1731618186,"views":34,"formatid":"gen3ou","rating":null,"private":0,"password":null}
</script>

<script defer src="js/replays.js?9d40a366"></script>
