<!DOCTYPE html>
<meta charset="utf-8" />
<meta name="viewport" content="width=device-width" />

<title>[Gen 3] OU: elale0803 vs. Cow XI - Replays - Pok&eacute;mon Showdown!</title>

<meta name="description" content="Watch a replay of a Pok&eacute;mon battle between elale0803 and Cow XI! Format: [Gen 3] OU; Date: Oct 8, 2024" />
<!--

Hey, you! Looking in the source for the replay log?

You can find them in JSON format, just add `.json` at the end of a replay URL.

https://replay.pokemonshowdown.com/gen7randomdoublesbattle-865046831.json

Or, if you only need the log itself, add `.log` instead:

https://replay.pokemonshowdown.com/gen7randomdoublesbattle-865046831.log

-->

<link rel="stylesheet" href="//pokemonshowdown.com/style/global.css?0.767286132409787" />
<link rel="stylesheet" href="//play.pokemonshowdown.com/style/font-awesome.css?0.9266228007934947" />
<link rel="stylesheet" href="//play.pokemonshowdown.com/style/battle.css?0.7924700842790926" />
<link rel="stylesheet" href="//play.pokemonshowdown.com/style/utilichart.css?0.8777417872839479" />

<!-- Global site tag (gtag.js) - Google Analytics -->
<script async src="https://www.googletagmanager.com/gtag/js?id=UA-26211653-1"></script>
<script>
  window.dataLayer = window.dataLayer || [];
  function gtag(){dataLayer.push(arguments);}
  gtag('js', new Date());

  gtag('config', 'UA-26211653-1');
</script>
<!-- End Google Analytics -->
<!-- Venatus Ad Manager - Install in <HEAD> of page -->
	<script src="https://hb.vntsm.com/v3/live/ad-manager.min.js" type="text/javascript" data-site-id="642aba63ec9a7b11c3c9c1be" data-mode="scan" async></script>
<!-- / Venatus Ad Manager -->

<style>
	@media (max-width:820px) {
		.battle {
			margin: 0 auto;
		}
		.battle-log {
			margin: 7px auto 0;
			max-width: 640px;
			height: 300px;
			position: static;
		}
	}
	.optgroup {
		display: inline-block;
		line-height: 22px;
		font-size: 10pt;
	}
	.optgroup .button {
		height: 25px;
		padding-top: 0;
		padding-bottom: 0;
	}
	.optgroup button.button {
		padding-left: 12px;
		padding-right: 12px;
	}
	.linklist {
		list-style: none;
		margin: 0.5em 0;
		padding: 0;
	}
	.linklist li {
		padding: 2px 0;
	}
	.sidebar {
		float: left;
		width: 320px;
	}
	.bar-wrapper {
		max-width: 1100px;
		margin: 0 auto;
	}
	.bar-wrapper.has-sidebar {
		max-width: 1430px;
	}
	.mainbar {
		margin: 0;
		padding-right: 1px;
	}
	.mainbar.has-sidebar {
		margin-left: 330px;
	}
	@media (min-width: 1511px) {
		.sidebar {
			width: 400px;
		}
		.bar-wrapper.has-sidebar {
			max-width: 1510px;
		}
		.mainbar.has-sidebar {
			margin-left: 410px;
		}
	}
	.section.first-section {
		margin-top: 9px;
	}
	.blocklink small {
		white-space: normal;
	}
	.button {
		vertical-align: middle;
	}
	.replay-controls {
		padding-top: 10px;
	}
	.replay-controls h1 {
		font-size: 16pt;
		font-weight: normal;
		color: #CCC;
	}
	.pagelink {
		text-align: center;
	}
	.pagelink a {
		width: 150px;
	}
	.textbox, .button {
		font-size: 11pt;
		vertical-align: middle;
	}
	@media (max-width: 450px) {
		.button {
			font-size: 9pt;
		}
	}
</style>

<div>

	<header>
		<div class="nav-wrapper"><ul class="nav">
			<li><a class="button nav-first" href="//pokemonshowdown.com/"><img src="//pokemonshowdown.com/images/pokemonshowdownbeta.png" srcset="//pokemonshowdown.com/images/pokemonshowdownbeta.png 1x, //pokemonshowdown.com/images/pokemonshowdownbeta@2x.png 2x" alt="Pok&eacute;mon Showdown" width="146" height="44" /> Home</a></li>
			<li><a class="button" href="//pokemonshowdown.com/dex/">Pok&eacute;dex</a></li>
			<li><a class="button cur" href="/">Replays</a></li>
			<li><a class="button" href="//pokemonshowdown.com/ladder/">Ladder</a></li>
			<li><a class="button nav-last" href="//pokemonshowdown.com/forums/">Forum</a></li>
			<li><a class="button greenbutton nav-first nav-last" href="//play.pokemonshowdown.com/">Play</a></li>
		</ul></div>
	</header>

	<div class="main" id="main">

		<noscript><section class="section">You need to enable JavaScript to use this page; sorry!</section></noscript>

	</div>

</div>

<script defer nomodule src="//play.pokemonshowdown.com/js/lib/ps-polyfill.js"></script>
<script defer src="//play.pokemonshowdown.com/js/lib/preact.min.js"></script>

<script defer src="//play.pokemonshowdown.com/config/config.js?6dec07f6"></script>
<script defer src="//play.pokemonshowdown.com/js/lib/jquery-1.11.0.min.js"></script>
<script defer src="//play.pokemonshowdown.com/js/lib/html-sanitizer-minified.js"></script>
<script defer src="//play.pokemonshowdown.com/js/battle-sound.js"></script>
<script defer src="//play.pokemonshowdown.com/js/battledata.js?0.6315294753075389"></script>
<script defer src="//play.pokemonshowdown.com/data/pokedex-mini.js?0.7603743185311358"></script>
<script defer src="//play.pokemonshowdown.com/data/pokedex-mini-bw.js?0.030888842834281283"></script>
<script defer src="//play.pokemonshowdown.com/data/graphics.js?0.05593094747507488"></script>
<script defer src="//play.pokemonshowdown.com/data/pokedex.js?0.47064822249611904"></script>
<script defer src="//play.pokemonshowdown.com/data/moves.js?0.8583693120512459"></script>
<script defer src="//play.pokemonshowdown.com/data/abilities.js?0.16017181182386842"></script>
<script defer src="//play.pokemonshowdown.com/data/items.js?0.4163379185673943"></script>
<script defer src="//play.pokemonshowdown.com/data/teambuilder-tables.js?0.31075597372830477"></script>
<script defer src="//play.pokemonshowdown.com/js/battle-tooltips.js?0.6536193500708172"></script>
<script defer src="//play.pokemonshowdown.com/js/battle.js?0.1916591943277901"></script>

<script defer src="js/utils.js?e31f9a17"></script>
<script defer src="js/replays-battle.js?7008c182"></script>

<!-- don't scrape this data! just add .json or .log after the URL!
Full API docs: https://github.com/smogon/pokemon-showdown-client/blob/master/WEB-API.md -->
<script type="text/plain" class="log" id="replaylog-smogtours-gen3ou-796512">
|inactive|Battle timer is ON: inactive players will automatically lose when time's up.
|t:|1728424810
|gametype|singles
|player|p1|elale0803|shauntal|
|player|p2|Cow XI|lucas|
|teamsize|p1|6
|teamsize|p2|6
|gen|3
|tier|[Gen 3] OU
|rule|Sleep Clause Mod: Limit one foe put to sleep
|rule|Switch Priority Clause Mod: Faster Pokémon switch first
|rule|Species Clause: Limit one of each Pokémon
|rule|OHKO Clause: OHKO moves are banned
|rule|Evasion Items Clause: Evasion items are banned
|rule|Evasion Moves Clause: Evasion moves are banned
|rule|Endless Battle Clause: Forcing endless battles is banned
|rule|HP Percentage Mod: HP is shown in percentages
|rule|One Boost Passer Clause: Limit one Baton Passer that has a way to boost its stats
|rule|Freeze Clause Mod: Limit one foe frozen
|
|t:|1728424810
|start
|switch|p1a: Quagsire Showdown|Zapdos|100/100
|switch|p2a: Tyranitar|Tyranitar, M|100/100
|-weather|Sandstorm|[from] ability: Sand Stream|[of] p2a: Tyranitar
|turn|1
|
|t:|1728424826
|switch|p1a: スイクン|Suicune|100/100
|move|p2a: Tyranitar|Rock Slide|p1a: スイクン
|-damage|p1a: スイクン|75/100
|
|-weather|Sandstorm|[upkeep]
|-damage|p1a: スイクン|69/100|[from] Sandstorm
|-heal|p1a: スイクン|75/100|[from] item: Leftovers
|upkeep
|turn|2
|
|t:|1728424846
|switch|p2a: Blissey|Blissey, F|100/100
|move|p1a: スイクン|Ice Beam|p2a: Blissey
|-damage|p2a: Blissey|93/100
|-status|p2a: Blissey|frz
|
|-weather|Sandstorm|[upkeep]
|-damage|p1a: スイクン|69/100|[from] Sandstorm
|-damage|p2a: Blissey|87/100 frz|[from] Sandstorm
|-heal|p1a: スイクン|75/100|[from] item: Leftovers
|-heal|p2a: Blissey|93/100 frz|[from] item: Leftovers
|upkeep
|turn|3
|
|t:|1728424854
|-curestatus|p2a: Blissey|frz|[from] ability: Natural Cure
|switch|p2a: Starmie|Starmie|100/100
|move|p1a: スイクン|Calm Mind|p1a: スイクン
|-boost|p1a: スイクン|spa|1
|-boost|p1a: スイクン|spd|1
|
|-weather|Sandstorm|[upkeep]
|-damage|p2a: Starmie|94/100|[from] Sandstorm
|-damage|p1a: スイクン|69/100|[from] Sandstorm
|-heal|p2a: Starmie|100/100|[from] item: Leftovers
|-heal|p1a: スイクン|75/100|[from] item: Leftovers
|upkeep
|turn|4
|
|t:|1728424865
|switch|p2a: Blissey|Blissey, F|93/100
|switch|p1a: Quagsire Showdown|Zapdos|100/100
|
|-weather|Sandstorm|[upkeep]
|-damage|p1a: Quagsire Showdown|94/100|[from] Sandstorm
|-damage|p2a: Blissey|87/100|[from] Sandstorm
|-heal|p1a: Quagsire Showdown|100/100|[from] item: Leftovers
|-heal|p2a: Blissey|93/100|[from] item: Leftovers
|upkeep
|turn|5
|
|t:|1728424881
|move|p1a: Quagsire Showdown|Thunderbolt|p2a: Blissey
|-damage|p2a: Blissey|78/100
|move|p2a: Blissey|Sing|p1a: Quagsire Showdown
|-status|p1a: Quagsire Showdown|slp|[from] move: Sing
|
|-weather|Sandstorm|[upkeep]
|-damage|p1a: Quagsire Showdown|94/100 slp|[from] Sandstorm
|-damage|p2a: Blissey|72/100|[from] Sandstorm
|-heal|p1a: Quagsire Showdown|100/100 slp|[from] item: Leftovers
|-heal|p2a: Blissey|78/100|[from] item: Leftovers
|upkeep
|turn|6
|
|t:|1728424892
|cant|p1a: Quagsire Showdown|slp
|move|p2a: Blissey|Ice Beam|p1a: Quagsire Showdown
|-supereffective|p1a: Quagsire Showdown
|-damage|p1a: Quagsire Showdown|67/100 slp
|
|-weather|Sandstorm|[upkeep]
|-damage|p1a: Quagsire Showdown|61/100 slp|[from] Sandstorm
|-damage|p2a: Blissey|72/100|[from] Sandstorm
|-heal|p1a: Quagsire Showdown|67/100 slp|[from] item: Leftovers
|-heal|p2a: Blissey|78/100|[from] item: Leftovers
|upkeep
|turn|7
|
|t:|1728424900
|switch|p1a: スイクン|Suicune|75/100
|move|p2a: Blissey|Ice Beam|p1a: スイクン
|-resisted|p1a: スイクン
|-damage|p1a: スイクン|67/100
|
|-weather|Sandstorm|[upkeep]
|-damage|p1a: スイクン|61/100|[from] Sandstorm
|-damage|p2a: Blissey|72/100|[from] Sandstorm
|-heal|p1a: スイクン|67/100|[from] item: Leftovers
|-heal|p2a: Blissey|78/100|[from] item: Leftovers
|upkeep
|turn|8
|
|t:|1728424906
|move|p1a: スイクン|Calm Mind|p1a: スイクン
|-boost|p1a: スイクン|spa|1
|-boost|p1a: スイクン|spd|1
|move|p2a: Blissey|Seismic Toss|p1a: スイクン
|-damage|p1a: スイクン|42/100
|
|-weather|Sandstorm|[upkeep]
|-damage|p1a: スイクン|36/100|[from] Sandstorm
|-damage|p2a: Blissey|72/100|[from] Sandstorm
|-heal|p1a: スイクン|42/100|[from] item: Leftovers
|-heal|p2a: Blissey|78/100|[from] item: Leftovers
|upkeep
|turn|9
|
|t:|1728424923
|move|p1a: スイクン|Surf|p2a: Blissey
|-damage|p2a: Blissey|61/100
|move|p2a: Blissey|Seismic Toss|p1a: スイクン
|-damage|p1a: スイクン|18/100
|
|-weather|Sandstorm|[upkeep]
|-damage|p1a: スイクン|11/100|[from] Sandstorm
|-damage|p2a: Blissey|55/100|[from] Sandstorm
|-heal|p1a: スイクン|18/100|[from] item: Leftovers
|-heal|p2a: Blissey|61/100|[from] item: Leftovers
|upkeep
|turn|10
|
|t:|1728424945
|move|p1a: スイクン|Surf|p2a: Blissey
|-damage|p2a: Blissey|43/100
|move|p2a: Blissey|Soft-Boiled|p2a: Blissey
|-heal|p2a: Blissey|93/100
|
|-weather|Sandstorm|[upkeep]
|-damage|p1a: スイクン|11/100|[from] Sandstorm
|-damage|p2a: Blissey|87/100|[from] Sandstorm
|-heal|p1a: スイクン|18/100|[from] item: Leftovers
|-heal|p2a: Blissey|93/100|[from] item: Leftovers
|upkeep
|turn|11
|
|t:|1728424952
|move|p1a: スイクン|Surf|p2a: Blissey
|-damage|p2a: Blissey|74/100
|move|p2a: Blissey|Seismic Toss|p1a: スイクン
|-damage|p1a: スイクン|0 fnt
|faint|p1a: スイクン
|
|t:|1728424955
|switch|p1a: ダグトリオ|Dugtrio, M|100/100
|
|-weather|Sandstorm|[upkeep]
|-damage|p2a: Blissey|68/100|[from] Sandstorm
|-heal|p2a: Blissey|74/100|[from] item: Leftovers
|upkeep
|turn|12
|
|t:|1728424961
|move|p1a: ダグトリオ|Earthquake|p2a: Blissey
|-damage|p2a: Blissey|16/100
|move|p2a: Blissey|Ice Beam|p1a: ダグトリオ
|-supereffective|p1a: ダグトリオ
|-damage|p1a: ダグトリオ|7/100
|
|-weather|Sandstorm|[upkeep]
|-damage|p2a: Blissey|10/100|[from] Sandstorm
|-heal|p2a: Blissey|16/100|[from] item: Leftovers
|upkeep
|turn|13
|
|t:|1728424965
|move|p1a: ダグトリオ|Earthquake|p2a: Blissey
|-damage|p2a: Blissey|0 fnt
|faint|p2a: Blissey
|
|t:|1728424970
|switch|p2a: Skarmory|Skarmory, M|100/100
|
|-weather|Sandstorm|[upkeep]
|upkeep
|turn|14
|
|t:|1728424979
|switch|p1a: Quagsire Showdown|Zapdos|67/100 slp
|move|p2a: Skarmory|Spikes|p1a: Quagsire Showdown
|-sidestart|p1: elale0803|Spikes
|
|-weather|Sandstorm|[upkeep]
|-damage|p1a: Quagsire Showdown|61/100 slp|[from] Sandstorm
|-heal|p1a: Quagsire Showdown|67/100 slp|[from] item: Leftovers
|upkeep
|turn|15
|
|t:|1728424992
|switch|p2a: Tyranitar|Tyranitar, M|100/100
|cant|p1a: Quagsire Showdown|slp
|
|-weather|Sandstorm|[upkeep]
|-damage|p1a: Quagsire Showdown|61/100 slp|[from] Sandstorm
|-heal|p1a: Quagsire Showdown|67/100 slp|[from] item: Leftovers
|upkeep
|turn|16
|
|t:|1728424999
|switch|p1a: ネンドール|Claydol|100/100
|move|p2a: Tyranitar|Rock Slide|p1a: ネンドール
|-resisted|p1a: ネンドール
|-damage|p1a: ネンドール|85/100
|
|-weather|Sandstorm|[upkeep]
|-heal|p1a: ネンドール|91/100|[from] item: Leftovers
|upkeep
|turn|17
|inactive|Cow XI has 270 seconds left.
|
|t:|1728425045
|switch|p1a: Quagsire Showdown|Zapdos|67/100 slp
|move|p2a: Tyranitar|Hidden Power|p1a: Quagsire Showdown
|-resisted|p1a: Quagsire Showdown
|-damage|p1a: Quagsire Showdown|54/100 slp
|
|-weather|Sandstorm|[upkeep]
|-damage|p1a: Quagsire Showdown|47/100 slp|[from] Sandstorm
|-heal|p1a: Quagsire Showdown|54/100 slp|[from] item: Leftovers
|upkeep
|turn|18
|
|t:|1728425058
|switch|p1a: ネンドール|Claydol|91/100
|move|p2a: Tyranitar|Rock Slide|p1a: ネンドール
|-resisted|p1a: ネンドール
|-damage|p1a: ネンドール|75/100
|
|-weather|Sandstorm|[upkeep]
|-heal|p1a: ネンドール|81/100|[from] item: Leftovers
|upkeep
|turn|19
|
|t:|1728425066
|move|p1a: ネンドール|Rapid Spin|p2a: Tyranitar
|-resisted|p2a: Tyranitar
|-damage|p2a: Tyranitar|99/100
|-sideend|p1: elale0803|Spikes|[from] move: Rapid Spin|[of] p1a: ネンドール
|move|p2a: Tyranitar|Hidden Power|p1a: ネンドール
|-supereffective|p1a: ネンドール
|-damage|p1a: ネンドール|37/100
|
|-weather|Sandstorm|[upkeep]
|-heal|p1a: ネンドール|43/100|[from] item: Leftovers
|-heal|p2a: Tyranitar|100/100|[from] item: Leftovers
|upkeep
|turn|20
|inactive|Cow XI has 270 seconds left.
|
|t:|1728425082
|switch|p2a: Skarmory|Skarmory, M|100/100
|move|p1a: ネンドール|Earthquake|p2a: Skarmory
|-immune|p2a: Skarmory
|
|-weather|Sandstorm|[upkeep]
|-heal|p1a: ネンドール|49/100|[from] item: Leftovers
|upkeep
|turn|21
|
|t:|1728425098
|move|p2a: Skarmory|Thief|p1a: ネンドール
|-supereffective|p1a: ネンドール
|-damage|p1a: ネンドール|42/100
|-enditem|p1a: ネンドール|Leftovers|[silent]|[from] move: Thief|[of] p2a: Skarmory
|-item|p2a: Skarmory|Leftovers|[from] move: Thief|[of] p1a: ネンドール
|move|p1a: ネンドール|Rest|p1a: ネンドール
|-status|p1a: ネンドール|slp|[from] move: Rest
|-heal|p1a: ネンドール|100/100 slp|[silent]
|
|-weather|Sandstorm|[upkeep]
|upkeep
|turn|22
|inactive|Cow XI has 270 seconds left.
|
|t:|1728425110
|switch|p1a: Quagsire Showdown|Zapdos|54/100 slp
|move|p2a: Skarmory|Spikes|p1a: Quagsire Showdown
|-sidestart|p1: elale0803|Spikes
|
|-weather|Sandstorm|[upkeep]
|-damage|p1a: Quagsire Showdown|47/100 slp|[from] Sandstorm
|-heal|p1a: Quagsire Showdown|54/100 slp|[from] item: Leftovers
|upkeep
|turn|23
|
|t:|1728425117
|switch|p2a: Tyranitar|Tyranitar, M|100/100
|cant|p1a: Quagsire Showdown|slp
|
|-weather|Sandstorm|[upkeep]
|-damage|p1a: Quagsire Showdown|47/100 slp|[from] Sandstorm
|-heal|p1a: Quagsire Showdown|54/100 slp|[from] item: Leftovers
|upkeep
|turn|24
|
|t:|1728425129
|switch|p1a: エアームド|Skarmory, F|100/100
|move|p2a: Tyranitar|Rock Slide|p1a: エアームド
|-damage|p1a: エアームド|70/100
|
|-weather|Sandstorm|[upkeep]
|-heal|p1a: エアームド|76/100|[from] item: Leftovers
|upkeep
|turn|25
|
|t:|1728425137
|-singleturn|p2a: Tyranitar|move: Focus Punch
|move|p1a: エアームド|Spikes|p2a: Tyranitar
|-sidestart|p2: Cow XI|Spikes
|move|p2a: Tyranitar|Focus Punch|p1a: エアームド
|-damage|p1a: エアームド|29/100
|
|-weather|Sandstorm|[upkeep]
|-heal|p1a: エアームド|35/100|[from] item: Leftovers
|upkeep
|turn|26
|
|t:|1728425152
|switch|p1a: ネンドール|Claydol|100/100 slp
|move|p2a: Tyranitar|Rock Slide|p1a: ネンドール
|-resisted|p1a: ネンドール
|-damage|p1a: ネンドール|85/100 slp
|
|-weather|Sandstorm|[upkeep]
|upkeep
|turn|27
|
|t:|1728425156
|switch|p1a: Quagsire Showdown|Zapdos|54/100 slp
|move|p2a: Tyranitar|Hidden Power|p1a: Quagsire Showdown
|-resisted|p1a: Quagsire Showdown
|-damage|p1a: Quagsire Showdown|39/100 slp
|
|-weather|Sandstorm|[upkeep]
|-damage|p1a: Quagsire Showdown|33/100 slp|[from] Sandstorm
|-heal|p1a: Quagsire Showdown|39/100 slp|[from] item: Leftovers
|upkeep
|turn|28
|
|t:|1728425164
|-curestatus|p1a: Quagsire Showdown|slp|[msg]
|move|p1a: Quagsire Showdown|Thunderbolt|p2a: Tyranitar
|-damage|p2a: Tyranitar|69/100
|move|p2a: Tyranitar|Rock Slide|p1a: Quagsire Showdown
|-supereffective|p1a: Quagsire Showdown
|-damage|p1a: Quagsire Showdown|0 fnt
|faint|p1a: Quagsire Showdown
|
|t:|1728425170
|switch|p1a: ダグトリオ|Dugtrio, M|7/100
|-damage|p1a: ダグトリオ|0 fnt|[from] Spikes
|faint|p1a: ダグトリオ
|
|t:|1728425175
|switch|p1a: エアームド|Skarmory, F|35/100
|
|-weather|Sandstorm|[upkeep]
|-heal|p1a: エアームド|41/100|[from] item: Leftovers
|-heal|p2a: Tyranitar|75/100|[from] item: Leftovers
|upkeep
|turn|29
|
|t:|1728425179
|move|p1a: エアームド|Drill Peck|p2a: Tyranitar
|-resisted|p2a: Tyranitar
|-damage|p2a: Tyranitar|65/100
|move|p2a: Tyranitar|Rock Slide|p1a: エアームド
|-damage|p1a: エアームド|5/100
|
|-weather|Sandstorm|[upkeep]
|-heal|p1a: エアームド|11/100|[from] item: Leftovers
|-heal|p2a: Tyranitar|71/100|[from] item: Leftovers
|upkeep
|turn|30
|c|☆elale0803|gg
|c|☆Cow XI|gg
|-message|elale0803 forfeited.
|
|win|Cow XI
|c|☆elale0803|wd
|player|p1|

</script>
<script type="application/json" class="data" id="replaydata-smogtours-gen3ou-796512">
{"id":"smogtours-gen3ou-796512","format":"[Gen 3] OU","players":["elale0803","Cow XI"],"uploadtime":1728425196,"views":97,"formatid":"gen3ou","rating":null,"private":0,"password":null}
</script>

<script defer src="js/replays.js?9d40a366"></script>
