<!DOCTYPE html>
<meta charset="utf-8" />
<meta name="viewport" content="width=device-width" />

<title>[Gen 3] OU: Johnathan Gamer vs. Just_Leonardo - Replays - Pok&eacute;mon Showdown!</title>

<meta name="description" content="Watch a replay of a Pok&eacute;mon battle between Johnathan Gamer and Just_Leonardo! Format: [Gen 3] OU; Date: Oct 12, 2024" />
<!--

Hey, you! Looking in the source for the replay log?

You can find them in JSON format, just add `.json` at the end of a replay URL.

https://replay.pokemonshowdown.com/gen7randomdoublesbattle-865046831.json

Or, if you only need the log itself, add `.log` instead:

https://replay.pokemonshowdown.com/gen7randomdoublesbattle-865046831.log

-->

<link rel="stylesheet" href="//pokemonshowdown.com/style/global.css?0.023195364461161105" />
<link rel="stylesheet" href="//play.pokemonshowdown.com/style/font-awesome.css?0.13261647063804238" />
<link rel="stylesheet" href="//play.pokemonshowdown.com/style/battle.css?0.8753245789963631" />
<link rel="stylesheet" href="//play.pokemonshowdown.com/style/utilichart.css?0.8627959624976733" />

<!-- Global site tag (gtag.js) - Google Analytics -->
<script async src="https://www.googletagmanager.com/gtag/js?id=UA-26211653-1"></script>
<script>
  window.dataLayer = window.dataLayer || [];
  function gtag(){dataLayer.push(arguments);}
  gtag('js', new Date());

  gtag('config', 'UA-26211653-1');
</script>
<!-- End Google Analytics -->
<!-- Venatus Ad Manager - Install in <HEAD> of page -->
	<script src="https://hb.vntsm.com/v3/live/ad-manager.min.js" type="text/javascript" data-site-id="642aba63ec9a7b11c3c9c1be" data-mode="scan" async></script>
<!-- / Venatus Ad Manager -->

<style>
	@media (max-width:820px) {
		.battle {
			margin: 0 auto;
		}
		.battle-log {
			margin: 7px auto 0;
			max-width: 640px;
			height: 300px;
			position: static;
		}
	}
	.optgroup {
		display: inline-block;
		line-height: 22px;
		font-size: 10pt;
	}
	.optgroup .button {
		height: 25px;
		padding-top: 0;
		padding-bottom: 0;
	}
	.optgroup button.button {
		padding-left: 12px;
		padding-right: 12px;
	}
	.linklist {
		list-style: none;
		margin: 0.5em 0;
		padding: 0;
	}
	.linklist li {
		padding: 2px 0;
	}
	.sidebar {
		float: left;
		width: 320px;
	}
	.bar-wrapper {
		max-width: 1100px;
		margin: 0 auto;
	}
	.bar-wrapper.has-sidebar {
		max-width: 1430px;
	}
	.mainbar {
		margin: 0;
		padding-right: 1px;
	}
	.mainbar.has-sidebar {
		margin-left: 330px;
	}
	@media (min-width: 1511px) {
		.sidebar {
			width: 400px;
		}
		.bar-wrapper.has-sidebar {
			max-width: 1510px;
		}
		.mainbar.has-sidebar {
			margin-left: 410px;
		}
	}
	.section.first-section {
		margin-top: 9px;
	}
	.blocklink small {
		white-space: normal;
	}
	.button {
		vertical-align: middle;
	}
	.replay-controls {
		padding-top: 10px;
	}
	.replay-controls h1 {
		font-size: 16pt;
		font-weight: normal;
		color: #CCC;
	}
	.pagelink {
		text-align: center;
	}
	.pagelink a {
		width: 150px;
	}
	.textbox, .button {
		font-size: 11pt;
		vertical-align: middle;
	}
	@media (max-width: 450px) {
		.button {
			font-size: 9pt;
		}
	}
</style>

<div>

	<header>
		<div class="nav-wrapper"><ul class="nav">
			<li><a class="button nav-first" href="//pokemonshowdown.com/"><img src="//pokemonshowdown.com/images/pokemonshowdownbeta.png" srcset="//pokemonshowdown.com/images/pokemonshowdownbeta.png 1x, //pokemonshowdown.com/images/pokemonshowdownbeta@2x.png 2x" alt="Pok&eacute;mon Showdown" width="146" height="44" /> Home</a></li>
			<li><a class="button" href="//pokemonshowdown.com/dex/">Pok&eacute;dex</a></li>
			<li><a class="button cur" href="/">Replays</a></li>
			<li><a class="button" href="//pokemonshowdown.com/ladder/">Ladder</a></li>
			<li><a class="button nav-last" href="//pokemonshowdown.com/forums/">Forum</a></li>
			<li><a class="button greenbutton nav-first nav-last" href="//play.pokemonshowdown.com/">Play</a></li>
		</ul></div>
	</header>

	<div class="main" id="main">

		<noscript><section class="section">You need to enable JavaScript to use this page; sorry!</section></noscript>

	</div>

</div>

<script defer nomodule src="//play.pokemonshowdown.com/js/lib/ps-polyfill.js"></script>
<script defer src="//play.pokemonshowdown.com/js/lib/preact.min.js"></script>

<script defer src="//play.pokemonshowdown.com/config/config.js?2bddbc15"></script>
<script defer src="//play.pokemonshowdown.com/js/lib/jquery-1.11.0.min.js"></script>
<script defer src="//play.pokemonshowdown.com/js/lib/html-sanitizer-minified.js"></script>
<script defer src="//play.pokemonshowdown.com/js/battle-sound.js"></script>
<script defer src="//play.pokemonshowdown.com/js/battledata.js?0.7209276989879541"></script>
<script defer src="//play.pokemonshowdown.com/data/pokedex-mini.js?0.6111056340867951"></script>
<script defer src="//play.pokemonshowdown.com/data/pokedex-mini-bw.js?0.3532142036491459"></script>
<script defer src="//play.pokemonshowdown.com/data/graphics.js?0.24223875632456182"></script>
<script defer src="//play.pokemonshowdown.com/data/pokedex.js?0.38839984266356864"></script>
<script defer src="//play.pokemonshowdown.com/data/moves.js?0.21866028504024015"></script>
<script defer src="//play.pokemonshowdown.com/data/abilities.js?0.2005157953846628"></script>
<script defer src="//play.pokemonshowdown.com/data/items.js?0.9894211263848525"></script>
<script defer src="//play.pokemonshowdown.com/data/teambuilder-tables.js?0.6008791140282215"></script>
<script defer src="//play.pokemonshowdown.com/js/battle-tooltips.js?0.7580118955022959"></script>
<script defer src="//play.pokemonshowdown.com/js/battle.js?0.6057722274234274"></script>

<script defer src="js/utils.js?e31f9a17"></script>
<script defer src="js/replays-battle.js?7008c182"></script>

<!-- don't scrape this data! just add .json or .log after the URL!
Full API docs: https://github.com/smogon/pokemon-showdown-client/blob/master/WEB-API.md -->
<script type="text/plain" class="log" id="replaylog-smogtours-gen3ou-797404">
|inactive|Battle timer is ON: inactive players will automatically lose when time's up.
|t:|1728737525
|gametype|singles
|player|p1|Johnathan Gamer|fisherman-gen4|
|player|p2|Just_Leonardo|hiker-gen4|
|teamsize|p1|6
|teamsize|p2|6
|gen|3
|tier|[Gen 3] OU
|rule|Sleep Clause Mod: Limit one foe put to sleep
|rule|Switch Priority Clause Mod: Faster Pokémon switch first
|rule|Species Clause: Limit one of each Pokémon
|rule|OHKO Clause: OHKO moves are banned
|rule|Evasion Items Clause: Evasion items are banned
|rule|Evasion Moves Clause: Evasion moves are banned
|rule|Endless Battle Clause: Forcing endless battles is banned
|rule|HP Percentage Mod: HP is shown in percentages
|rule|One Boost Passer Clause: Limit one Baton Passer that has a way to boost its stats
|rule|Freeze Clause Mod: Limit one foe frozen
|
|t:|1728737525
|start
|switch|p1a: Jolteon|Jolteon, F|100/100
|switch|p2a: Terry|Tyranitar, M|100/100
|-weather|Sandstorm|[from] ability: Sand Stream|[of] p2a: Terry
|turn|1
|c|☆Just_Leonardo|hf
|
|t:|1728737548
|move|p1a: Jolteon|Baton Pass|p1a: Jolteon
|c|☆Johnathan Gamer|u2
|
|t:|1728737553
|switch|p1a: Milotic|Milotic, M|100/100|[from] Baton Pass
|move|p2a: Terry|Crunch|p1a: Milotic
|-damage|p1a: Milotic|75/100
|
|-weather|Sandstorm|[upkeep]
|-damage|p1a: Milotic|69/100|[from] Sandstorm
|-heal|p1a: Milotic|75/100|[from] item: Leftovers
|upkeep
|turn|2
|c|☆Johnathan Gamer|please no spdef drops this time
|c|☆Just_Leonardo|Seems like a familiar start
|c|☆Johnathan Gamer|if my milo goes to 0.5 again I'm gonna be upset lmfao
|inactive|Just_Leonardo has 270 seconds left.
|
|t:|1728737592
|switch|p2a: Joy|Blissey, F|100/100
|move|p1a: Milotic|Toxic|p2a: Joy
|-status|p2a: Joy|tox
|
|-weather|Sandstorm|[upkeep]
|-damage|p1a: Milotic|69/100|[from] Sandstorm
|-damage|p2a: Joy|94/100 tox|[from] Sandstorm
|-heal|p1a: Milotic|75/100|[from] item: Leftovers
|-heal|p2a: Joy|100/100 tox|[from] item: Leftovers
|-damage|p2a: Joy|94/100 tox|[from] psn
|upkeep
|turn|3
|inactive|Just_Leonardo has 270 seconds left.
|
|t:|1728737615
|switch|p1a: Jolteon|Jolteon, F|100/100
|-curestatus|p2a: Joy|tox|[from] ability: Natural Cure
|switch|p2a: Drake|Salamence, M|100/100
|-ability|p2a: Drake|Intimidate|boost
|-unboost|p1a: Jolteon|atk|1
|
|-weather|Sandstorm|[upkeep]
|-damage|p1a: Jolteon|94/100|[from] Sandstorm
|-damage|p2a: Drake|94/100|[from] Sandstorm
|-heal|p1a: Jolteon|100/100|[from] item: Leftovers
|-heal|p2a: Drake|100/100|[from] item: Leftovers
|upkeep
|turn|4
|
|t:|1728737628
|switch|p2a: Axol|Swampert, M|100/100
|move|p1a: Jolteon|Substitute|p1a: Jolteon
|-start|p1a: Jolteon|Substitute
|-damage|p1a: Jolteon|76/100
|
|-weather|Sandstorm|[upkeep]
|-damage|p1a: Jolteon|69/100|[from] Sandstorm
|-heal|p1a: Jolteon|76/100|[from] item: Leftovers
|upkeep
|turn|5
|
|t:|1728737644
|move|p2a: Axol|Protect|p2a: Axol
|-singleturn|p2a: Axol|Protect
|move|p1a: Jolteon|Baton Pass|p1a: Jolteon
|
|t:|1728737646
|switch|p1a: Celebi|Celebi|100/100|[from] Baton Pass
|
|-weather|Sandstorm|[upkeep]
|-damage|p1a: Celebi|94/100|[from] Sandstorm
|-heal|p1a: Celebi|100/100|[from] item: Leftovers
|upkeep
|turn|6
|
|t:|1728737650
|switch|p2a: Drake|Salamence, M|100/100
|move|p1a: Celebi|Calm Mind|p1a: Celebi
|-boost|p1a: Celebi|spa|1
|-boost|p1a: Celebi|spd|1
|
|-weather|Sandstorm|[upkeep]
|-damage|p2a: Drake|94/100|[from] Sandstorm
|-damage|p1a: Celebi|94/100|[from] Sandstorm
|-heal|p2a: Drake|100/100|[from] item: Leftovers
|-heal|p1a: Celebi|100/100|[from] item: Leftovers
|upkeep
|turn|7
|
|t:|1728737652
|move|p1a: Celebi|Baton Pass|p1a: Celebi
|
|t:|1728737654
|switch|p1a: Jolteon|Jolteon, F|76/100|[from] Baton Pass
|move|p2a: Drake|Roar|p1a: Jolteon
|drag|p1a: Kingdra|Kingdra, M|100/100
|
|-weather|Sandstorm|[upkeep]
|-damage|p2a: Drake|94/100|[from] Sandstorm
|-damage|p1a: Kingdra|95/100|[from] Sandstorm
|-heal|p2a: Drake|100/100|[from] item: Leftovers
|upkeep
|turn|8
|inactive|Just_Leonardo has 270 seconds left.
|inactive|Johnathan Gamer has 270 seconds left.
|
|t:|1728737705
|switch|p2a: Giovanna|Forretress, F, shiny|100/100
|move|p1a: Kingdra|Ice Beam|p2a: Giovanna
|-resisted|p2a: Giovanna
|-damage|p2a: Giovanna|87/100
|
|-weather|Sandstorm|[upkeep]
|-damage|p1a: Kingdra|89/100|[from] Sandstorm
|-heal|p2a: Giovanna|93/100|[from] item: Leftovers
|upkeep
|turn|9
|inactive|Johnathan Gamer has 270 seconds left.
|
|t:|1728737712
|switch|p1a: Celebi|Celebi|100/100
|move|p2a: Giovanna|Spikes|p1a: Celebi
|-sidestart|p1: Johnathan Gamer|Spikes
|
|-weather|Sandstorm|[upkeep]
|-damage|p1a: Celebi|94/100|[from] Sandstorm
|-heal|p1a: Celebi|100/100|[from] item: Leftovers
|-heal|p2a: Giovanna|99/100|[from] item: Leftovers
|upkeep
|turn|10
|
|t:|1728737717
|switch|p2a: Drake|Salamence, M|100/100
|-ability|p2a: Drake|Intimidate|boost
|-unboost|p1a: Celebi|atk|1
|move|p1a: Celebi|Calm Mind|p1a: Celebi
|-boost|p1a: Celebi|spa|1
|-boost|p1a: Celebi|spd|1
|
|-weather|Sandstorm|[upkeep]
|-damage|p2a: Drake|94/100|[from] Sandstorm
|-damage|p1a: Celebi|94/100|[from] Sandstorm
|-heal|p2a: Drake|100/100|[from] item: Leftovers
|-heal|p1a: Celebi|100/100|[from] item: Leftovers
|upkeep
|turn|11
|
|t:|1728737721
|move|p1a: Celebi|Hidden Power|p2a: Drake
|-resisted|p2a: Drake
|-damage|p2a: Drake|82/100
|move|p2a: Drake|Roar|p1a: Celebi
|drag|p1a: Milotic|Milotic, M|75/100
|-damage|p1a: Milotic|63/100|[from] Spikes
|
|-weather|Sandstorm|[upkeep]
|-damage|p2a: Drake|76/100|[from] Sandstorm
|-damage|p1a: Milotic|57/100|[from] Sandstorm
|-heal|p2a: Drake|82/100|[from] item: Leftovers
|-heal|p1a: Milotic|63/100|[from] item: Leftovers
|upkeep
|turn|12
|inactive|Just_Leonardo has 270 seconds left.
|
|t:|1728737755
|switch|p2a: Joy|Blissey, F|94/100
|move|p1a: Milotic|Recover|p1a: Milotic
|-heal|p1a: Milotic|100/100
|
|-weather|Sandstorm|[upkeep]
|-damage|p1a: Milotic|94/100|[from] Sandstorm
|-damage|p2a: Joy|88/100|[from] Sandstorm
|-heal|p1a: Milotic|100/100|[from] item: Leftovers
|-heal|p2a: Joy|94/100|[from] item: Leftovers
|upkeep
|turn|13
|
|t:|1728737759
|move|p1a: Milotic|Toxic|p2a: Joy
|-status|p2a: Joy|tox
|move|p2a: Joy|Calm Mind|p2a: Joy
|-boost|p2a: Joy|spa|1
|-boost|p2a: Joy|spd|1
|
|-weather|Sandstorm|[upkeep]
|-damage|p1a: Milotic|94/100|[from] Sandstorm
|-damage|p2a: Joy|88/100 tox|[from] Sandstorm
|-heal|p1a: Milotic|100/100|[from] item: Leftovers
|-heal|p2a: Joy|94/100 tox|[from] item: Leftovers
|-damage|p2a: Joy|88/100 tox|[from] psn
|upkeep
|turn|14
|
|t:|1728737765
|switch|p1a: Celebi|Celebi|100/100
|-damage|p1a: Celebi|88/100|[from] Spikes
|move|p2a: Joy|Ice Beam|p1a: Celebi
|-supereffective|p1a: Celebi
|-damage|p1a: Celebi|27/100
|
|-weather|Sandstorm|[upkeep]
|-damage|p1a: Celebi|21/100|[from] Sandstorm
|-damage|p2a: Joy|82/100 tox|[from] Sandstorm
|-heal|p1a: Celebi|27/100|[from] item: Leftovers
|-heal|p2a: Joy|88/100 tox|[from] item: Leftovers
|-damage|p2a: Joy|76/100 tox|[from] psn
|upkeep
|turn|15
|
|t:|1728737779
|-curestatus|p2a: Joy|tox|[from] ability: Natural Cure
|switch|p2a: Drake|Salamence, M|82/100
|-ability|p2a: Drake|Intimidate|boost
|-unboost|p1a: Celebi|atk|1
|move|p1a: Celebi|Giga Drain|p2a: Drake
|-resisted|p2a: Drake
|-damage|p2a: Drake|75/100
|-heal|p1a: Celebi|30/100|[from] drain|[of] p2a: Drake
|
|-weather|Sandstorm|[upkeep]
|-damage|p2a: Drake|69/100|[from] Sandstorm
|-damage|p1a: Celebi|24/100|[from] Sandstorm
|-heal|p2a: Drake|75/100|[from] item: Leftovers
|-heal|p1a: Celebi|30/100|[from] item: Leftovers
|upkeep
|turn|16
|
|t:|1728737785
|move|p2a: Drake|Dragon Claw|p1a: Celebi
|-damage|p1a: Celebi|0 fnt
|faint|p1a: Celebi
|
|t:|1728737788
|switch|p1a: Jolteon|Jolteon, F|76/100
|-damage|p1a: Jolteon|63/100|[from] Spikes
|
|-weather|Sandstorm|[upkeep]
|-damage|p1a: Jolteon|57/100|[from] Sandstorm
|-damage|p2a: Drake|69/100|[from] Sandstorm
|-heal|p1a: Jolteon|63/100|[from] item: Leftovers
|-heal|p2a: Drake|75/100|[from] item: Leftovers
|upkeep
|turn|17
|
|t:|1728737793
|switch|p2a: Axol|Swampert, M|100/100
|move|p1a: Jolteon|Hidden Power|p2a: Axol
|-damage|p2a: Axol|83/100
|
|-weather|Sandstorm|[upkeep]
|-damage|p1a: Jolteon|57/100|[from] Sandstorm
|-heal|p1a: Jolteon|63/100|[from] item: Leftovers
|-heal|p2a: Axol|90/100|[from] item: Leftovers
|upkeep
|turn|18
|
|t:|1728737801
|move|p1a: Jolteon|Substitute|p1a: Jolteon
|-start|p1a: Jolteon|Substitute
|-damage|p1a: Jolteon|38/100
|move|p2a: Axol|Surf|p1a: Jolteon
|-crit|p1a: Jolteon
|-end|p1a: Jolteon|Substitute
|
|-weather|Sandstorm|[upkeep]
|-damage|p1a: Jolteon|32/100|[from] Sandstorm
|-heal|p1a: Jolteon|38/100|[from] item: Leftovers
|-heal|p2a: Axol|96/100|[from] item: Leftovers
|upkeep
|turn|19
|
|t:|1728737808
|move|p1a: Jolteon|Baton Pass|p1a: Jolteon
|
|t:|1728737815
|switch|p1a: Milotic|Milotic, M|100/100|[from] Baton Pass
|-damage|p1a: Milotic|88/100|[from] Spikes
|move|p2a: Axol|Toxic|p1a: Milotic
|-status|p1a: Milotic|tox
|
|-weather|Sandstorm|[upkeep]
|-damage|p1a: Milotic|82/100 tox|[from] Sandstorm
|-heal|p1a: Milotic|88/100 tox|[from] item: Leftovers
|-damage|p1a: Milotic|82/100 tox|[from] psn
|-heal|p2a: Axol|100/100|[from] item: Leftovers
|upkeep
|turn|20
|
|t:|1728737828
|switch|p1a: Dugtrio|Dugtrio, F|100/100
|-damage|p1a: Dugtrio|88/100|[from] Spikes
|switch|p2a: Giovanna|Forretress, F, shiny|99/100
|
|-weather|Sandstorm|[upkeep]
|-heal|p2a: Giovanna|100/100|[from] item: Leftovers
|upkeep
|turn|21
|
|t:|1728737847
|switch|p1a: Kingdra|Kingdra, M|89/100
|-damage|p1a: Kingdra|76/100|[from] Spikes
|move|p2a: Giovanna|Spikes|p1a: Kingdra
|-sidestart|p1: Johnathan Gamer|Spikes
|
|-weather|Sandstorm|[upkeep]
|-damage|p1a: Kingdra|70/100|[from] Sandstorm
|upkeep
|turn|22
|
|t:|1728737856
|move|p1a: Kingdra|Rain Dance|p1a: Kingdra
|-weather|RainDance
|move|p2a: Giovanna|Spikes|p1a: Kingdra
|-sidestart|p1: Johnathan Gamer|Spikes
|
|-weather|RainDance|[upkeep]
|upkeep
|turn|23
|inactive|Just_Leonardo has 270 seconds left.
|
|t:|1728737888
|switch|p2a: Terry|Tyranitar, M|100/100
|-weather|Sandstorm|[from] ability: Sand Stream|[of] p2a: Terry
|move|p1a: Kingdra|Surf|p2a: Terry
|-supereffective|p2a: Terry
|-damage|p2a: Terry|24/100
|
|-weather|Sandstorm|[upkeep]
|-damage|p1a: Kingdra|64/100|[from] Sandstorm
|-heal|p2a: Terry|30/100|[from] item: Leftovers
|upkeep
|turn|24
|inactive|Just_Leonardo has 270 seconds left.
|
|t:|1728737906
|move|p1a: Kingdra|Rain Dance|p1a: Kingdra
|-weather|RainDance
|move|p2a: Terry|Crunch|p1a: Kingdra
|-damage|p1a: Kingdra|30/100
|
|-weather|RainDance|[upkeep]
|-heal|p2a: Terry|36/100|[from] item: Leftovers
|upkeep
|turn|25
|inactive|Just_Leonardo has 270 seconds left.
|
|t:|1728737939
|switch|p2a: Giovanna|Forretress, F, shiny|100/100
|move|p1a: Kingdra|Surf|p2a: Giovanna
|-crit|p2a: Giovanna
|-damage|p2a: Giovanna|0 fnt
|faint|p2a: Giovanna
|
|t:|1728737947
|switch|p2a: Terry|Tyranitar, M|36/100
|-weather|Sandstorm|[from] ability: Sand Stream|[of] p2a: Terry
|
|-weather|Sandstorm|[upkeep]
|-damage|p1a: Kingdra|24/100|[from] Sandstorm
|-heal|p2a: Terry|43/100|[from] item: Leftovers
|upkeep
|turn|26
|
|t:|1728737954
|switch|p2a: Joy|Blissey, F|76/100
|move|p1a: Kingdra|Surf|p2a: Joy
|-damage|p2a: Joy|57/100
|
|-weather|Sandstorm|[upkeep]
|-damage|p1a: Kingdra|18/100|[from] Sandstorm
|-damage|p2a: Joy|51/100|[from] Sandstorm
|-heal|p2a: Joy|57/100|[from] item: Leftovers
|upkeep
|turn|27
|
|t:|1728737960
|move|p1a: Kingdra|Rain Dance|p1a: Kingdra
|-weather|RainDance
|move|p2a: Joy|Soft-Boiled|p2a: Joy
|-heal|p2a: Joy|100/100
|
|-weather|RainDance|[upkeep]
|upkeep
|turn|28
|
|t:|1728737964
|switch|p2a: Terry|Tyranitar, M|43/100
|-weather|Sandstorm|[from] ability: Sand Stream|[of] p2a: Terry
|move|p1a: Kingdra|Surf|p2a: Terry
|-supereffective|p2a: Terry
|-damage|p2a: Terry|0 fnt
|faint|p2a: Terry
|
|t:|1728737966
|switch|p2a: Drake|Salamence, M|75/100
|-ability|p2a: Drake|Intimidate|boost
|-unboost|p1a: Kingdra|atk|1
|
|-weather|Sandstorm|[upkeep]
|-damage|p2a: Drake|69/100|[from] Sandstorm
|-damage|p1a: Kingdra|12/100|[from] Sandstorm
|-heal|p2a: Drake|75/100|[from] item: Leftovers
|upkeep
|turn|29
|
|t:|1728737970
|move|p2a: Drake|Dragon Claw|p1a: Kingdra
|-supereffective|p1a: Kingdra
|-damage|p1a: Kingdra|0 fnt
|faint|p1a: Kingdra
|
|t:|1728737972
|switch|p1a: Jolteon|Jolteon, F|38/100
|-damage|p1a: Jolteon|14/100|[from] Spikes
|
|-weather|Sandstorm|[upkeep]
|-damage|p1a: Jolteon|7/100|[from] Sandstorm
|-damage|p2a: Drake|69/100|[from] Sandstorm
|-heal|p1a: Jolteon|14/100|[from] item: Leftovers
|-heal|p2a: Drake|75/100|[from] item: Leftovers
|upkeep
|turn|30
|
|t:|1728737986
|switch|p2a: Joy|Blissey, F|100/100
|move|p1a: Jolteon|Hidden Power|p2a: Joy
|-damage|p2a: Joy|92/100
|
|-weather|Sandstorm|[upkeep]
|-damage|p1a: Jolteon|7/100|[from] Sandstorm
|-damage|p2a: Joy|86/100|[from] Sandstorm
|-heal|p1a: Jolteon|14/100|[from] item: Leftovers
|-heal|p2a: Joy|92/100|[from] item: Leftovers
|upkeep
|turn|31
|
|t:|1728737998
|switch|p2a: Axol|Swampert, M|100/100
|move|p1a: Jolteon|Baton Pass|p1a: Jolteon
|
|t:|1728738012
|switch|p1a: Milotic|Milotic, M|82/100 tox|[from] Baton Pass
|-damage|p1a: Milotic|57/100 tox|[from] Spikes
|
|-weather|Sandstorm|[upkeep]
|-damage|p1a: Milotic|51/100 tox|[from] Sandstorm
|-heal|p1a: Milotic|57/100 tox|[from] item: Leftovers
|-damage|p1a: Milotic|51/100 tox|[from] psn
|upkeep
|turn|32
|
|t:|1728738016
|switch|p2a: Joy|Blissey, F|92/100
|move|p1a: Milotic|Recover|p1a: Milotic
|-heal|p1a: Milotic|100/100 tox
|
|-weather|Sandstorm|[upkeep]
|-damage|p1a: Milotic|94/100 tox|[from] Sandstorm
|-damage|p2a: Joy|86/100|[from] Sandstorm
|-heal|p1a: Milotic|100/100 tox|[from] item: Leftovers
|-damage|p1a: Milotic|88/100 tox|[from] psn
|-heal|p2a: Joy|92/100|[from] item: Leftovers
|upkeep
|turn|33
|
|t:|1728738019
|move|p1a: Milotic|Toxic|p2a: Joy
|-status|p2a: Joy|tox
|move|p2a: Joy|Calm Mind|p2a: Joy
|-boost|p2a: Joy|spa|1
|-boost|p2a: Joy|spd|1
|
|-weather|Sandstorm|[upkeep]
|-damage|p1a: Milotic|82/100 tox|[from] Sandstorm
|-damage|p2a: Joy|86/100 tox|[from] Sandstorm
|-heal|p1a: Milotic|88/100 tox|[from] item: Leftovers
|-damage|p1a: Milotic|70/100 tox|[from] psn
|-heal|p2a: Joy|92/100 tox|[from] item: Leftovers
|-damage|p2a: Joy|86/100 tox|[from] psn
|upkeep
|turn|34
|
|t:|1728738022
|move|p1a: Milotic|Refresh|p1a: Milotic
|-curestatus|p1a: Milotic|tox|[msg]
|move|p2a: Joy|Thunderbolt|p1a: Milotic
|-supereffective|p1a: Milotic
|-damage|p1a: Milotic|18/100
|
|-weather|Sandstorm|[upkeep]
|-damage|p1a: Milotic|12/100|[from] Sandstorm
|-damage|p2a: Joy|80/100 tox|[from] Sandstorm
|-heal|p1a: Milotic|18/100|[from] item: Leftovers
|-heal|p2a: Joy|86/100 tox|[from] item: Leftovers
|-damage|p2a: Joy|73/100 tox|[from] psn
|upkeep
|turn|35
|
|t:|1728738026
|move|p1a: Milotic|Recover|p1a: Milotic
|-heal|p1a: Milotic|68/100
|move|p2a: Joy|Soft-Boiled|p2a: Joy
|-heal|p2a: Joy|100/100 tox
|
|-weather|Sandstorm|[upkeep]
|-damage|p1a: Milotic|62/100|[from] Sandstorm
|-damage|p2a: Joy|94/100 tox|[from] Sandstorm
|-heal|p1a: Milotic|68/100|[from] item: Leftovers
|-heal|p2a: Joy|100/100 tox|[from] item: Leftovers
|-damage|p2a: Joy|82/100 tox|[from] psn
|upkeep
|turn|36
|
|t:|1728738052
|switch|p1a: Dugtrio|Dugtrio, F|88/100
|-damage|p1a: Dugtrio|63/100|[from] Spikes
|-curestatus|p2a: Joy|tox|[from] ability: Natural Cure
|switch|p2a: Axol|Swampert, M|100/100
|
|-weather|Sandstorm|[upkeep]
|upkeep
|turn|37
|
|t:|1728738068
|switch|p1a: Jolteon|Jolteon, F|14/100
|-damage|p1a: Jolteon|0 fnt|[from] Spikes
|faint|p1a: Jolteon
|
|t:|1728738069
|switch|p1a: Milotic|Milotic, M|68/100
|-damage|p1a: Milotic|43/100|[from] Spikes
|
|-weather|Sandstorm|[upkeep]
|-damage|p1a: Milotic|37/100|[from] Sandstorm
|-heal|p1a: Milotic|43/100|[from] item: Leftovers
|upkeep
|turn|38
|
|t:|1728738074
|move|p1a: Milotic|Recover|p1a: Milotic
|-heal|p1a: Milotic|93/100
|move|p2a: Axol|Toxic|p1a: Milotic
|-status|p1a: Milotic|tox
|
|-weather|Sandstorm|[upkeep]
|-damage|p1a: Milotic|87/100 tox|[from] Sandstorm
|-heal|p1a: Milotic|93/100 tox|[from] item: Leftovers
|-damage|p1a: Milotic|87/100 tox|[from] psn
|upkeep
|turn|39
|
|t:|1728738077
|switch|p2a: Joy|Blissey, F|82/100
|move|p1a: Milotic|Toxic|p2a: Joy
|-status|p2a: Joy|tox
|
|-weather|Sandstorm|[upkeep]
|-damage|p1a: Milotic|81/100 tox|[from] Sandstorm
|-damage|p2a: Joy|76/100 tox|[from] Sandstorm
|-heal|p1a: Milotic|87/100 tox|[from] item: Leftovers
|-damage|p1a: Milotic|75/100 tox|[from] psn
|-heal|p2a: Joy|82/100 tox|[from] item: Leftovers
|-damage|p2a: Joy|76/100 tox|[from] psn
|upkeep
|turn|40
|
|t:|1728738081
|move|p1a: Milotic|Refresh|p1a: Milotic
|-curestatus|p1a: Milotic|tox|[msg]
|move|p2a: Joy|Thunderbolt|p1a: Milotic
|-supereffective|p1a: Milotic
|-crit|p1a: Milotic
|-damage|p1a: Milotic|6/100
|-status|p1a: Milotic|par
|
|-weather|Sandstorm|[upkeep]
|-damage|p2a: Joy|70/100 tox|[from] Sandstorm
|-damage|p1a: Milotic|0 fnt|[from] Sandstorm
|faint|p1a: Milotic
|-heal|p2a: Joy|76/100 tox|[from] item: Leftovers
|-damage|p2a: Joy|64/100 tox|[from] psn
|upkeep
|c|☆Johnathan Gamer|:/
|
|t:|1728738087
|switch|p1a: Dugtrio|Dugtrio, F|63/100
|-damage|p1a: Dugtrio|39/100|[from] Spikes
|turn|41
|
|t:|1728738091
|move|p1a: Dugtrio|Earthquake|p2a: Joy
|-damage|p2a: Joy|2/100 tox
|move|p2a: Joy|Ice Beam|p1a: Dugtrio
|-supereffective|p1a: Dugtrio
|-damage|p1a: Dugtrio|0 fnt
|faint|p1a: Dugtrio
|
|t:|1728738094
|switch|p1a: Heracross|Heracross, M|100/100
|-damage|p1a: Heracross|75/100|[from] Spikes
|
|-weather|Sandstorm|[upkeep]
|-damage|p1a: Heracross|69/100|[from] Sandstorm
|-damage|p2a: Joy|0 fnt|[from] Sandstorm
|faint|p2a: Joy
|upkeep
|
|t:|1728738097
|switch|p2a: Drake|Salamence, M|75/100
|-ability|p2a: Drake|Intimidate|boost
|-unboost|p1a: Heracross|atk|1
|turn|42
|c|☆Johnathan Gamer|ggs, was kinda banking on you not running the same team
|c|☆Johnathan Gamer|my first team had a way better machup than this, but that got hax'd out
|c|☆Johnathan Gamer|ggs man
|
|t:|1728738120
|move|p2a: Drake|Fire Blast|p1a: Heracross
|-supereffective|p1a: Heracross
|-damage|p1a: Heracross|0 fnt
|faint|p1a: Heracross
|
|win|Just_Leonardo
|c|☆Just_Leonardo|gg
|player|p1|

</script>
<script type="application/json" class="data" id="replaydata-smogtours-gen3ou-797404">
{"id":"smogtours-gen3ou-797404","format":"[Gen 3] OU","players":["Johnathan Gamer","Just_Leonardo"],"uploadtime":1728738120,"views":144,"formatid":"gen3ou","rating":null,"private":0,"password":null}
</script>

<script defer src="js/replays.js?9d40a366"></script>
