<!DOCTYPE html>
<meta charset="utf-8" />
<meta name="viewport" content="width=device-width" />

<title>[Gen 3] OU: HeffTV vs. diegoyuhhi - Replays - Pok&eacute;mon Showdown!</title>

<meta name="description" content="Watch a replay of a Pok&eacute;mon battle between HeffTV and diegoyuhhi! Format: [Gen 3] OU; Date: Oct 10, 2024" />
<!--

Hey, you! Looking in the source for the replay log?

You can find them in JSON format, just add `.json` at the end of a replay URL.

https://replay.pokemonshowdown.com/gen7randomdoublesbattle-865046831.json

Or, if you only need the log itself, add `.log` instead:

https://replay.pokemonshowdown.com/gen7randomdoublesbattle-865046831.log

-->

<link rel="stylesheet" href="//pokemonshowdown.com/style/global.css?0.023195364461161105" />
<link rel="stylesheet" href="//play.pokemonshowdown.com/style/font-awesome.css?0.13261647063804238" />
<link rel="stylesheet" href="//play.pokemonshowdown.com/style/battle.css?0.8753245789963631" />
<link rel="stylesheet" href="//play.pokemonshowdown.com/style/utilichart.css?0.8627959624976733" />

<!-- Global site tag (gtag.js) - Google Analytics -->
<script async src="https://www.googletagmanager.com/gtag/js?id=UA-26211653-1"></script>
<script>
  window.dataLayer = window.dataLayer || [];
  function gtag(){dataLayer.push(arguments);}
  gtag('js', new Date());

  gtag('config', 'UA-26211653-1');
</script>
<!-- End Google Analytics -->
<!-- Venatus Ad Manager - Install in <HEAD> of page -->
	<script src="https://hb.vntsm.com/v3/live/ad-manager.min.js" type="text/javascript" data-site-id="642aba63ec9a7b11c3c9c1be" data-mode="scan" async></script>
<!-- / Venatus Ad Manager -->

<style>
	@media (max-width:820px) {
		.battle {
			margin: 0 auto;
		}
		.battle-log {
			margin: 7px auto 0;
			max-width: 640px;
			height: 300px;
			position: static;
		}
	}
	.optgroup {
		display: inline-block;
		line-height: 22px;
		font-size: 10pt;
	}
	.optgroup .button {
		height: 25px;
		padding-top: 0;
		padding-bottom: 0;
	}
	.optgroup button.button {
		padding-left: 12px;
		padding-right: 12px;
	}
	.linklist {
		list-style: none;
		margin: 0.5em 0;
		padding: 0;
	}
	.linklist li {
		padding: 2px 0;
	}
	.sidebar {
		float: left;
		width: 320px;
	}
	.bar-wrapper {
		max-width: 1100px;
		margin: 0 auto;
	}
	.bar-wrapper.has-sidebar {
		max-width: 1430px;
	}
	.mainbar {
		margin: 0;
		padding-right: 1px;
	}
	.mainbar.has-sidebar {
		margin-left: 330px;
	}
	@media (min-width: 1511px) {
		.sidebar {
			width: 400px;
		}
		.bar-wrapper.has-sidebar {
			max-width: 1510px;
		}
		.mainbar.has-sidebar {
			margin-left: 410px;
		}
	}
	.section.first-section {
		margin-top: 9px;
	}
	.blocklink small {
		white-space: normal;
	}
	.button {
		vertical-align: middle;
	}
	.replay-controls {
		padding-top: 10px;
	}
	.replay-controls h1 {
		font-size: 16pt;
		font-weight: normal;
		color: #CCC;
	}
	.pagelink {
		text-align: center;
	}
	.pagelink a {
		width: 150px;
	}
	.textbox, .button {
		font-size: 11pt;
		vertical-align: middle;
	}
	@media (max-width: 450px) {
		.button {
			font-size: 9pt;
		}
	}
</style>

<div>

	<header>
		<div class="nav-wrapper"><ul class="nav">
			<li><a class="button nav-first" href="//pokemonshowdown.com/"><img src="//pokemonshowdown.com/images/pokemonshowdownbeta.png" srcset="//pokemonshowdown.com/images/pokemonshowdownbeta.png 1x, //pokemonshowdown.com/images/pokemonshowdownbeta@2x.png 2x" alt="Pok&eacute;mon Showdown" width="146" height="44" /> Home</a></li>
			<li><a class="button" href="//pokemonshowdown.com/dex/">Pok&eacute;dex</a></li>
			<li><a class="button cur" href="/">Replays</a></li>
			<li><a class="button" href="//pokemonshowdown.com/ladder/">Ladder</a></li>
			<li><a class="button nav-last" href="//pokemonshowdown.com/forums/">Forum</a></li>
			<li><a class="button greenbutton nav-first nav-last" href="//play.pokemonshowdown.com/">Play</a></li>
		</ul></div>
	</header>

	<div class="main" id="main">

		<noscript><section class="section">You need to enable JavaScript to use this page; sorry!</section></noscript>

	</div>

</div>

<script defer nomodule src="//play.pokemonshowdown.com/js/lib/ps-polyfill.js"></script>
<script defer src="//play.pokemonshowdown.com/js/lib/preact.min.js"></script>

<script defer src="//play.pokemonshowdown.com/config/config.js?2bddbc15"></script>
<script defer src="//play.pokemonshowdown.com/js/lib/jquery-1.11.0.min.js"></script>
<script defer src="//play.pokemonshowdown.com/js/lib/html-sanitizer-minified.js"></script>
<script defer src="//play.pokemonshowdown.com/js/battle-sound.js"></script>
<script defer src="//play.pokemonshowdown.com/js/battledata.js?0.7209276989879541"></script>
<script defer src="//play.pokemonshowdown.com/data/pokedex-mini.js?0.6111056340867951"></script>
<script defer src="//play.pokemonshowdown.com/data/pokedex-mini-bw.js?0.3532142036491459"></script>
<script defer src="//play.pokemonshowdown.com/data/graphics.js?0.24223875632456182"></script>
<script defer src="//play.pokemonshowdown.com/data/pokedex.js?0.38839984266356864"></script>
<script defer src="//play.pokemonshowdown.com/data/moves.js?0.21866028504024015"></script>
<script defer src="//play.pokemonshowdown.com/data/abilities.js?0.2005157953846628"></script>
<script defer src="//play.pokemonshowdown.com/data/items.js?0.9894211263848525"></script>
<script defer src="//play.pokemonshowdown.com/data/teambuilder-tables.js?0.6008791140282215"></script>
<script defer src="//play.pokemonshowdown.com/js/battle-tooltips.js?0.7580118955022959"></script>
<script defer src="//play.pokemonshowdown.com/js/battle.js?0.6057722274234274"></script>

<script defer src="js/utils.js?e31f9a17"></script>
<script defer src="js/replays-battle.js?7008c182"></script>

<!-- don't scrape this data! just add .json or .log after the URL!
Full API docs: https://github.com/smogon/pokemon-showdown-client/blob/master/WEB-API.md -->
<script type="text/plain" class="log" id="replaylog-smogtours-gen3ou-797010">
|inactive|Battle timer is ON: inactive players will automatically lose when time's up.
|t:|1728593258
|gametype|singles
|player|p1|HeffTV|170|
|player|p2|diegoyuhhi|allister|
|teamsize|p1|6
|teamsize|p2|6
|gen|3
|tier|[Gen 3] OU
|rule|Sleep Clause Mod: Limit one foe put to sleep
|rule|Switch Priority Clause Mod: Faster Pokémon switch first
|rule|Species Clause: Limit one of each Pokémon
|rule|OHKO Clause: OHKO moves are banned
|rule|Evasion Items Clause: Evasion items are banned
|rule|Evasion Moves Clause: Evasion moves are banned
|rule|Endless Battle Clause: Forcing endless battles is banned
|rule|HP Percentage Mod: HP is shown in percentages
|rule|One Boost Passer Clause: Limit one Baton Passer that has a way to boost its stats
|rule|Freeze Clause Mod: Limit one foe frozen
|
|t:|1728593258
|start
|switch|p1a: Salamence|Salamence, M|100/100
|switch|p2a: Solrock|Solrock|100/100
|-ability|p1a: Salamence|Intimidate|boost
|-unboost|p2a: Solrock|atk|1
|turn|1
|c|☆diegoyuhhi|hf
|c|☆HeffTV|glhf!
|
|t:|1728593273
|switch|p1a: Metagross|Metagross|100/100
|move|p2a: Solrock|Explosion|p1a: Metagross
|-resisted|p1a: Metagross
|-damage|p1a: Metagross|42/100
|faint|p2a: Solrock
|
|t:|1728593290
|switch|p2a: Magneton|Magneton|100/100
|
|-heal|p1a: Metagross|49/100|[from] item: Leftovers
|upkeep
|turn|2
|
|t:|1728593295
|move|p2a: Magneton|Thunderbolt|p1a: Metagross
|-damage|p1a: Metagross|0 fnt
|faint|p1a: Metagross
|
|t:|1728593307
|switch|p1a: Blissey|Blissey, F|100/100
|
|upkeep
|turn|3
|
|t:|1728593318
|switch|p2a: Snorlax|Snorlax, M|100/100
|move|p1a: Blissey|Seismic Toss|p2a: Snorlax
|-damage|p2a: Snorlax|80/100
|
|-heal|p2a: Snorlax|86/100|[from] item: Leftovers
|upkeep
|turn|4
|
|t:|1728593327
|switch|p1a: Heracross|Heracross, M|100/100
|move|p2a: Snorlax|Body Slam|p1a: Heracross
|-damage|p1a: Heracross|53/100
|
|-heal|p1a: Heracross|59/100|[from] item: Leftovers
|-heal|p2a: Snorlax|92/100|[from] item: Leftovers
|upkeep
|turn|5
|
|t:|1728593340
|-singleturn|p1a: Heracross|move: Focus Punch
|switch|p2a: Salamence|Salamence, M|100/100
|-ability|p2a: Salamence|Intimidate|boost
|-unboost|p1a: Heracross|atk|1
|move|p1a: Heracross|Focus Punch|p2a: Salamence
|-resisted|p2a: Salamence
|-damage|p2a: Salamence|75/100
|
|-heal|p2a: Salamence|81/100|[from] item: Leftovers
|-heal|p1a: Heracross|65/100|[from] item: Leftovers
|upkeep
|turn|6
|
|t:|1728593352
|switch|p1a: Gengar|Gengar, F|100/100
|move|p2a: Salamence|Hidden Power|p1a: Gengar
|-crit|p1a: Gengar
|-damage|p1a: Gengar|0 fnt
|faint|p1a: Gengar
|c|☆diegoyuhhi|o mb
|
|t:|1728593361
|switch|p1a: Salamence|Salamence, M|100/100
|-ability|p1a: Salamence|Intimidate|boost
|-unboost|p2a: Salamence|atk|1
|
|-heal|p2a: Salamence|87/100|[from] item: Leftovers
|upkeep
|turn|7
|
|t:|1728593373
|switch|p2a: Metagross|Metagross|100/100
|move|p1a: Salamence|Hidden Power|p2a: Metagross
|-resisted|p2a: Metagross
|-damage|p2a: Metagross|80/100
|
|-heal|p2a: Metagross|86/100|[from] item: Leftovers
|upkeep
|turn|8
|
|t:|1728593395
|switch|p1a: Starmie|Starmie|100/100
|move|p2a: Metagross|Psychic|p1a: Starmie
|-resisted|p1a: Starmie
|-damage|p1a: Starmie|76/100
|
|-heal|p1a: Starmie|82/100|[from] item: Leftovers
|-heal|p2a: Metagross|93/100|[from] item: Leftovers
|upkeep
|turn|9
|
|t:|1728593404
|switch|p2a: Snorlax|Snorlax, M|92/100
|move|p1a: Starmie|Thunder Wave|p2a: Snorlax
|-status|p2a: Snorlax|par
|
|-heal|p1a: Starmie|88/100|[from] item: Leftovers
|-heal|p2a: Snorlax|98/100 par|[from] item: Leftovers
|upkeep
|turn|10
|
|t:|1728593412
|switch|p1a: Heracross|Heracross, M|65/100
|cant|p2a: Snorlax|par
|
|-heal|p1a: Heracross|71/100|[from] item: Leftovers
|-heal|p2a: Snorlax|100/100 par|[from] item: Leftovers
|upkeep
|turn|11
|
|t:|1728593420
|switch|p2a: Salamence|Salamence, M|87/100
|-ability|p2a: Salamence|Intimidate|boost
|-unboost|p1a: Heracross|atk|1
|move|p1a: Heracross|Rock Slide|p2a: Salamence
|-supereffective|p2a: Salamence
|-damage|p2a: Salamence|52/100
|
|-heal|p2a: Salamence|59/100|[from] item: Leftovers
|-heal|p1a: Heracross|78/100|[from] item: Leftovers
|upkeep
|turn|12
|
|t:|1728593429
|switch|p1a: Salamence|Salamence, M|100/100
|-ability|p1a: Salamence|Intimidate|boost
|-unboost|p2a: Salamence|atk|1
|move|p2a: Salamence|Hidden Power|p1a: Salamence
|-damage|p1a: Salamence|67/100
|
|-heal|p2a: Salamence|65/100|[from] item: Leftovers
|upkeep
|turn|13
|
|t:|1728593440
|switch|p2a: Magneton|Magneton|100/100
|move|p1a: Salamence|Earthquake|p2a: Magneton
|-supereffective|p2a: Magneton
|-damage|p2a: Magneton|0 fnt
|faint|p2a: Magneton
|
|t:|1728593443
|switch|p2a: Salamence|Salamence, M|65/100
|-ability|p2a: Salamence|Intimidate|boost
|-unboost|p1a: Salamence|atk|1
|
|-heal|p2a: Salamence|71/100|[from] item: Leftovers
|upkeep
|turn|14
|
|t:|1728593452
|switch|p1a: Starmie|Starmie|88/100
|move|p2a: Salamence|Hidden Power|p1a: Starmie
|-damage|p1a: Starmie|48/100
|
|-heal|p2a: Salamence|77/100|[from] item: Leftovers
|-heal|p1a: Starmie|54/100|[from] item: Leftovers
|upkeep
|turn|15
|
|t:|1728593465
|switch|p2a: Tyranitar|Tyranitar, F|100/100
|-weather|Sandstorm|[from] ability: Sand Stream|[of] p2a: Tyranitar
|switch|p1a: Salamence|Salamence, M|67/100
|-ability|p1a: Salamence|Intimidate|boost
|-unboost|p2a: Tyranitar|atk|1
|
|-weather|Sandstorm|[upkeep]
|-damage|p1a: Salamence|61/100|[from] Sandstorm
|upkeep
|turn|16
|
|t:|1728593473
|switch|p2a: Salamence|Salamence, M|77/100
|-ability|p2a: Salamence|Intimidate|boost
|-unboost|p1a: Salamence|atk|1
|move|p1a: Salamence|Brick Break|p2a: Salamence
|-resisted|p2a: Salamence
|-damage|p2a: Salamence|62/100
|
|-weather|Sandstorm|[upkeep]
|-damage|p1a: Salamence|55/100|[from] Sandstorm
|-damage|p2a: Salamence|56/100|[from] Sandstorm
|-heal|p2a: Salamence|62/100|[from] item: Leftovers
|upkeep
|turn|17
|
|t:|1728593487
|switch|p1a: Starmie|Starmie|54/100
|move|p2a: Salamence|Hidden Power|p1a: Starmie
|-damage|p1a: Starmie|18/100
|
|-weather|Sandstorm|[upkeep]
|-damage|p2a: Salamence|56/100|[from] Sandstorm
|-damage|p1a: Starmie|12/100|[from] Sandstorm
|-heal|p2a: Salamence|62/100|[from] item: Leftovers
|-heal|p1a: Starmie|18/100|[from] item: Leftovers
|upkeep
|turn|18
|
|t:|1728593509
|switch|p2a: Snorlax|Snorlax, M|100/100 par
|move|p1a: Starmie|Recover|p1a: Starmie
|-heal|p1a: Starmie|68/100
|
|-weather|Sandstorm|[upkeep]
|-damage|p1a: Starmie|61/100|[from] Sandstorm
|-damage|p2a: Snorlax|94/100 par|[from] Sandstorm
|-heal|p1a: Starmie|68/100|[from] item: Leftovers
|-heal|p2a: Snorlax|100/100 par|[from] item: Leftovers
|upkeep
|turn|19
|
|t:|1728593522
|switch|p1a: Heracross|Heracross, M|78/100
|move|p2a: Snorlax|Body Slam|p1a: Heracross
|-damage|p1a: Heracross|32/100
|
|-weather|Sandstorm|[upkeep]
|-damage|p1a: Heracross|25/100|[from] Sandstorm
|-damage|p2a: Snorlax|94/100 par|[from] Sandstorm
|-heal|p1a: Heracross|32/100|[from] item: Leftovers
|-heal|p2a: Snorlax|100/100 par|[from] item: Leftovers
|upkeep
|turn|20
|
|t:|1728593532
|move|p1a: Heracross|Megahorn|p2a: Snorlax
|-damage|p2a: Snorlax|52/100 par
|move|p2a: Snorlax|Body Slam|p1a: Heracross
|-damage|p1a: Heracross|0 fnt
|faint|p1a: Heracross
|
|t:|1728593542
|switch|p1a: Salamence|Salamence, M|55/100
|-ability|p1a: Salamence|Intimidate|boost
|-unboost|p2a: Snorlax|atk|1
|
|-weather|Sandstorm|[upkeep]
|-damage|p1a: Salamence|49/100|[from] Sandstorm
|-damage|p2a: Snorlax|46/100 par|[from] Sandstorm
|-heal|p2a: Snorlax|52/100 par|[from] item: Leftovers
|upkeep
|turn|21
|
|t:|1728593554
|switch|p2a: Salamence|Salamence, M|62/100
|-ability|p2a: Salamence|Intimidate|boost
|-unboost|p1a: Salamence|atk|1
|move|p1a: Salamence|Rock Slide|p2a: Salamence
|-supereffective|p2a: Salamence
|-damage|p2a: Salamence|0 fnt
|faint|p2a: Salamence
|
|t:|1728593558
|switch|p2a: Metagross|Metagross|93/100
|
|-weather|Sandstorm|[upkeep]
|-damage|p1a: Salamence|43/100|[from] Sandstorm
|-heal|p2a: Metagross|99/100|[from] item: Leftovers
|upkeep
|turn|22
|
|t:|1728593568
|switch|p1a: Starmie|Starmie|68/100
|switch|p2a: Snorlax|Snorlax, M|52/100 par
|
|-weather|Sandstorm|[upkeep]
|-damage|p1a: Starmie|61/100|[from] Sandstorm
|-damage|p2a: Snorlax|46/100 par|[from] Sandstorm
|-heal|p1a: Starmie|68/100|[from] item: Leftovers
|-heal|p2a: Snorlax|52/100 par|[from] item: Leftovers
|upkeep
|turn|23
|
|t:|1728593584
|move|p1a: Starmie|Surf|p2a: Snorlax
|-damage|p2a: Snorlax|34/100 par
|move|p2a: Snorlax|Self-Destruct|p1a: Starmie
|-crit|p1a: Starmie
|-damage|p1a: Starmie|0 fnt
|faint|p2a: Snorlax
|faint|p1a: Starmie
|
|t:|1728593608
|switch|p1a: Salamence|Salamence, M|43/100
|switch|p2a: Metagross|Metagross|99/100
|-ability|p1a: Salamence|Intimidate|boost
|-fail|p2a: Metagross|unboost|[from] ability: Clear Body|[of] p2a: Metagross
|
|-weather|Sandstorm|[upkeep]
|-damage|p1a: Salamence|37/100|[from] Sandstorm
|-heal|p2a: Metagross|100/100|[from] item: Leftovers
|upkeep
|turn|24
|
|t:|1728593616
|move|p1a: Salamence|Earthquake|p2a: Metagross
|-supereffective|p2a: Metagross
|-damage|p2a: Metagross|15/100
|move|p2a: Metagross|Psychic|p1a: Salamence
|-damage|p1a: Salamence|0 fnt
|faint|p1a: Salamence
|
|t:|1728593622
|switch|p1a: Blissey|Blissey, F|100/100
|
|-weather|Sandstorm|[upkeep]
|-damage|p1a: Blissey|94/100|[from] Sandstorm
|-heal|p2a: Metagross|21/100|[from] item: Leftovers
|-heal|p1a: Blissey|100/100|[from] item: Leftovers
|upkeep
|turn|25
|c|☆diegoyuhhi|gg
|
|t:|1728593628
|move|p2a: Metagross|Explosion|p1a: Blissey
|-damage|p1a: Blissey|0 fnt
|faint|p2a: Metagross
|faint|p1a: Blissey
|
|win|diegoyuhhi
|c|☆HeffTV|gg
|player|p2|

</script>
<script type="application/json" class="data" id="replaydata-smogtours-gen3ou-797010">
{"id":"smogtours-gen3ou-797010","format":"[Gen 3] OU","players":["HeffTV","diegoyuhhi"],"uploadtime":1728593628,"views":94,"formatid":"gen3ou","rating":null,"private":0,"password":null}
</script>

<script defer src="js/replays.js?9d40a366"></script>
