<!DOCTYPE html>
<meta charset="utf-8" />
<meta name="viewport" content="width=device-width" />

<title>[Gen 3] OU: WW_FortniteGamR vs. chad.lagos - Replays - Pok&eacute;mon Showdown!</title>

<meta name="description" content="Watch a replay of a Pok&eacute;mon battle between WW_FortniteGamR and chad.lagos! Format: [Gen 3] OU; Date: Oct 13, 2024" />
<!--

Hey, you! Looking in the source for the replay log?

You can find them in JSON format, just add `.json` at the end of a replay URL.

https://replay.pokemonshowdown.com/gen7randomdoublesbattle-865046831.json

Or, if you only need the log itself, add `.log` instead:

https://replay.pokemonshowdown.com/gen7randomdoublesbattle-865046831.log

-->

<link rel="stylesheet" href="//pokemonshowdown.com/style/global.css?0.767286132409787" />
<link rel="stylesheet" href="//play.pokemonshowdown.com/style/font-awesome.css?0.9266228007934947" />
<link rel="stylesheet" href="//play.pokemonshowdown.com/style/battle.css?0.7924700842790926" />
<link rel="stylesheet" href="//play.pokemonshowdown.com/style/utilichart.css?0.8777417872839479" />

<!-- Global site tag (gtag.js) - Google Analytics -->
<script async src="https://www.googletagmanager.com/gtag/js?id=UA-26211653-1"></script>
<script>
  window.dataLayer = window.dataLayer || [];
  function gtag(){dataLayer.push(arguments);}
  gtag('js', new Date());

  gtag('config', 'UA-26211653-1');
</script>
<!-- End Google Analytics -->
<!-- Venatus Ad Manager - Install in <HEAD> of page -->
	<script src="https://hb.vntsm.com/v3/live/ad-manager.min.js" type="text/javascript" data-site-id="642aba63ec9a7b11c3c9c1be" data-mode="scan" async></script>
<!-- / Venatus Ad Manager -->

<style>
	@media (max-width:820px) {
		.battle {
			margin: 0 auto;
		}
		.battle-log {
			margin: 7px auto 0;
			max-width: 640px;
			height: 300px;
			position: static;
		}
	}
	.optgroup {
		display: inline-block;
		line-height: 22px;
		font-size: 10pt;
	}
	.optgroup .button {
		height: 25px;
		padding-top: 0;
		padding-bottom: 0;
	}
	.optgroup button.button {
		padding-left: 12px;
		padding-right: 12px;
	}
	.linklist {
		list-style: none;
		margin: 0.5em 0;
		padding: 0;
	}
	.linklist li {
		padding: 2px 0;
	}
	.sidebar {
		float: left;
		width: 320px;
	}
	.bar-wrapper {
		max-width: 1100px;
		margin: 0 auto;
	}
	.bar-wrapper.has-sidebar {
		max-width: 1430px;
	}
	.mainbar {
		margin: 0;
		padding-right: 1px;
	}
	.mainbar.has-sidebar {
		margin-left: 330px;
	}
	@media (min-width: 1511px) {
		.sidebar {
			width: 400px;
		}
		.bar-wrapper.has-sidebar {
			max-width: 1510px;
		}
		.mainbar.has-sidebar {
			margin-left: 410px;
		}
	}
	.section.first-section {
		margin-top: 9px;
	}
	.blocklink small {
		white-space: normal;
	}
	.button {
		vertical-align: middle;
	}
	.replay-controls {
		padding-top: 10px;
	}
	.replay-controls h1 {
		font-size: 16pt;
		font-weight: normal;
		color: #CCC;
	}
	.pagelink {
		text-align: center;
	}
	.pagelink a {
		width: 150px;
	}
	.textbox, .button {
		font-size: 11pt;
		vertical-align: middle;
	}
	@media (max-width: 450px) {
		.button {
			font-size: 9pt;
		}
	}
</style>

<div>

	<header>
		<div class="nav-wrapper"><ul class="nav">
			<li><a class="button nav-first" href="//pokemonshowdown.com/"><img src="//pokemonshowdown.com/images/pokemonshowdownbeta.png" srcset="//pokemonshowdown.com/images/pokemonshowdownbeta.png 1x, //pokemonshowdown.com/images/pokemonshowdownbeta@2x.png 2x" alt="Pok&eacute;mon Showdown" width="146" height="44" /> Home</a></li>
			<li><a class="button" href="//pokemonshowdown.com/dex/">Pok&eacute;dex</a></li>
			<li><a class="button cur" href="/">Replays</a></li>
			<li><a class="button" href="//pokemonshowdown.com/ladder/">Ladder</a></li>
			<li><a class="button nav-last" href="//pokemonshowdown.com/forums/">Forum</a></li>
			<li><a class="button greenbutton nav-first nav-last" href="//play.pokemonshowdown.com/">Play</a></li>
		</ul></div>
	</header>

	<div class="main" id="main">

		<noscript><section class="section">You need to enable JavaScript to use this page; sorry!</section></noscript>

	</div>

</div>

<script defer nomodule src="//play.pokemonshowdown.com/js/lib/ps-polyfill.js"></script>
<script defer src="//play.pokemonshowdown.com/js/lib/preact.min.js"></script>

<script defer src="//play.pokemonshowdown.com/config/config.js?6dec07f6"></script>
<script defer src="//play.pokemonshowdown.com/js/lib/jquery-1.11.0.min.js"></script>
<script defer src="//play.pokemonshowdown.com/js/lib/html-sanitizer-minified.js"></script>
<script defer src="//play.pokemonshowdown.com/js/battle-sound.js"></script>
<script defer src="//play.pokemonshowdown.com/js/battledata.js?0.6315294753075389"></script>
<script defer src="//play.pokemonshowdown.com/data/pokedex-mini.js?0.7603743185311358"></script>
<script defer src="//play.pokemonshowdown.com/data/pokedex-mini-bw.js?0.030888842834281283"></script>
<script defer src="//play.pokemonshowdown.com/data/graphics.js?0.05593094747507488"></script>
<script defer src="//play.pokemonshowdown.com/data/pokedex.js?0.47064822249611904"></script>
<script defer src="//play.pokemonshowdown.com/data/moves.js?0.8583693120512459"></script>
<script defer src="//play.pokemonshowdown.com/data/abilities.js?0.16017181182386842"></script>
<script defer src="//play.pokemonshowdown.com/data/items.js?0.4163379185673943"></script>
<script defer src="//play.pokemonshowdown.com/data/teambuilder-tables.js?0.31075597372830477"></script>
<script defer src="//play.pokemonshowdown.com/js/battle-tooltips.js?0.6536193500708172"></script>
<script defer src="//play.pokemonshowdown.com/js/battle.js?0.1916591943277901"></script>

<script defer src="js/utils.js?e31f9a17"></script>
<script defer src="js/replays-battle.js?7008c182"></script>

<!-- don't scrape this data! just add .json or .log after the URL!
Full API docs: https://github.com/smogon/pokemon-showdown-client/blob/master/WEB-API.md -->
<script type="text/plain" class="log" id="replaylog-smogtours-gen3ou-798517">
|inactive|Battle timer is ON: inactive players will automatically lose when time's up.
|t:|1728861322
|gametype|singles
|player|p1|WW_FortniteGamR|1|
|player|p2|chad.lagos|cyclist|
|teamsize|p1|6
|teamsize|p2|6
|gen|3
|tier|[Gen 3] OU
|rule|Sleep Clause Mod: Limit one foe put to sleep
|rule|Switch Priority Clause Mod: Faster Pokémon switch first
|rule|Species Clause: Limit one of each Pokémon
|rule|OHKO Clause: OHKO moves are banned
|rule|Evasion Items Clause: Evasion items are banned
|rule|Evasion Moves Clause: Evasion moves are banned
|rule|Endless Battle Clause: Forcing endless battles is banned
|rule|HP Percentage Mod: HP is shown in percentages
|rule|One Boost Passer Clause: Limit one Baton Passer that has a way to boost its stats
|rule|Freeze Clause Mod: Limit one foe frozen
|
|t:|1728861322
|start
|switch|p1a: Tyranitar|Tyranitar, F|100/100
|switch|p2a: Zapdos|Zapdos|100/100
|-weather|Sandstorm|[from] ability: Sand Stream|[of] p1a: Tyranitar
|turn|1
|c|☆WW_FortniteGamR|lets do it!
|c|☆chad.lagos|glhf
|
|t:|1728861340
|move|p2a: Zapdos|Baton Pass|p2a: Zapdos
|
|t:|1728861345
|switch|p2a: Suicune|Suicune|100/100|[from] Baton Pass
|move|p1a: Tyranitar|Rock Slide|p2a: Suicune
|-crit|p2a: Suicune
|-damage|p2a: Suicune|31/100
|
|-weather|Sandstorm|[upkeep]
|-damage|p2a: Suicune|25/100|[from] Sandstorm
|-heal|p2a: Suicune|31/100|[from] item: Leftovers
|upkeep
|turn|2
|inactive|WW_FortniteGamR has 270 seconds left.
|inactive|chad.lagos has 270 seconds left.
|
|t:|1728861400
|switch|p2a: Dugtrio|Dugtrio, M|100/100
|move|p1a: Tyranitar|Rock Slide|p2a: Dugtrio
|-resisted|p2a: Dugtrio
|-damage|p2a: Dugtrio|48/100
|
|-weather|Sandstorm|[upkeep]
|upkeep
|turn|3
|inactive|WW_FortniteGamR has 240 seconds left.
|
|t:|1728861425
|move|p2a: Dugtrio|Earthquake|p1a: Tyranitar
|-supereffective|p1a: Tyranitar
|-damage|p1a: Tyranitar|11/100
|move|p1a: Tyranitar|Earthquake|p2a: Dugtrio
|-damage|p2a: Dugtrio|0 fnt
|faint|p2a: Dugtrio
|inactive|chad.lagos has 240 seconds left.
|
|t:|1728861468
|switch|p2a: Kingdra|Kingdra, F|100/100
|
|-weather|Sandstorm|[upkeep]
|-damage|p2a: Kingdra|95/100|[from] Sandstorm
|-heal|p1a: Tyranitar|17/100|[from] item: Leftovers
|upkeep
|turn|4
|inactive|WW_FortniteGamR has 240 seconds left.
|inactive|chad.lagos has 210 seconds left.
|
|t:|1728861500
|switch|p1a: Blissey|Blissey, F|100/100
|move|p2a: Kingdra|Hidden Power|p1a: Blissey
|-damage|p1a: Blissey|92/100
|
|-weather|Sandstorm|[upkeep]
|-damage|p2a: Kingdra|89/100|[from] Sandstorm
|-damage|p1a: Blissey|85/100|[from] Sandstorm
|-heal|p1a: Blissey|92/100|[from] item: Leftovers
|upkeep
|turn|5
|inactive|chad.lagos has 210 seconds left.
|inactive|chad.lagos has 180 seconds left.
|
|t:|1728861539
|switch|p2a: Celebi|Celebi|100/100
|move|p1a: Blissey|Seismic Toss|p2a: Celebi
|-damage|p2a: Celebi|71/100
|
|-weather|Sandstorm|[upkeep]
|-damage|p2a: Celebi|65/100|[from] Sandstorm
|-damage|p1a: Blissey|85/100|[from] Sandstorm
|-heal|p2a: Celebi|71/100|[from] item: Leftovers
|-heal|p1a: Blissey|92/100|[from] item: Leftovers
|upkeep
|turn|6
|
|t:|1728861549
|move|p2a: Celebi|Leech Seed|p1a: Blissey
|-start|p1a: Blissey|move: Leech Seed
|move|p1a: Blissey|Ice Beam|p2a: Celebi
|-supereffective|p2a: Celebi
|-damage|p2a: Celebi|29/100
|
|-weather|Sandstorm|[upkeep]
|-damage|p2a: Celebi|22/100|[from] Sandstorm
|-damage|p1a: Blissey|85/100|[from] Sandstorm
|-heal|p2a: Celebi|29/100|[from] item: Leftovers
|-heal|p1a: Blissey|92/100|[from] item: Leftovers
|-damage|p1a: Blissey|79/100|[from] Leech Seed|[of] p2a: Celebi
|-heal|p2a: Celebi|52/100|[silent]
|upkeep
|turn|7
|inactive|chad.lagos has 180 seconds left.
|inactive|WW_FortniteGamR has 210 seconds left.
|inactive|chad.lagos has 150 seconds left.
|
|t:|1728861600
|switch|p2a: Heracross|Heracross, M|100/100
|switch|p1a: Skarmory|Skarmory, M|100/100
|
|-weather|Sandstorm|[upkeep]
|-damage|p2a: Heracross|94/100|[from] Sandstorm
|upkeep
|turn|8
|inactive|WW_FortniteGamR has 210 seconds left.
|inactive|chad.lagos has 150 seconds left.
|
|t:|1728861623
|switch|p2a: Zapdos|Zapdos|100/100
|move|p1a: Skarmory|Drill Peck|p2a: Zapdos
|-resisted|p2a: Zapdos
|-damage|p2a: Zapdos|88/100
|
|-weather|Sandstorm|[upkeep]
|-damage|p2a: Zapdos|82/100|[from] Sandstorm
|-heal|p2a: Zapdos|88/100|[from] item: Leftovers
|upkeep
|turn|9
|
|t:|1728861638
|switch|p1a: Blissey|Blissey, F|79/100
|move|p2a: Zapdos|Rain Dance|p2a: Zapdos
|-weather|RainDance
|
|-weather|RainDance|[upkeep]
|-heal|p2a: Zapdos|94/100|[from] item: Leftovers
|-heal|p1a: Blissey|85/100|[from] item: Leftovers
|upkeep
|turn|10
|
|t:|1728861658
|switch|p2a: Suicune|Suicune|31/100
|move|p1a: Blissey|Wish|p1a: Blissey
|
|-weather|RainDance|[upkeep]
|-heal|p2a: Suicune|37/100|[from] item: Leftovers
|-heal|p1a: Blissey|91/100|[from] item: Leftovers
|upkeep
|turn|11
|inactive|WW_FortniteGamR has 210 seconds left.
|
|t:|1728861673
|switch|p1a: Skarmory|Skarmory, M|100/100
|move|p2a: Suicune|Surf|p1a: Skarmory
|-damage|p1a: Skarmory|40/100
|
|-heal|p1a: Skarmory|90/100|[from] move: Wish|[wisher] Blissey
|-weather|RainDance|[upkeep]
|-heal|p2a: Suicune|43/100|[from] item: Leftovers
|-heal|p1a: Skarmory|96/100|[from] item: Leftovers
|upkeep
|turn|12
|inactive|WW_FortniteGamR has 210 seconds left.
|
|t:|1728861684
|move|p2a: Suicune|Rest|p2a: Suicune
|-status|p2a: Suicune|slp|[from] move: Rest
|-heal|p2a: Suicune|100/100 slp|[silent]
|move|p1a: Skarmory|Roar|p2a: Suicune
|drag|p2a: Zapdos|Zapdos|94/100
|
|-weather|RainDance|[upkeep]
|-heal|p2a: Zapdos|99/100|[from] item: Leftovers
|-heal|p1a: Skarmory|100/100|[from] item: Leftovers
|upkeep
|turn|13
|inactive|WW_FortniteGamR has 210 seconds left.
|
|t:|1728861706
|switch|p1a: Blissey|Blissey, F|91/100
|move|p2a: Zapdos|Baton Pass|p2a: Zapdos
|
|t:|1728861709
|switch|p2a: Heracross|Heracross, M|94/100|[from] Baton Pass
|
|-weather|none
|-heal|p1a: Blissey|98/100|[from] item: Leftovers
|upkeep
|turn|14
|
|t:|1728861719
|move|p2a: Heracross|Substitute|p2a: Heracross
|-start|p2a: Heracross|Substitute
|-damage|p2a: Heracross|69/100
|move|p1a: Blissey|Ice Beam|p2a: Heracross
|-end|p2a: Heracross|Substitute
|
|-heal|p1a: Blissey|100/100|[from] item: Leftovers
|upkeep
|turn|15
|inactive|chad.lagos has 120 seconds left.
|
|t:|1728861765
|switch|p1a: Skarmory|Skarmory, M|100/100
|move|p2a: Heracross|Megahorn|p1a: Skarmory|[miss]
|-miss|p2a: Heracross|p1a: Skarmory
|
|upkeep
|turn|16
|inactive|chad.lagos has 90 seconds left.
|
|t:|1728861797
|switch|p2a: Zapdos|Zapdos|99/100
|move|p1a: Skarmory|Spikes|p2a: Zapdos
|-sidestart|p2: chad.lagos|Spikes
|
|-heal|p2a: Zapdos|100/100|[from] item: Leftovers
|upkeep
|turn|17
|
|t:|1728861820
|switch|p1a: Blissey|Blissey, F|100/100
|move|p2a: Zapdos|Thunderbolt|p1a: Blissey
|-damage|p1a: Blissey|82/100
|
|-heal|p1a: Blissey|88/100|[from] item: Leftovers
|upkeep
|turn|18
|inactive|chad.lagos has 60 seconds left.
|
|t:|1728861847
|switch|p2a: Suicune|Suicune|100/100 slp
|-damage|p2a: Suicune|88/100 slp|[from] Spikes
|move|p1a: Blissey|Seismic Toss|p2a: Suicune
|-damage|p2a: Suicune|63/100 slp
|
|-heal|p2a: Suicune|69/100 slp|[from] item: Leftovers
|-heal|p1a: Blissey|94/100|[from] item: Leftovers
|upkeep
|turn|19
|inactive|chad.lagos has 60 seconds left.
|
|t:|1728861856
|switch|p1a: Tyranitar|Tyranitar, F|17/100
|-weather|Sandstorm|[from] ability: Sand Stream|[of] p1a: Tyranitar
|cant|p2a: Suicune|slp
|move|p2a: Suicune|Sleep Talk|p2a: Suicune
|move|p2a: Suicune|Calm Mind|p2a: Suicune|[from]Sleep Talk
|-boost|p2a: Suicune|spa|1
|-boost|p2a: Suicune|spd|1
|
|-weather|Sandstorm|[upkeep]
|-damage|p2a: Suicune|63/100 slp|[from] Sandstorm
|-heal|p2a: Suicune|69/100 slp|[from] item: Leftovers
|-heal|p1a: Tyranitar|23/100|[from] item: Leftovers
|upkeep
|turn|20
|inactive|chad.lagos has 60 seconds left.
|
|t:|1728861878
|switch|p1a: Blissey|Blissey, F|94/100
|cant|p2a: Suicune|slp
|move|p2a: Suicune|Sleep Talk|p2a: Suicune
|move|p2a: Suicune|Rest|p2a: Suicune|[from]Sleep Talk
|
|-weather|Sandstorm|[upkeep]
|-damage|p2a: Suicune|63/100 slp|[from] Sandstorm
|-damage|p1a: Blissey|88/100|[from] Sandstorm
|-heal|p2a: Suicune|69/100 slp|[from] item: Leftovers
|-heal|p1a: Blissey|94/100|[from] item: Leftovers
|upkeep
|turn|21
|
|t:|1728861892
|-curestatus|p2a: Suicune|slp|[msg]
|move|p2a: Suicune|Calm Mind|p2a: Suicune
|-boost|p2a: Suicune|spa|1
|-boost|p2a: Suicune|spd|1
|move|p1a: Blissey|Seismic Toss|p2a: Suicune
|-damage|p2a: Suicune|44/100
|
|-weather|Sandstorm|[upkeep]
|-damage|p2a: Suicune|38/100|[from] Sandstorm
|-damage|p1a: Blissey|88/100|[from] Sandstorm
|-heal|p2a: Suicune|44/100|[from] item: Leftovers
|-heal|p1a: Blissey|94/100|[from] item: Leftovers
|upkeep
|turn|22
|
|t:|1728861916
|move|p2a: Suicune|Rest|p2a: Suicune
|-status|p2a: Suicune|slp|[from] move: Rest
|-heal|p2a: Suicune|100/100 slp|[silent]
|move|p1a: Blissey|Ice Beam|p2a: Suicune
|-resisted|p2a: Suicune
|-damage|p2a: Suicune|96/100 slp
|
|-weather|Sandstorm|[upkeep]
|-damage|p2a: Suicune|90/100 slp|[from] Sandstorm
|-damage|p1a: Blissey|88/100|[from] Sandstorm
|-heal|p2a: Suicune|96/100 slp|[from] item: Leftovers
|-heal|p1a: Blissey|94/100|[from] item: Leftovers
|upkeep
|turn|23
|
|t:|1728861927
|cant|p2a: Suicune|slp
|move|p2a: Suicune|Sleep Talk|p2a: Suicune
|move|p2a: Suicune|Rest|p2a: Suicune|[from]Sleep Talk
|move|p1a: Blissey|Wish|p1a: Blissey
|
|-weather|Sandstorm|[upkeep]
|-damage|p2a: Suicune|90/100 slp|[from] Sandstorm
|-damage|p1a: Blissey|88/100|[from] Sandstorm
|-heal|p2a: Suicune|96/100 slp|[from] item: Leftovers
|-heal|p1a: Blissey|94/100|[from] item: Leftovers
|upkeep
|turn|24
|
|t:|1728861936
|switch|p1a: Skarmory|Skarmory, M|100/100
|cant|p2a: Suicune|slp
|move|p2a: Suicune|Sleep Talk|p2a: Suicune
|move|p2a: Suicune|Calm Mind|p2a: Suicune|[from]Sleep Talk
|-boost|p2a: Suicune|spa|1
|-boost|p2a: Suicune|spd|1
|
|-weather|Sandstorm|[upkeep]
|-damage|p2a: Suicune|90/100 slp|[from] Sandstorm
|-heal|p2a: Suicune|96/100 slp|[from] item: Leftovers
|upkeep
|turn|25
|inactive|WW_FortniteGamR has 240 seconds left.
|
|t:|1728861947
|-curestatus|p2a: Suicune|slp|[msg]
|move|p2a: Suicune|Surf|p1a: Skarmory
|-crit|p1a: Skarmory
|-damage|p1a: Skarmory|0 fnt
|faint|p1a: Skarmory
|inactive|WW_FortniteGamR has 240 seconds left.
|
|t:|1728861960
|switch|p1a: Zapdos|Zapdos|100/100
|
|-weather|Sandstorm|[upkeep]
|-damage|p1a: Zapdos|94/100|[from] Sandstorm
|-damage|p2a: Suicune|90/100|[from] Sandstorm
|-heal|p1a: Zapdos|100/100|[from] item: Leftovers
|-heal|p2a: Suicune|96/100|[from] item: Leftovers
|upkeep
|turn|26
|
|t:|1728861967
|move|p1a: Zapdos|Thunderbolt|p2a: Suicune
|-supereffective|p2a: Suicune
|-damage|p2a: Suicune|62/100
|move|p2a: Suicune|Surf|p1a: Zapdos
|-damage|p1a: Zapdos|0 fnt
|faint|p1a: Zapdos
|
|t:|1728861973
|switch|p1a: Gengar|Gengar, M|100/100
|
|-weather|Sandstorm|[upkeep]
|-damage|p1a: Gengar|95/100|[from] Sandstorm
|-damage|p2a: Suicune|56/100|[from] Sandstorm
|-heal|p1a: Gengar|100/100|[from] item: Leftovers
|-heal|p2a: Suicune|62/100|[from] item: Leftovers
|upkeep
|turn|27
|
|t:|1728861980
|move|p1a: Gengar|Explosion|p2a: Suicune
|-damage|p2a: Suicune|4/100
|faint|p1a: Gengar
|
|t:|1728861993
|switch|p1a: Blissey|Blissey, F|94/100
|
|-weather|Sandstorm|[upkeep]
|-damage|p2a: Suicune|0 fnt|[from] Sandstorm
|-damage|p1a: Blissey|88/100|[from] Sandstorm
|faint|p2a: Suicune
|-heal|p1a: Blissey|94/100|[from] item: Leftovers
|upkeep
|inactive|chad.lagos has 60 seconds left.
|
|t:|1728862013
|switch|p2a: Celebi|Celebi|52/100
|-damage|p2a: Celebi|40/100|[from] Spikes
|turn|28
|inactive|WW_FortniteGamR has 240 seconds left.
|
|t:|1728862051
|move|p2a: Celebi|Leech Seed|p1a: Blissey
|-start|p1a: Blissey|move: Leech Seed
|move|p1a: Blissey|Ice Beam|p2a: Celebi
|-supereffective|p2a: Celebi
|-damage|p2a: Celebi|0 fnt
|faint|p2a: Celebi
|
|t:|1728862060
|switch|p2a: Heracross|Heracross, M|69/100
|-damage|p2a: Heracross|57/100|[from] Spikes
|
|-weather|Sandstorm|[upkeep]
|-damage|p2a: Heracross|51/100|[from] Sandstorm
|-damage|p1a: Blissey|88/100|[from] Sandstorm
|-heal|p1a: Blissey|94/100|[from] item: Leftovers
|-damage|p1a: Blissey|82/100|[from] Leech Seed|[of] p2a: Heracross
|-heal|p2a: Heracross|78/100|[silent]
|upkeep
|turn|29
|inactive|WW_FortniteGamR has 240 seconds left.
|
|t:|1728862084
|move|p2a: Heracross|Substitute|p2a: Heracross
|-start|p2a: Heracross|Substitute
|-damage|p2a: Heracross|53/100
|move|p1a: Blissey|Wish|p1a: Blissey
|
|-weather|Sandstorm|[upkeep]
|-damage|p2a: Heracross|47/100|[from] Sandstorm
|-damage|p1a: Blissey|76/100|[from] Sandstorm
|-heal|p1a: Blissey|82/100|[from] item: Leftovers
|-damage|p1a: Blissey|70/100|[from] Leech Seed|[of] p2a: Heracross
|-heal|p2a: Heracross|74/100|[silent]
|upkeep
|turn|30
|inactive|chad.lagos has 60 seconds left.
|
|t:|1728862111
|switch|p1a: Tyranitar|Tyranitar, F|23/100
|move|p2a: Heracross|Swords Dance|p2a: Heracross
|-boost|p2a: Heracross|atk|2
|
|-heal|p1a: Tyranitar|73/100|[from] move: Wish|[wisher] Blissey
|-weather|Sandstorm|[upkeep]
|-damage|p2a: Heracross|68/100|[from] Sandstorm
|-heal|p1a: Tyranitar|79/100|[from] item: Leftovers
|upkeep
|turn|31
|
|t:|1728862124
|-singleturn|p2a: Heracross|move: Focus Punch
|switch|p1a: Swampert|Swampert, F|100/100
|move|p2a: Heracross|Focus Punch|p1a: Swampert
|-damage|p1a: Swampert|0 fnt
|faint|p1a: Swampert
|
|t:|1728862131
|switch|p1a: Blissey|Blissey, F|70/100
|
|-weather|Sandstorm|[upkeep]
|-damage|p2a: Heracross|62/100|[from] Sandstorm
|-damage|p1a: Blissey|63/100|[from] Sandstorm
|-heal|p1a: Blissey|70/100|[from] item: Leftovers
|upkeep
|turn|32
|
|t:|1728862144
|-singleturn|p2a: Heracross|move: Focus Punch
|move|p1a: Blissey|Ice Beam|p2a: Heracross
|-crit|p2a: Heracross
|-end|p2a: Heracross|Substitute
|move|p2a: Heracross|Focus Punch|p1a: Blissey
|-supereffective|p1a: Blissey
|-damage|p1a: Blissey|0 fnt
|faint|p1a: Blissey
|
|t:|1728862146
|switch|p1a: Tyranitar|Tyranitar, F|79/100
|
|-weather|Sandstorm|[upkeep]
|-damage|p2a: Heracross|56/100|[from] Sandstorm
|-heal|p1a: Tyranitar|86/100|[from] item: Leftovers
|upkeep
|turn|33
|inactive|WW_FortniteGamR has 240 seconds left.
|
|t:|1728862172
|move|p2a: Heracross|Megahorn|p1a: Tyranitar
|-supereffective|p1a: Tyranitar
|-damage|p1a: Tyranitar|0 fnt
|faint|p1a: Tyranitar
|
|win|chad.lagos
|c|☆WW_FortniteGamR|ggs
|c|☆chad.lagos|great games
|c|☆chad.lagos|that was a lot of fun
|c|☆WW_FortniteGamR|fr

</script>
<script type="application/json" class="data" id="replaydata-smogtours-gen3ou-798517">
{"id":"smogtours-gen3ou-798517","format":"[Gen 3] OU","players":["WW_FortniteGamR","chad.lagos"],"uploadtime":1728862172,"views":106,"formatid":"gen3ou","rating":null,"private":0,"password":null}
</script>

<script defer src="js/replays.js?9d40a366"></script>
