<!DOCTYPE html>
<meta charset="utf-8" />
<meta name="viewport" content="width=device-width" />

<title>[Gen 3] OU: DarthTyros vs. CazabichosPablo - Replays - Pok&eacute;mon Showdown!</title>

<meta name="description" content="Watch a replay of a Pok&eacute;mon battle between DarthTyros and CazabichosPablo! Format: [Gen 3] OU; Date: Oct 13, 2024" />
<!--

Hey, you! Looking in the source for the replay log?

You can find them in JSON format, just add `.json` at the end of a replay URL.

https://replay.pokemonshowdown.com/gen7randomdoublesbattle-865046831.json

Or, if you only need the log itself, add `.log` instead:

https://replay.pokemonshowdown.com/gen7randomdoublesbattle-865046831.log

-->

<link rel="stylesheet" href="//pokemonshowdown.com/style/global.css?0.767286132409787" />
<link rel="stylesheet" href="//play.pokemonshowdown.com/style/font-awesome.css?0.9266228007934947" />
<link rel="stylesheet" href="//play.pokemonshowdown.com/style/battle.css?0.7924700842790926" />
<link rel="stylesheet" href="//play.pokemonshowdown.com/style/utilichart.css?0.8777417872839479" />

<!-- Global site tag (gtag.js) - Google Analytics -->
<script async src="https://www.googletagmanager.com/gtag/js?id=UA-26211653-1"></script>
<script>
  window.dataLayer = window.dataLayer || [];
  function gtag(){dataLayer.push(arguments);}
  gtag('js', new Date());

  gtag('config', 'UA-26211653-1');
</script>
<!-- End Google Analytics -->
<!-- Venatus Ad Manager - Install in <HEAD> of page -->
	<script src="https://hb.vntsm.com/v3/live/ad-manager.min.js" type="text/javascript" data-site-id="642aba63ec9a7b11c3c9c1be" data-mode="scan" async></script>
<!-- / Venatus Ad Manager -->

<style>
	@media (max-width:820px) {
		.battle {
			margin: 0 auto;
		}
		.battle-log {
			margin: 7px auto 0;
			max-width: 640px;
			height: 300px;
			position: static;
		}
	}
	.optgroup {
		display: inline-block;
		line-height: 22px;
		font-size: 10pt;
	}
	.optgroup .button {
		height: 25px;
		padding-top: 0;
		padding-bottom: 0;
	}
	.optgroup button.button {
		padding-left: 12px;
		padding-right: 12px;
	}
	.linklist {
		list-style: none;
		margin: 0.5em 0;
		padding: 0;
	}
	.linklist li {
		padding: 2px 0;
	}
	.sidebar {
		float: left;
		width: 320px;
	}
	.bar-wrapper {
		max-width: 1100px;
		margin: 0 auto;
	}
	.bar-wrapper.has-sidebar {
		max-width: 1430px;
	}
	.mainbar {
		margin: 0;
		padding-right: 1px;
	}
	.mainbar.has-sidebar {
		margin-left: 330px;
	}
	@media (min-width: 1511px) {
		.sidebar {
			width: 400px;
		}
		.bar-wrapper.has-sidebar {
			max-width: 1510px;
		}
		.mainbar.has-sidebar {
			margin-left: 410px;
		}
	}
	.section.first-section {
		margin-top: 9px;
	}
	.blocklink small {
		white-space: normal;
	}
	.button {
		vertical-align: middle;
	}
	.replay-controls {
		padding-top: 10px;
	}
	.replay-controls h1 {
		font-size: 16pt;
		font-weight: normal;
		color: #CCC;
	}
	.pagelink {
		text-align: center;
	}
	.pagelink a {
		width: 150px;
	}
	.textbox, .button {
		font-size: 11pt;
		vertical-align: middle;
	}
	@media (max-width: 450px) {
		.button {
			font-size: 9pt;
		}
	}
</style>

<div>

	<header>
		<div class="nav-wrapper"><ul class="nav">
			<li><a class="button nav-first" href="//pokemonshowdown.com/"><img src="//pokemonshowdown.com/images/pokemonshowdownbeta.png" srcset="//pokemonshowdown.com/images/pokemonshowdownbeta.png 1x, //pokemonshowdown.com/images/pokemonshowdownbeta@2x.png 2x" alt="Pok&eacute;mon Showdown" width="146" height="44" /> Home</a></li>
			<li><a class="button" href="//pokemonshowdown.com/dex/">Pok&eacute;dex</a></li>
			<li><a class="button cur" href="/">Replays</a></li>
			<li><a class="button" href="//pokemonshowdown.com/ladder/">Ladder</a></li>
			<li><a class="button nav-last" href="//pokemonshowdown.com/forums/">Forum</a></li>
			<li><a class="button greenbutton nav-first nav-last" href="//play.pokemonshowdown.com/">Play</a></li>
		</ul></div>
	</header>

	<div class="main" id="main">

		<noscript><section class="section">You need to enable JavaScript to use this page; sorry!</section></noscript>

	</div>

</div>

<script defer nomodule src="//play.pokemonshowdown.com/js/lib/ps-polyfill.js"></script>
<script defer src="//play.pokemonshowdown.com/js/lib/preact.min.js"></script>

<script defer src="//play.pokemonshowdown.com/config/config.js?6dec07f6"></script>
<script defer src="//play.pokemonshowdown.com/js/lib/jquery-1.11.0.min.js"></script>
<script defer src="//play.pokemonshowdown.com/js/lib/html-sanitizer-minified.js"></script>
<script defer src="//play.pokemonshowdown.com/js/battle-sound.js"></script>
<script defer src="//play.pokemonshowdown.com/js/battledata.js?0.6315294753075389"></script>
<script defer src="//play.pokemonshowdown.com/data/pokedex-mini.js?0.7603743185311358"></script>
<script defer src="//play.pokemonshowdown.com/data/pokedex-mini-bw.js?0.030888842834281283"></script>
<script defer src="//play.pokemonshowdown.com/data/graphics.js?0.05593094747507488"></script>
<script defer src="//play.pokemonshowdown.com/data/pokedex.js?0.47064822249611904"></script>
<script defer src="//play.pokemonshowdown.com/data/moves.js?0.8583693120512459"></script>
<script defer src="//play.pokemonshowdown.com/data/abilities.js?0.16017181182386842"></script>
<script defer src="//play.pokemonshowdown.com/data/items.js?0.4163379185673943"></script>
<script defer src="//play.pokemonshowdown.com/data/teambuilder-tables.js?0.31075597372830477"></script>
<script defer src="//play.pokemonshowdown.com/js/battle-tooltips.js?0.6536193500708172"></script>
<script defer src="//play.pokemonshowdown.com/js/battle.js?0.1916591943277901"></script>

<script defer src="js/utils.js?e31f9a17"></script>
<script defer src="js/replays-battle.js?7008c182"></script>

<!-- don't scrape this data! just add .json or .log after the URL!
Full API docs: https://github.com/smogon/pokemon-showdown-client/blob/master/WEB-API.md -->
<script type="text/plain" class="log" id="replaylog-smogtours-gen3ou-798237">
|inactive|Battle timer is ON: inactive players will automatically lose when time's up.
|t:|1728843183
|gametype|singles
|player|p1|DarthTyros|#advpliv|
|player|p2|CazabichosPablo|102|
|teamsize|p1|6
|teamsize|p2|6
|gen|3
|tier|[Gen 3] OU
|rule|Sleep Clause Mod: Limit one foe put to sleep
|rule|Switch Priority Clause Mod: Faster Pokémon switch first
|rule|Species Clause: Limit one of each Pokémon
|rule|OHKO Clause: OHKO moves are banned
|rule|Evasion Items Clause: Evasion items are banned
|rule|Evasion Moves Clause: Evasion moves are banned
|rule|Endless Battle Clause: Forcing endless battles is banned
|rule|HP Percentage Mod: HP is shown in percentages
|rule|One Boost Passer Clause: Limit one Baton Passer that has a way to boost its stats
|rule|Freeze Clause Mod: Limit one foe frozen
|
|t:|1728843183
|start
|switch|p1a: Vaporeon|Vaporeon, M, shiny|100/100
|switch|p2a: Tyranitar|Tyranitar, M|100/100
|-weather|Sandstorm|[from] ability: Sand Stream|[of] p2a: Tyranitar
|turn|1
|
|t:|1728843191
|switch|p2a: Jirachi|Jirachi|100/100
|move|p1a: Vaporeon|Hydro Pump|p2a: Jirachi
|-damage|p2a: Jirachi|64/100
|
|-weather|Sandstorm|[upkeep]
|-damage|p1a: Vaporeon|94/100|[from] Sandstorm
|-heal|p2a: Jirachi|71/100|[from] item: Leftovers
|upkeep
|turn|2
|
|t:|1728843195
|move|p2a: Jirachi|Calm Mind|p2a: Jirachi
|-boost|p2a: Jirachi|spa|1
|-boost|p2a: Jirachi|spd|1
|move|p1a: Vaporeon|Substitute|p1a: Vaporeon
|-start|p1a: Vaporeon|Substitute
|-damage|p1a: Vaporeon|69/100
|
|-weather|Sandstorm|[upkeep]
|-damage|p1a: Vaporeon|63/100|[from] Sandstorm
|-heal|p2a: Jirachi|77/100|[from] item: Leftovers
|upkeep
|turn|3
|
|t:|1728843203
|move|p2a: Jirachi|Thunderbolt|p1a: Vaporeon
|-supereffective|p1a: Vaporeon
|-crit|p1a: Vaporeon
|-end|p1a: Vaporeon|Substitute
|move|p1a: Vaporeon|Baton Pass|p1a: Vaporeon
|
|t:|1728843205
|switch|p1a: Dugtrio|Dugtrio, M|100/100|[from] Baton Pass
|
|-weather|Sandstorm|[upkeep]
|-heal|p2a: Jirachi|83/100|[from] item: Leftovers
|upkeep
|turn|4
|
|t:|1728843207
|move|p1a: Dugtrio|Earthquake|p2a: Jirachi
|-supereffective|p2a: Jirachi
|-damage|p2a: Jirachi|0 fnt
|faint|p2a: Jirachi
|
|t:|1728843210
|switch|p2a: Skarmory|Skarmory, F|100/100
|
|-weather|Sandstorm|[upkeep]
|upkeep
|turn|5
|
|t:|1728843214
|switch|p1a: Zapdos|Zapdos|100/100
|move|p2a: Skarmory|Spikes|p1a: Zapdos
|-sidestart|p1: DarthTyros|Spikes
|
|-weather|Sandstorm|[upkeep]
|-damage|p1a: Zapdos|94/100|[from] Sandstorm
|-heal|p1a: Zapdos|100/100|[from] item: Leftovers
|upkeep
|turn|6
|
|t:|1728843217
|switch|p2a: Flygon|Flygon, M|100/100
|move|p1a: Zapdos|Thunderbolt|p2a: Flygon
|-immune|p2a: Flygon
|
|-weather|Sandstorm|[upkeep]
|-damage|p1a: Zapdos|94/100|[from] Sandstorm
|-heal|p1a: Zapdos|100/100|[from] item: Leftovers
|upkeep
|turn|7
|
|t:|1728843226
|switch|p2a: Aerodactyl|Aerodactyl, F|100/100
|move|p1a: Zapdos|Baton Pass|p1a: Zapdos
|
|t:|1728843241
|switch|p1a: Metagross|Metagross|100/100|[from] Baton Pass
|-damage|p1a: Metagross|88/100|[from] Spikes
|
|-weather|Sandstorm|[upkeep]
|upkeep
|turn|8
|
|t:|1728843246
|switch|p2a: Skarmory|Skarmory, F|100/100
|switch|p1a: Vaporeon|Vaporeon, M, shiny|63/100
|-damage|p1a: Vaporeon|51/100|[from] Spikes
|
|-weather|Sandstorm|[upkeep]
|-damage|p1a: Vaporeon|45/100|[from] Sandstorm
|upkeep
|turn|9
|
|t:|1728843249
|move|p1a: Vaporeon|Hydro Pump|p2a: Skarmory
|-damage|p2a: Skarmory|39/100
|move|p2a: Skarmory|Roar|p1a: Vaporeon
|drag|p1a: Dugtrio|Dugtrio, M|100/100
|-damage|p1a: Dugtrio|88/100|[from] Spikes
|
|-weather|Sandstorm|[upkeep]
|-heal|p2a: Skarmory|45/100|[from] item: Leftovers
|upkeep
|turn|10
|
|t:|1728843252
|switch|p1a: Vaporeon|Vaporeon, M, shiny|45/100
|-damage|p1a: Vaporeon|32/100|[from] Spikes
|move|p2a: Skarmory|Spikes|p1a: Vaporeon
|-sidestart|p1: DarthTyros|Spikes
|
|-weather|Sandstorm|[upkeep]
|-damage|p1a: Vaporeon|26/100|[from] Sandstorm
|-heal|p2a: Skarmory|51/100|[from] item: Leftovers
|upkeep
|turn|11
|
|t:|1728843255
|move|p2a: Skarmory|Protect|p2a: Skarmory
|-singleturn|p2a: Skarmory|Protect
|move|p1a: Vaporeon|Hydro Pump|p2a: Skarmory
|-activate|p2a: Skarmory|Protect
|
|-weather|Sandstorm|[upkeep]
|-damage|p1a: Vaporeon|20/100|[from] Sandstorm
|-enditem|p1a: Vaporeon|Salac Berry|[eat]
|-boost|p1a: Vaporeon|spe|1|[from] item: Salac Berry
|-heal|p2a: Skarmory|57/100|[from] item: Leftovers
|upkeep
|turn|12
|inactive|CazabichosPablo has 270 seconds left.
|
|t:|1728843308
|move|p1a: Vaporeon|Hydro Pump|p2a: Skarmory
|-damage|p2a: Skarmory|0 fnt
|faint|p2a: Skarmory
|
|t:|1728843309
|switch|p2a: Aerodactyl|Aerodactyl, F|100/100
|
|-weather|Sandstorm|[upkeep]
|-damage|p1a: Vaporeon|14/100|[from] Sandstorm
|upkeep
|turn|13
|
|t:|1728843318
|move|p2a: Aerodactyl|Rock Slide|p1a: Vaporeon
|-damage|p1a: Vaporeon|0 fnt
|faint|p1a: Vaporeon
|
|t:|1728843321
|switch|p1a: Metagross|Metagross|88/100
|-damage|p1a: Metagross|72/100|[from] Spikes
|
|-weather|Sandstorm|[upkeep]
|upkeep
|turn|14
|
|t:|1728843323
|switch|p2a: Flygon|Flygon, M|100/100
|move|p1a: Metagross|Meteor Mash|p2a: Flygon
|-damage|p2a: Flygon|36/100
|
|-weather|Sandstorm|[upkeep]
|-heal|p2a: Flygon|42/100|[from] item: Leftovers
|upkeep
|turn|15
|inactive|CazabichosPablo has 270 seconds left.
|
|t:|1728843353
|switch|p1a: Zapdos|Zapdos|100/100
|move|p2a: Flygon|Earthquake|p1a: Zapdos
|-immune|p1a: Zapdos
|
|-weather|Sandstorm|[upkeep]
|-damage|p1a: Zapdos|94/100|[from] Sandstorm
|-heal|p1a: Zapdos|100/100|[from] item: Leftovers
|-heal|p2a: Flygon|48/100|[from] item: Leftovers
|upkeep
|turn|16
|
|t:|1728843365
|move|p1a: Zapdos|Baton Pass|p1a: Zapdos
|
|t:|1728843372
|switch|p1a: Dugtrio|Dugtrio, M|88/100|[from] Baton Pass
|-damage|p1a: Dugtrio|72/100|[from] Spikes
|move|p2a: Flygon|Rock Slide|p1a: Dugtrio
|-resisted|p1a: Dugtrio
|-crit|p1a: Dugtrio
|-damage|p1a: Dugtrio|26/100
|
|-weather|Sandstorm|[upkeep]
|-heal|p2a: Flygon|54/100|[from] item: Leftovers
|upkeep
|turn|17
|inactive|CazabichosPablo has 270 seconds left.
|
|t:|1728843379
|move|p2a: Flygon|Protect|p2a: Flygon
|-singleturn|p2a: Flygon|Protect
|move|p1a: Dugtrio|Hidden Power|p2a: Flygon
|-activate|p2a: Flygon|Protect
|
|-weather|Sandstorm|[upkeep]
|-heal|p2a: Flygon|60/100|[from] item: Leftovers
|upkeep
|turn|18
|
|t:|1728843383
|switch|p2a: Manin|Gengar, F|100/100
|move|p1a: Dugtrio|Hidden Power|p2a: Manin
|-resisted|p2a: Manin
|-damage|p2a: Manin|90/100
|
|-weather|Sandstorm|[upkeep]
|-damage|p2a: Manin|84/100|[from] Sandstorm
|-heal|p2a: Manin|90/100|[from] item: Leftovers
|upkeep
|turn|19
|
|t:|1728843387
|switch|p1a: Jolteon|Jolteon, F|100/100
|-damage|p1a: Jolteon|84/100|[from] Spikes
|move|p2a: Manin|Ice Punch|p1a: Jolteon
|-damage|p1a: Jolteon|49/100
|
|-weather|Sandstorm|[upkeep]
|-damage|p1a: Jolteon|43/100|[from] Sandstorm
|-damage|p2a: Manin|84/100|[from] Sandstorm
|-heal|p1a: Jolteon|49/100|[from] item: Leftovers
|-heal|p2a: Manin|90/100|[from] item: Leftovers
|upkeep
|turn|20
|
|t:|1728843401
|switch|p2a: Flygon|Flygon, M|60/100
|move|p1a: Jolteon|Thunderbolt|p2a: Flygon
|-immune|p2a: Flygon
|
|-weather|Sandstorm|[upkeep]
|-damage|p1a: Jolteon|43/100|[from] Sandstorm
|-heal|p1a: Jolteon|49/100|[from] item: Leftovers
|-heal|p2a: Flygon|66/100|[from] item: Leftovers
|upkeep
|turn|21
|
|t:|1728843404
|switch|p2a: Tyranitar|Tyranitar, M|100/100
|move|p1a: Jolteon|Baton Pass|p1a: Jolteon
|
|t:|1728843407
|switch|p1a: Dugtrio|Dugtrio, M|26/100|[from] Baton Pass
|-damage|p1a: Dugtrio|9/100|[from] Spikes
|
|-weather|Sandstorm|[upkeep]
|upkeep
|turn|22
|
|t:|1728843410
|move|p1a: Dugtrio|Earthquake|p2a: Tyranitar
|-supereffective|p2a: Tyranitar
|-damage|p2a: Tyranitar|5/100
|move|p2a: Tyranitar|Brick Break|p1a: Dugtrio
|-crit|p1a: Dugtrio
|-damage|p1a: Dugtrio|0 fnt
|faint|p1a: Dugtrio
|
|t:|1728843429
|switch|p1a: Zapdos|Zapdos|100/100
|
|-weather|Sandstorm|[upkeep]
|-damage|p1a: Zapdos|94/100|[from] Sandstorm
|-heal|p1a: Zapdos|100/100|[from] item: Leftovers
|upkeep
|turn|23
|
|t:|1728843434
|switch|p2a: Flygon|Flygon, M|66/100
|move|p1a: Zapdos|Thunderbolt|p2a: Flygon
|-immune|p2a: Flygon
|
|-weather|Sandstorm|[upkeep]
|-damage|p1a: Zapdos|94/100|[from] Sandstorm
|-heal|p1a: Zapdos|100/100|[from] item: Leftovers
|-heal|p2a: Flygon|72/100|[from] item: Leftovers
|upkeep
|turn|24
|
|t:|1728843441
|move|p1a: Zapdos|Baton Pass|p1a: Zapdos
|
|t:|1728843446
|switch|p1a: Suicune|Suicune|100/100|[from] Baton Pass
|-damage|p1a: Suicune|84/100|[from] Spikes
|move|p2a: Flygon|Toxic|p1a: Suicune
|-status|p1a: Suicune|tox
|
|-weather|Sandstorm|[upkeep]
|-damage|p1a: Suicune|78/100 tox|[from] Sandstorm
|-heal|p1a: Suicune|84/100 tox|[from] item: Leftovers
|-damage|p1a: Suicune|78/100 tox|[from] psn
|-heal|p2a: Flygon|79/100|[from] item: Leftovers
|upkeep
|turn|25
|
|t:|1728843450
|switch|p2a: Tyranitar|Tyranitar, M|5/100
|move|p1a: Suicune|Ice Beam|p2a: Tyranitar
|-damage|p2a: Tyranitar|0 fnt
|faint|p2a: Tyranitar
|
|t:|1728843453
|switch|p2a: Manin|Gengar, F|90/100
|
|-weather|Sandstorm|[upkeep]
|-damage|p2a: Manin|84/100|[from] Sandstorm
|-damage|p1a: Suicune|72/100 tox|[from] Sandstorm
|-heal|p2a: Manin|90/100|[from] item: Leftovers
|-heal|p1a: Suicune|78/100 tox|[from] item: Leftovers
|-damage|p1a: Suicune|65/100 tox|[from] psn
|upkeep
|turn|26
|
|t:|1728843456
|switch|p1a: Jolteon|Jolteon, F|49/100
|-damage|p1a: Jolteon|32/100|[from] Spikes
|move|p2a: Manin|Hidden Power|p1a: Jolteon
|-damage|p1a: Jolteon|0 fnt
|faint|p1a: Jolteon
|
|t:|1728843460
|switch|p1a: Metagross|Metagross|72/100
|-damage|p1a: Metagross|55/100|[from] Spikes
|
|-weather|Sandstorm|[upkeep]
|-damage|p2a: Manin|84/100|[from] Sandstorm
|-heal|p2a: Manin|90/100|[from] item: Leftovers
|upkeep
|turn|27
|
|t:|1728843464
|move|p2a: Manin|Fire Punch|p1a: Metagross
|-supereffective|p1a: Metagross
|-crit|p1a: Metagross
|-damage|p1a: Metagross|0 fnt
|faint|p1a: Metagross
|c|☆DarthTyros|gg
|c|☆CazabichosPablo|gg
|c|☆DarthTyros|jot much I can do about that nonsense
|-message|DarthTyros forfeited.
|
|win|CazabichosPablo

</script>
<script type="application/json" class="data" id="replaydata-smogtours-gen3ou-798237">
{"id":"smogtours-gen3ou-798237","format":"[Gen 3] OU","players":["DarthTyros","CazabichosPablo"],"uploadtime":1728843487,"views":196,"formatid":"gen3ou","rating":null,"private":0,"password":null}
</script>

<script defer src="js/replays.js?9d40a366"></script>
