<!DOCTYPE html>
<meta charset="utf-8" />
<meta name="viewport" content="width=device-width" />

<title>[Gen 3] OU: tanao vs. Big John Green - Replays - Pok&eacute;mon Showdown!</title>

<meta name="description" content="Watch a replay of a Pok&eacute;mon battle between tanao and Big John Green! Format: [Gen 3] OU; Date: Oct 13, 2024" />
<!--

Hey, you! Looking in the source for the replay log?

You can find them in JSON format, just add `.json` at the end of a replay URL.

https://replay.pokemonshowdown.com/gen7randomdoublesbattle-865046831.json

Or, if you only need the log itself, add `.log` instead:

https://replay.pokemonshowdown.com/gen7randomdoublesbattle-865046831.log

-->

<link rel="stylesheet" href="//pokemonshowdown.com/style/global.css?0.023195364461161105" />
<link rel="stylesheet" href="//play.pokemonshowdown.com/style/font-awesome.css?0.13261647063804238" />
<link rel="stylesheet" href="//play.pokemonshowdown.com/style/battle.css?0.8753245789963631" />
<link rel="stylesheet" href="//play.pokemonshowdown.com/style/utilichart.css?0.8627959624976733" />

<!-- Global site tag (gtag.js) - Google Analytics -->
<script async src="https://www.googletagmanager.com/gtag/js?id=UA-26211653-1"></script>
<script>
  window.dataLayer = window.dataLayer || [];
  function gtag(){dataLayer.push(arguments);}
  gtag('js', new Date());

  gtag('config', 'UA-26211653-1');
</script>
<!-- End Google Analytics -->
<!-- Venatus Ad Manager - Install in <HEAD> of page -->
	<script src="https://hb.vntsm.com/v3/live/ad-manager.min.js" type="text/javascript" data-site-id="642aba63ec9a7b11c3c9c1be" data-mode="scan" async></script>
<!-- / Venatus Ad Manager -->

<style>
	@media (max-width:820px) {
		.battle {
			margin: 0 auto;
		}
		.battle-log {
			margin: 7px auto 0;
			max-width: 640px;
			height: 300px;
			position: static;
		}
	}
	.optgroup {
		display: inline-block;
		line-height: 22px;
		font-size: 10pt;
	}
	.optgroup .button {
		height: 25px;
		padding-top: 0;
		padding-bottom: 0;
	}
	.optgroup button.button {
		padding-left: 12px;
		padding-right: 12px;
	}
	.linklist {
		list-style: none;
		margin: 0.5em 0;
		padding: 0;
	}
	.linklist li {
		padding: 2px 0;
	}
	.sidebar {
		float: left;
		width: 320px;
	}
	.bar-wrapper {
		max-width: 1100px;
		margin: 0 auto;
	}
	.bar-wrapper.has-sidebar {
		max-width: 1430px;
	}
	.mainbar {
		margin: 0;
		padding-right: 1px;
	}
	.mainbar.has-sidebar {
		margin-left: 330px;
	}
	@media (min-width: 1511px) {
		.sidebar {
			width: 400px;
		}
		.bar-wrapper.has-sidebar {
			max-width: 1510px;
		}
		.mainbar.has-sidebar {
			margin-left: 410px;
		}
	}
	.section.first-section {
		margin-top: 9px;
	}
	.blocklink small {
		white-space: normal;
	}
	.button {
		vertical-align: middle;
	}
	.replay-controls {
		padding-top: 10px;
	}
	.replay-controls h1 {
		font-size: 16pt;
		font-weight: normal;
		color: #CCC;
	}
	.pagelink {
		text-align: center;
	}
	.pagelink a {
		width: 150px;
	}
	.textbox, .button {
		font-size: 11pt;
		vertical-align: middle;
	}
	@media (max-width: 450px) {
		.button {
			font-size: 9pt;
		}
	}
</style>

<div>

	<header>
		<div class="nav-wrapper"><ul class="nav">
			<li><a class="button nav-first" href="//pokemonshowdown.com/"><img src="//pokemonshowdown.com/images/pokemonshowdownbeta.png" srcset="//pokemonshowdown.com/images/pokemonshowdownbeta.png 1x, //pokemonshowdown.com/images/pokemonshowdownbeta@2x.png 2x" alt="Pok&eacute;mon Showdown" width="146" height="44" /> Home</a></li>
			<li><a class="button" href="//pokemonshowdown.com/dex/">Pok&eacute;dex</a></li>
			<li><a class="button cur" href="/">Replays</a></li>
			<li><a class="button" href="//pokemonshowdown.com/ladder/">Ladder</a></li>
			<li><a class="button nav-last" href="//pokemonshowdown.com/forums/">Forum</a></li>
			<li><a class="button greenbutton nav-first nav-last" href="//play.pokemonshowdown.com/">Play</a></li>
		</ul></div>
	</header>

	<div class="main" id="main">

		<noscript><section class="section">You need to enable JavaScript to use this page; sorry!</section></noscript>

	</div>

</div>

<script defer nomodule src="//play.pokemonshowdown.com/js/lib/ps-polyfill.js"></script>
<script defer src="//play.pokemonshowdown.com/js/lib/preact.min.js"></script>

<script defer src="//play.pokemonshowdown.com/config/config.js?2bddbc15"></script>
<script defer src="//play.pokemonshowdown.com/js/lib/jquery-1.11.0.min.js"></script>
<script defer src="//play.pokemonshowdown.com/js/lib/html-sanitizer-minified.js"></script>
<script defer src="//play.pokemonshowdown.com/js/battle-sound.js"></script>
<script defer src="//play.pokemonshowdown.com/js/battledata.js?0.7209276989879541"></script>
<script defer src="//play.pokemonshowdown.com/data/pokedex-mini.js?0.6111056340867951"></script>
<script defer src="//play.pokemonshowdown.com/data/pokedex-mini-bw.js?0.3532142036491459"></script>
<script defer src="//play.pokemonshowdown.com/data/graphics.js?0.24223875632456182"></script>
<script defer src="//play.pokemonshowdown.com/data/pokedex.js?0.38839984266356864"></script>
<script defer src="//play.pokemonshowdown.com/data/moves.js?0.21866028504024015"></script>
<script defer src="//play.pokemonshowdown.com/data/abilities.js?0.2005157953846628"></script>
<script defer src="//play.pokemonshowdown.com/data/items.js?0.9894211263848525"></script>
<script defer src="//play.pokemonshowdown.com/data/teambuilder-tables.js?0.6008791140282215"></script>
<script defer src="//play.pokemonshowdown.com/js/battle-tooltips.js?0.7580118955022959"></script>
<script defer src="//play.pokemonshowdown.com/js/battle.js?0.6057722274234274"></script>

<script defer src="js/utils.js?e31f9a17"></script>
<script defer src="js/replays-battle.js?7008c182"></script>

<!-- don't scrape this data! just add .json or .log after the URL!
Full API docs: https://github.com/smogon/pokemon-showdown-client/blob/master/WEB-API.md -->
<script type="text/plain" class="log" id="replaylog-smogtours-gen3ou-798039">
|inactive|Battle timer is ON: inactive players will automatically lose when time's up.
|t:|1728830908
|gametype|singles
|player|p1|tanao|tuber|
|player|p2|Big John Green|byron|
|teamsize|p1|6
|teamsize|p2|6
|gen|3
|tier|[Gen 3] OU
|rule|Sleep Clause Mod: Limit one foe put to sleep
|rule|Switch Priority Clause Mod: Faster Pokémon switch first
|rule|Species Clause: Limit one of each Pokémon
|rule|OHKO Clause: OHKO moves are banned
|rule|Evasion Items Clause: Evasion items are banned
|rule|Evasion Moves Clause: Evasion moves are banned
|rule|Endless Battle Clause: Forcing endless battles is banned
|rule|HP Percentage Mod: HP is shown in percentages
|rule|One Boost Passer Clause: Limit one Baton Passer that has a way to boost its stats
|rule|Freeze Clause Mod: Limit one foe frozen
|
|t:|1728830908
|start
|switch|p1a: Tyranitar|Tyranitar, F|100/100
|switch|p2a: Zapdos|Zapdos|100/100
|-weather|Sandstorm|[from] ability: Sand Stream|[of] p1a: Tyranitar
|turn|1
|c|☆Big John Green|glhf
|c|☆tanao|u2
|inactive|Big John Green has 270 seconds left.
|
|t:|1728830946
|switch|p2a: Swampert|Swampert, M|100/100
|move|p1a: Tyranitar|Toxic|p2a: Swampert|[miss]
|-miss|p1a: Tyranitar|p2a: Swampert
|
|-weather|Sandstorm|[upkeep]
|upkeep
|turn|2
|
|t:|1728830956
|switch|p1a: Skarmory|Skarmory, M|100/100
|move|p2a: Swampert|Hydro Pump|p1a: Skarmory
|-crit|p1a: Skarmory
|-damage|p1a: Skarmory|28/100
|
|-weather|Sandstorm|[upkeep]
|-heal|p1a: Skarmory|34/100|[from] item: Leftovers
|upkeep
|turn|3
|c|☆Big John Green|Unfort early crit
|c|☆Big John Green|mb
|
|t:|1728830969
|switch|p1a: Blissey|Blissey, F|100/100
|move|p2a: Swampert|Hydro Pump|p1a: Blissey|[miss]
|-miss|p2a: Swampert|p1a: Blissey
|
|-weather|Sandstorm|[upkeep]
|-damage|p1a: Blissey|94/100|[from] Sandstorm
|-heal|p1a: Blissey|100/100|[from] item: Leftovers
|upkeep
|turn|4
|c|☆tanao|np
|
|t:|1728830977
|move|p2a: Swampert|Protect|p2a: Swampert
|-singleturn|p2a: Swampert|Protect
|move|p1a: Blissey|Toxic|p2a: Swampert|[miss]
|-miss|p1a: Blissey|p2a: Swampert
|
|-weather|Sandstorm|[upkeep]
|-damage|p1a: Blissey|94/100|[from] Sandstorm
|-heal|p1a: Blissey|100/100|[from] item: Leftovers
|upkeep
|turn|5
|
|t:|1728830996
|switch|p1a: Skarmory|Skarmory, M|34/100
|move|p2a: Swampert|Earthquake|p1a: Skarmory
|-immune|p1a: Skarmory
|
|-weather|Sandstorm|[upkeep]
|-heal|p1a: Skarmory|40/100|[from] item: Leftovers
|upkeep
|turn|6
|inactive|tanao has 270 seconds left.
|
|t:|1728831041
|switch|p1a: Blissey|Blissey, F|100/100
|switch|p2a: Magneton|Magneton|100/100
|
|-weather|Sandstorm|[upkeep]
|-damage|p1a: Blissey|94/100|[from] Sandstorm
|-heal|p1a: Blissey|100/100|[from] item: Leftovers
|upkeep
|turn|7
|
|t:|1728831051
|move|p2a: Magneton|Toxic|p1a: Blissey
|-status|p1a: Blissey|tox
|move|p1a: Blissey|Seismic Toss|p2a: Magneton
|-damage|p2a: Magneton|59/100
|
|-weather|Sandstorm|[upkeep]
|-damage|p1a: Blissey|94/100 tox|[from] Sandstorm
|-heal|p1a: Blissey|100/100 tox|[from] item: Leftovers
|-damage|p1a: Blissey|94/100 tox|[from] psn
|upkeep
|turn|8
|inactive|tanao has 270 seconds left.
|
|t:|1728831061
|switch|p2a: Swampert|Swampert, M|100/100
|move|p1a: Blissey|Seismic Toss|p2a: Swampert
|-damage|p2a: Swampert|76/100
|
|-weather|Sandstorm|[upkeep]
|-damage|p1a: Blissey|88/100 tox|[from] Sandstorm
|-heal|p1a: Blissey|94/100 tox|[from] item: Leftovers
|-damage|p1a: Blissey|82/100 tox|[from] psn
|-heal|p2a: Swampert|82/100|[from] item: Leftovers
|upkeep
|turn|9
|inactive|tanao has 270 seconds left.
|
|t:|1728831077
|move|p2a: Swampert|Protect|p2a: Swampert
|-singleturn|p2a: Swampert|Protect
|move|p1a: Blissey|Seismic Toss|p2a: Swampert
|-activate|p2a: Swampert|Protect
|
|-weather|Sandstorm|[upkeep]
|-damage|p1a: Blissey|76/100 tox|[from] Sandstorm
|-heal|p1a: Blissey|82/100 tox|[from] item: Leftovers
|-damage|p1a: Blissey|64/100 tox|[from] psn
|-heal|p2a: Swampert|88/100|[from] item: Leftovers
|upkeep
|turn|10
|inactive|tanao has 270 seconds left.
|
|t:|1728831099
|-curestatus|p1a: Blissey|tox|[from] ability: Natural Cure
|switch|p1a: Skarmory|Skarmory, M|40/100
|move|p2a: Swampert|Earthquake|p1a: Skarmory
|-immune|p1a: Skarmory
|
|-weather|Sandstorm|[upkeep]
|-heal|p1a: Skarmory|46/100|[from] item: Leftovers
|-heal|p2a: Swampert|94/100|[from] item: Leftovers
|upkeep
|turn|11
|
|t:|1728831111
|switch|p1a: Swampert|Swampert, F|100/100
|move|p2a: Swampert|Hydro Pump|p1a: Swampert
|-damage|p1a: Swampert|67/100
|
|-weather|Sandstorm|[upkeep]
|-heal|p1a: Swampert|74/100|[from] item: Leftovers
|-heal|p2a: Swampert|100/100|[from] item: Leftovers
|upkeep
|turn|12
|
|t:|1728831126
|move|p1a: Swampert|Hydro Pump|p2a: Swampert
|-damage|p2a: Swampert|65/100
|move|p2a: Swampert|Hydro Pump|p1a: Swampert|[miss]
|-miss|p2a: Swampert|p1a: Swampert
|
|-weather|Sandstorm|[upkeep]
|-heal|p1a: Swampert|80/100|[from] item: Leftovers
|-heal|p2a: Swampert|71/100|[from] item: Leftovers
|upkeep
|turn|13
|
|t:|1728831137
|move|p1a: Swampert|Hydro Pump|p2a: Swampert
|-damage|p2a: Swampert|39/100
|move|p2a: Swampert|Hydro Pump|p1a: Swampert|[miss]
|-miss|p2a: Swampert|p1a: Swampert
|
|-weather|Sandstorm|[upkeep]
|-heal|p1a: Swampert|86/100|[from] item: Leftovers
|-heal|p2a: Swampert|45/100|[from] item: Leftovers
|upkeep
|turn|14
|c|☆tanao|oof
|c|☆tanao|sry
|c|☆Big John Green|Hydro pump moment
|c|☆Big John Green|Payback for the t1 crit
|
|t:|1728831158
|move|p2a: Swampert|Protect|p2a: Swampert
|-singleturn|p2a: Swampert|Protect
|move|p1a: Swampert|Hydro Pump|p2a: Swampert
|-activate|p2a: Swampert|Protect
|
|-weather|Sandstorm|[upkeep]
|-heal|p1a: Swampert|92/100|[from] item: Leftovers
|-heal|p2a: Swampert|52/100|[from] item: Leftovers
|upkeep
|turn|15
|
|t:|1728831172
|switch|p2a: Gyarados|Gyarados, M|100/100
|-ability|p2a: Gyarados|Intimidate|boost
|-unboost|p1a: Swampert|atk|1
|move|p1a: Swampert|Hydro Pump|p2a: Gyarados
|-resisted|p2a: Gyarados
|-damage|p2a: Gyarados|81/100
|
|-weather|Sandstorm|[upkeep]
|-damage|p2a: Gyarados|75/100|[from] Sandstorm
|-heal|p2a: Gyarados|81/100|[from] item: Leftovers
|-heal|p1a: Swampert|99/100|[from] item: Leftovers
|upkeep
|turn|16
|inactive|tanao has 240 seconds left.
|
|t:|1728831197
|move|p2a: Gyarados|Dragon Dance|p2a: Gyarados
|-boost|p2a: Gyarados|atk|1
|-boost|p2a: Gyarados|spe|1
|move|p1a: Swampert|Ice Beam|p2a: Gyarados
|-damage|p2a: Gyarados|63/100
|
|-weather|Sandstorm|[upkeep]
|-damage|p2a: Gyarados|57/100|[from] Sandstorm
|-heal|p2a: Gyarados|63/100|[from] item: Leftovers
|-heal|p1a: Swampert|100/100|[from] item: Leftovers
|upkeep
|turn|17
|inactive|tanao has 240 seconds left.
|inactive|Big John Green has 270 seconds left.
|
|t:|1728831233
|move|p2a: Gyarados|Earthquake|p1a: Swampert
|-damage|p1a: Swampert|60/100
|move|p1a: Swampert|Ice Beam|p2a: Gyarados
|-damage|p2a: Gyarados|43/100
|
|-weather|Sandstorm|[upkeep]
|-damage|p2a: Gyarados|37/100|[from] Sandstorm
|-heal|p2a: Gyarados|43/100|[from] item: Leftovers
|-heal|p1a: Swampert|66/100|[from] item: Leftovers
|upkeep
|turn|18
|inactive|Big John Green has 270 seconds left.
|
|t:|1728831242
|move|p2a: Gyarados|Earthquake|p1a: Swampert
|-damage|p1a: Swampert|28/100
|move|p1a: Swampert|Ice Beam|p2a: Gyarados
|-damage|p2a: Gyarados|23/100
|-status|p2a: Gyarados|frz
|
|-weather|Sandstorm|[upkeep]
|-damage|p2a: Gyarados|17/100 frz|[from] Sandstorm
|-heal|p2a: Gyarados|23/100 frz|[from] item: Leftovers
|-heal|p1a: Swampert|34/100|[from] item: Leftovers
|upkeep
|turn|19
|inactive|Big John Green has 270 seconds left.
|
|t:|1728831266
|-curestatus|p2a: Gyarados|frz|[msg]
|move|p2a: Gyarados|Earthquake|p1a: Swampert
|-crit|p1a: Swampert
|-damage|p1a: Swampert|0 fnt
|faint|p1a: Swampert
|inactive|tanao has 240 seconds left.
|
|t:|1728831282
|switch|p1a: Gengar|Gengar, F|100/100
|
|-weather|Sandstorm|[upkeep]
|-damage|p2a: Gyarados|17/100|[from] Sandstorm
|-damage|p1a: Gengar|94/100|[from] Sandstorm
|-heal|p2a: Gyarados|23/100|[from] item: Leftovers
|-heal|p1a: Gengar|100/100|[from] item: Leftovers
|upkeep
|turn|20
|inactive|tanao has 240 seconds left.
|inactive|Big John Green has 270 seconds left.
|
|t:|1728831298
|move|p2a: Gyarados|Hidden Power|p1a: Gengar
|-damage|p1a: Gengar|43/100
|move|p1a: Gengar|Ice Punch|p2a: Gyarados
|-damage|p2a: Gyarados|3/100
|
|-weather|Sandstorm|[upkeep]
|-damage|p2a: Gyarados|0 fnt|[from] Sandstorm
|-damage|p1a: Gengar|37/100|[from] Sandstorm
|faint|p2a: Gyarados
|-heal|p1a: Gengar|43/100|[from] item: Leftovers
|upkeep
|
|t:|1728831303
|switch|p2a: Tyranitar|Tyranitar, F|100/100
|turn|21
|inactive|tanao has 240 seconds left.
|
|t:|1728831311
|move|p1a: Gengar|Will-O-Wisp|p2a: Tyranitar
|-status|p2a: Tyranitar|brn
|move|p2a: Tyranitar|Pursuit|p1a: Gengar
|-supereffective|p1a: Gengar
|-damage|p1a: Gengar|2/100
|
|-weather|Sandstorm|[upkeep]
|-damage|p1a: Gengar|0 fnt|[from] Sandstorm
|faint|p1a: Gengar
|-damage|p2a: Tyranitar|88/100 brn|[from] brn
|upkeep
|inactive|tanao has 240 seconds left.
|
|t:|1728831322
|switch|p1a: Blissey|Blissey, F|64/100
|turn|22
|
|t:|1728831327
|move|p1a: Blissey|Soft-Boiled|p1a: Blissey
|-heal|p1a: Blissey|100/100
|move|p2a: Tyranitar|Roar|p1a: Blissey
|drag|p1a: Skarmory|Skarmory, M|46/100
|
|-weather|Sandstorm|[upkeep]
|-heal|p1a: Skarmory|52/100|[from] item: Leftovers
|-heal|p2a: Tyranitar|94/100 brn|[from] item: Leftovers
|-damage|p2a: Tyranitar|82/100 brn|[from] brn
|upkeep
|turn|23
|
|t:|1728831336
|switch|p1a: Blissey|Blissey, F|100/100
|switch|p2a: Zapdos|Zapdos|100/100
|
|-weather|Sandstorm|[upkeep]
|-damage|p2a: Zapdos|94/100|[from] Sandstorm
|-damage|p1a: Blissey|94/100|[from] Sandstorm
|-heal|p2a: Zapdos|100/100|[from] item: Leftovers
|-heal|p1a: Blissey|100/100|[from] item: Leftovers
|upkeep
|turn|24
|
|t:|1728831349
|move|p2a: Zapdos|Thunder Wave|p1a: Blissey
|-status|p1a: Blissey|par
|cant|p1a: Blissey|par
|
|-weather|Sandstorm|[upkeep]
|-damage|p2a: Zapdos|94/100|[from] Sandstorm
|-damage|p1a: Blissey|94/100 par|[from] Sandstorm
|-heal|p2a: Zapdos|100/100|[from] item: Leftovers
|-heal|p1a: Blissey|100/100 par|[from] item: Leftovers
|upkeep
|turn|25
|
|t:|1728831358
|switch|p2a: Swampert|Swampert, M|52/100
|cant|p1a: Blissey|par
|
|-weather|Sandstorm|[upkeep]
|-damage|p1a: Blissey|94/100 par|[from] Sandstorm
|-heal|p2a: Swampert|58/100|[from] item: Leftovers
|-heal|p1a: Blissey|100/100 par|[from] item: Leftovers
|upkeep
|turn|26
|
|t:|1728831369
|switch|p2a: Magneton|Magneton|59/100
|-curestatus|p1a: Blissey|par|[from] ability: Natural Cure
|switch|p1a: Skarmory|Skarmory, M|52/100
|
|-weather|Sandstorm|[upkeep]
|-heal|p1a: Skarmory|58/100|[from] item: Leftovers
|upkeep
|turn|27
|
|t:|1728831379
|move|p2a: Magneton|Thunderbolt|p1a: Skarmory
|-supereffective|p1a: Skarmory
|-damage|p1a: Skarmory|0 fnt
|faint|p1a: Skarmory
|
|t:|1728831383
|switch|p1a: Blissey|Blissey, F|100/100
|
|-weather|Sandstorm|[upkeep]
|-damage|p1a: Blissey|94/100|[from] Sandstorm
|-heal|p1a: Blissey|100/100|[from] item: Leftovers
|upkeep
|turn|28
|inactive|tanao has 270 seconds left.
|
|t:|1728831389
|move|p2a: Magneton|Toxic|p1a: Blissey|[miss]
|-miss|p2a: Magneton|p1a: Blissey
|move|p1a: Blissey|Seismic Toss|p2a: Magneton
|-damage|p2a: Magneton|18/100
|
|-weather|Sandstorm|[upkeep]
|-damage|p1a: Blissey|94/100|[from] Sandstorm
|-heal|p1a: Blissey|100/100|[from] item: Leftovers
|upkeep
|turn|29
|
|t:|1728831399
|switch|p2a: Swampert|Swampert, M|58/100
|move|p1a: Blissey|Seismic Toss|p2a: Swampert
|-damage|p2a: Swampert|33/100
|
|-weather|Sandstorm|[upkeep]
|-damage|p1a: Blissey|94/100|[from] Sandstorm
|-heal|p1a: Blissey|100/100|[from] item: Leftovers
|-heal|p2a: Swampert|39/100|[from] item: Leftovers
|upkeep
|turn|30
|
|t:|1728831410
|move|p1a: Blissey|Seismic Toss|p2a: Swampert
|-damage|p2a: Swampert|14/100
|move|p2a: Swampert|Earthquake|p1a: Blissey
|-damage|p1a: Blissey|63/100
|
|-weather|Sandstorm|[upkeep]
|-damage|p1a: Blissey|56/100|[from] Sandstorm
|-heal|p1a: Blissey|63/100|[from] item: Leftovers
|-heal|p2a: Swampert|21/100|[from] item: Leftovers
|upkeep
|turn|31
|
|t:|1728831420
|move|p2a: Swampert|Protect|p2a: Swampert
|-singleturn|p2a: Swampert|Protect
|move|p1a: Blissey|Seismic Toss|p2a: Swampert
|-activate|p2a: Swampert|Protect
|
|-weather|Sandstorm|[upkeep]
|-damage|p1a: Blissey|56/100|[from] Sandstorm
|-heal|p1a: Blissey|63/100|[from] item: Leftovers
|-heal|p2a: Swampert|27/100|[from] item: Leftovers
|upkeep
|turn|32
|
|t:|1728831434
|move|p1a: Blissey|Toxic|p2a: Swampert
|-status|p2a: Swampert|tox
|move|p2a: Swampert|Earthquake|p1a: Blissey
|-crit|p1a: Blissey
|-damage|p1a: Blissey|0 fnt
|faint|p1a: Blissey
|c|☆Big John Green|I'm sorry ab the luck
|inactive|tanao has 270 seconds left.
|
|t:|1728831450
|switch|p1a: Moltres|Moltres|100/100
|
|-weather|Sandstorm|[upkeep]
|-damage|p1a: Moltres|94/100|[from] Sandstorm
|-heal|p1a: Moltres|100/100|[from] item: Leftovers
|-heal|p2a: Swampert|33/100 tox|[from] item: Leftovers
|-damage|p2a: Swampert|27/100 tox|[from] psn
|upkeep
|turn|33
|inactive|tanao has 270 seconds left.
|
|t:|1728831469
|move|p1a: Moltres|Hidden Power|p2a: Swampert
|-supereffective|p2a: Swampert
|-damage|p2a: Swampert|0 fnt
|faint|p2a: Swampert
|
|t:|1728831475
|switch|p2a: Zapdos|Zapdos|100/100
|
|-weather|Sandstorm|[upkeep]
|-damage|p2a: Zapdos|94/100|[from] Sandstorm
|-damage|p1a: Moltres|94/100|[from] Sandstorm
|-heal|p2a: Zapdos|100/100|[from] item: Leftovers
|-heal|p1a: Moltres|100/100|[from] item: Leftovers
|upkeep
|turn|34
|
|t:|1728831482
|switch|p1a: Tyranitar|Tyranitar, F|100/100
|move|p2a: Zapdos|Thunderbolt|p1a: Tyranitar
|-damage|p1a: Tyranitar|63/100
|
|-weather|Sandstorm|[upkeep]
|-damage|p2a: Zapdos|94/100|[from] Sandstorm
|-heal|p2a: Zapdos|100/100|[from] item: Leftovers
|-heal|p1a: Tyranitar|69/100|[from] item: Leftovers
|upkeep
|turn|35
|
|t:|1728831492
|move|p2a: Zapdos|Thunderbolt|p1a: Tyranitar
|-damage|p1a: Tyranitar|31/100
|move|p1a: Tyranitar|Rock Slide|p2a: Zapdos
|-supereffective|p2a: Zapdos
|-damage|p2a: Zapdos|10/100
|
|-weather|Sandstorm|[upkeep]
|-damage|p2a: Zapdos|4/100|[from] Sandstorm
|-heal|p2a: Zapdos|10/100|[from] item: Leftovers
|-heal|p1a: Tyranitar|37/100|[from] item: Leftovers
|upkeep
|turn|36
|
|t:|1728831505
|move|p2a: Zapdos|Thunderbolt|p1a: Tyranitar
|-damage|p1a: Tyranitar|0 fnt
|faint|p1a: Tyranitar
|
|t:|1728831508
|switch|p1a: Moltres|Moltres|100/100
|
|-weather|Sandstorm|[upkeep]
|-damage|p2a: Zapdos|4/100|[from] Sandstorm
|-damage|p1a: Moltres|94/100|[from] Sandstorm
|-heal|p2a: Zapdos|10/100|[from] item: Leftovers
|-heal|p1a: Moltres|100/100|[from] item: Leftovers
|upkeep
|turn|37
|
|t:|1728831515
|move|p2a: Zapdos|Thunderbolt|p1a: Moltres
|-supereffective|p1a: Moltres
|-damage|p1a: Moltres|0 fnt
|faint|p1a: Moltres
|
|win|Big John Green
|c|☆Big John Green|gg
|c|☆tanao|gg

</script>
<script type="application/json" class="data" id="replaydata-smogtours-gen3ou-798039">
{"id":"smogtours-gen3ou-798039","format":"[Gen 3] OU","players":["tanao","Big John Green"],"uploadtime":1728831515,"views":90,"formatid":"gen3ou","rating":null,"private":0,"password":null}
</script>

<script defer src="js/replays.js?9d40a366"></script>
