<!DOCTYPE html>
<meta charset="utf-8" />
<meta name="viewport" content="width=device-width" />

<title>[Gen 3] OU: Dridri457 vs. OzEngine - Replays - Pok&eacute;mon Showdown!</title>

<meta name="description" content="Watch a replay of a Pok&eacute;mon battle between Dridri457 and OzEngine! Format: [Gen 3] OU; Date: Oct 12, 2024" />
<!--

Hey, you! Looking in the source for the replay log?

You can find them in JSON format, just add `.json` at the end of a replay URL.

https://replay.pokemonshowdown.com/gen7randomdoublesbattle-865046831.json

Or, if you only need the log itself, add `.log` instead:

https://replay.pokemonshowdown.com/gen7randomdoublesbattle-865046831.log

-->

<link rel="stylesheet" href="//pokemonshowdown.com/style/global.css?0.023195364461161105" />
<link rel="stylesheet" href="//play.pokemonshowdown.com/style/font-awesome.css?0.13261647063804238" />
<link rel="stylesheet" href="//play.pokemonshowdown.com/style/battle.css?0.8753245789963631" />
<link rel="stylesheet" href="//play.pokemonshowdown.com/style/utilichart.css?0.8627959624976733" />

<!-- Global site tag (gtag.js) - Google Analytics -->
<script async src="https://www.googletagmanager.com/gtag/js?id=UA-26211653-1"></script>
<script>
  window.dataLayer = window.dataLayer || [];
  function gtag(){dataLayer.push(arguments);}
  gtag('js', new Date());

  gtag('config', 'UA-26211653-1');
</script>
<!-- End Google Analytics -->
<!-- Venatus Ad Manager - Install in <HEAD> of page -->
	<script src="https://hb.vntsm.com/v3/live/ad-manager.min.js" type="text/javascript" data-site-id="642aba63ec9a7b11c3c9c1be" data-mode="scan" async></script>
<!-- / Venatus Ad Manager -->

<style>
	@media (max-width:820px) {
		.battle {
			margin: 0 auto;
		}
		.battle-log {
			margin: 7px auto 0;
			max-width: 640px;
			height: 300px;
			position: static;
		}
	}
	.optgroup {
		display: inline-block;
		line-height: 22px;
		font-size: 10pt;
	}
	.optgroup .button {
		height: 25px;
		padding-top: 0;
		padding-bottom: 0;
	}
	.optgroup button.button {
		padding-left: 12px;
		padding-right: 12px;
	}
	.linklist {
		list-style: none;
		margin: 0.5em 0;
		padding: 0;
	}
	.linklist li {
		padding: 2px 0;
	}
	.sidebar {
		float: left;
		width: 320px;
	}
	.bar-wrapper {
		max-width: 1100px;
		margin: 0 auto;
	}
	.bar-wrapper.has-sidebar {
		max-width: 1430px;
	}
	.mainbar {
		margin: 0;
		padding-right: 1px;
	}
	.mainbar.has-sidebar {
		margin-left: 330px;
	}
	@media (min-width: 1511px) {
		.sidebar {
			width: 400px;
		}
		.bar-wrapper.has-sidebar {
			max-width: 1510px;
		}
		.mainbar.has-sidebar {
			margin-left: 410px;
		}
	}
	.section.first-section {
		margin-top: 9px;
	}
	.blocklink small {
		white-space: normal;
	}
	.button {
		vertical-align: middle;
	}
	.replay-controls {
		padding-top: 10px;
	}
	.replay-controls h1 {
		font-size: 16pt;
		font-weight: normal;
		color: #CCC;
	}
	.pagelink {
		text-align: center;
	}
	.pagelink a {
		width: 150px;
	}
	.textbox, .button {
		font-size: 11pt;
		vertical-align: middle;
	}
	@media (max-width: 450px) {
		.button {
			font-size: 9pt;
		}
	}
</style>

<div>

	<header>
		<div class="nav-wrapper"><ul class="nav">
			<li><a class="button nav-first" href="//pokemonshowdown.com/"><img src="//pokemonshowdown.com/images/pokemonshowdownbeta.png" srcset="//pokemonshowdown.com/images/pokemonshowdownbeta.png 1x, //pokemonshowdown.com/images/pokemonshowdownbeta@2x.png 2x" alt="Pok&eacute;mon Showdown" width="146" height="44" /> Home</a></li>
			<li><a class="button" href="//pokemonshowdown.com/dex/">Pok&eacute;dex</a></li>
			<li><a class="button cur" href="/">Replays</a></li>
			<li><a class="button" href="//pokemonshowdown.com/ladder/">Ladder</a></li>
			<li><a class="button nav-last" href="//pokemonshowdown.com/forums/">Forum</a></li>
			<li><a class="button greenbutton nav-first nav-last" href="//play.pokemonshowdown.com/">Play</a></li>
		</ul></div>
	</header>

	<div class="main" id="main">

		<noscript><section class="section">You need to enable JavaScript to use this page; sorry!</section></noscript>

	</div>

</div>

<script defer nomodule src="//play.pokemonshowdown.com/js/lib/ps-polyfill.js"></script>
<script defer src="//play.pokemonshowdown.com/js/lib/preact.min.js"></script>

<script defer src="//play.pokemonshowdown.com/config/config.js?2bddbc15"></script>
<script defer src="//play.pokemonshowdown.com/js/lib/jquery-1.11.0.min.js"></script>
<script defer src="//play.pokemonshowdown.com/js/lib/html-sanitizer-minified.js"></script>
<script defer src="//play.pokemonshowdown.com/js/battle-sound.js"></script>
<script defer src="//play.pokemonshowdown.com/js/battledata.js?0.7209276989879541"></script>
<script defer src="//play.pokemonshowdown.com/data/pokedex-mini.js?0.6111056340867951"></script>
<script defer src="//play.pokemonshowdown.com/data/pokedex-mini-bw.js?0.3532142036491459"></script>
<script defer src="//play.pokemonshowdown.com/data/graphics.js?0.24223875632456182"></script>
<script defer src="//play.pokemonshowdown.com/data/pokedex.js?0.38839984266356864"></script>
<script defer src="//play.pokemonshowdown.com/data/moves.js?0.21866028504024015"></script>
<script defer src="//play.pokemonshowdown.com/data/abilities.js?0.2005157953846628"></script>
<script defer src="//play.pokemonshowdown.com/data/items.js?0.9894211263848525"></script>
<script defer src="//play.pokemonshowdown.com/data/teambuilder-tables.js?0.6008791140282215"></script>
<script defer src="//play.pokemonshowdown.com/js/battle-tooltips.js?0.7580118955022959"></script>
<script defer src="//play.pokemonshowdown.com/js/battle.js?0.6057722274234274"></script>

<script defer src="js/utils.js?e31f9a17"></script>
<script defer src="js/replays-battle.js?7008c182"></script>

<!-- don't scrape this data! just add .json or .log after the URL!
Full API docs: https://github.com/smogon/pokemon-showdown-client/blob/master/WEB-API.md -->
<script type="text/plain" class="log" id="replaylog-smogtours-gen3ou-797373">
|inactive|Battle timer is ON: inactive players will automatically lose when time's up.
|t:|1728724257
|gametype|singles
|player|p1|Dridri457|#dridri457|
|player|p2|OzEngine|1|
|teamsize|p1|6
|teamsize|p2|6
|gen|3
|tier|[Gen 3] OU
|rule|Sleep Clause Mod: Limit one foe put to sleep
|rule|Switch Priority Clause Mod: Faster Pokémon switch first
|rule|Species Clause: Limit one of each Pokémon
|rule|OHKO Clause: OHKO moves are banned
|rule|Evasion Items Clause: Evasion items are banned
|rule|Evasion Moves Clause: Evasion moves are banned
|rule|Endless Battle Clause: Forcing endless battles is banned
|rule|HP Percentage Mod: HP is shown in percentages
|rule|One Boost Passer Clause: Limit one Baton Passer that has a way to boost its stats
|rule|Freeze Clause Mod: Limit one foe frozen
|
|t:|1728724257
|start
|switch|p1a: Tyranitar|Tyranitar, F|100/100
|switch|p2a: Zapdos|Zapdos|100/100
|-weather|Sandstorm|[from] ability: Sand Stream|[of] p1a: Tyranitar
|turn|1
|
|t:|1728724286
|move|p2a: Zapdos|Baton Pass|p2a: Zapdos
|
|t:|1728724291
|switch|p2a: Hariyama|Hariyama, M|100/100|[from] Baton Pass
|move|p1a: Tyranitar|Earthquake|p2a: Hariyama
|-damage|p2a: Hariyama|63/100
|
|-weather|Sandstorm|[upkeep]
|-damage|p2a: Hariyama|57/100|[from] Sandstorm
|-heal|p2a: Hariyama|63/100|[from] item: Leftovers
|upkeep
|turn|2
|
|t:|1728724313
|switch|p1a: Claydol|Claydol|100/100
|move|p2a: Hariyama|Brick Break|p1a: Claydol
|-resisted|p1a: Claydol
|-damage|p1a: Claydol|85/100
|
|-weather|Sandstorm|[upkeep]
|-damage|p2a: Hariyama|57/100|[from] Sandstorm
|-heal|p1a: Claydol|91/100|[from] item: Leftovers
|-heal|p2a: Hariyama|63/100|[from] item: Leftovers
|upkeep
|turn|3
|inactive|OzEngine has 270 seconds left.
|inactive|Dridri457 has 270 seconds left.
|
|t:|1728724361
|switch|p2a: Zapdos|Zapdos|100/100
|move|p1a: Claydol|Psychic|p2a: Zapdos
|-damage|p2a: Zapdos|74/100
|
|-weather|Sandstorm|[upkeep]
|-damage|p2a: Zapdos|68/100|[from] Sandstorm
|-heal|p2a: Zapdos|74/100|[from] item: Leftovers
|-heal|p1a: Claydol|97/100|[from] item: Leftovers
|upkeep
|turn|4
|inactive|Dridri457 has 270 seconds left.
|
|t:|1728724377
|switch|p1a: Blissey|Blissey, F|100/100
|move|p2a: Zapdos|Substitute|p2a: Zapdos
|-start|p2a: Zapdos|Substitute
|-damage|p2a: Zapdos|49/100
|
|-weather|Sandstorm|[upkeep]
|-damage|p2a: Zapdos|43/100|[from] Sandstorm
|-damage|p1a: Blissey|94/100|[from] Sandstorm
|-heal|p2a: Zapdos|49/100|[from] item: Leftovers
|-heal|p1a: Blissey|100/100|[from] item: Leftovers
|upkeep
|turn|5
|
|t:|1728724395
|switch|p1a: Claydol|Claydol|97/100
|move|p2a: Zapdos|Baton Pass|p2a: Zapdos
|
|t:|1728724399
|switch|p2a: Starmie|Starmie|100/100|[from] Baton Pass
|
|-weather|Sandstorm|[upkeep]
|-damage|p2a: Starmie|94/100|[from] Sandstorm
|-heal|p2a: Starmie|100/100|[from] item: Leftovers
|-heal|p1a: Claydol|100/100|[from] item: Leftovers
|upkeep
|turn|6
|
|t:|1728724403
|switch|p1a: Blissey|Blissey, F|100/100
|move|p2a: Starmie|Surf|p1a: Blissey
|-damage|p1a: Blissey|86/100
|
|-weather|Sandstorm|[upkeep]
|-damage|p2a: Starmie|94/100|[from] Sandstorm
|-damage|p1a: Blissey|80/100|[from] Sandstorm
|-heal|p2a: Starmie|100/100|[from] item: Leftovers
|-heal|p1a: Blissey|86/100|[from] item: Leftovers
|upkeep
|turn|7
|
|t:|1728724409
|move|p2a: Starmie|Thunder Wave|p1a: Blissey
|-status|p1a: Blissey|par
|move|p1a: Blissey|Thunderbolt|p2a: Starmie
|-supereffective|p2a: Starmie
|-end|p2a: Starmie|Substitute
|
|-weather|Sandstorm|[upkeep]
|-damage|p2a: Starmie|94/100|[from] Sandstorm
|-damage|p1a: Blissey|80/100 par|[from] Sandstorm
|-heal|p2a: Starmie|100/100|[from] item: Leftovers
|-heal|p1a: Blissey|86/100 par|[from] item: Leftovers
|upkeep
|turn|8
|
|t:|1728724425
|move|p2a: Starmie|Thunder Wave|p1a: Blissey
|-fail|p1a: Blissey|par
|cant|p1a: Blissey|par
|
|-weather|Sandstorm|[upkeep]
|-damage|p2a: Starmie|94/100|[from] Sandstorm
|-damage|p1a: Blissey|80/100 par|[from] Sandstorm
|-heal|p2a: Starmie|100/100|[from] item: Leftovers
|-heal|p1a: Blissey|86/100 par|[from] item: Leftovers
|upkeep
|turn|9
|
|t:|1728724441
|switch|p2a: Blissey|Blissey, F|100/100
|move|p1a: Blissey|Thunderbolt|p2a: Blissey
|-damage|p2a: Blissey|92/100
|-status|p2a: Blissey|par
|
|-weather|Sandstorm|[upkeep]
|-damage|p1a: Blissey|80/100 par|[from] Sandstorm
|-damage|p2a: Blissey|86/100 par|[from] Sandstorm
|-heal|p1a: Blissey|86/100 par|[from] item: Leftovers
|-heal|p2a: Blissey|92/100 par|[from] item: Leftovers
|upkeep
|turn|10
|inactive|Dridri457 has 270 seconds left.
|
|t:|1728724471
|cant|p1a: Blissey|par
|cant|p2a: Blissey|par
|
|-weather|Sandstorm|[upkeep]
|-damage|p1a: Blissey|80/100 par|[from] Sandstorm
|-damage|p2a: Blissey|86/100 par|[from] Sandstorm
|-heal|p1a: Blissey|86/100 par|[from] item: Leftovers
|-heal|p2a: Blissey|92/100 par|[from] item: Leftovers
|upkeep
|turn|11
|
|t:|1728724476
|move|p1a: Blissey|Calm Mind|p1a: Blissey
|-boost|p1a: Blissey|spa|1
|-boost|p1a: Blissey|spd|1
|move|p2a: Blissey|Wish|p2a: Blissey
|
|-weather|Sandstorm|[upkeep]
|-damage|p1a: Blissey|80/100 par|[from] Sandstorm
|-damage|p2a: Blissey|86/100 par|[from] Sandstorm
|-heal|p1a: Blissey|86/100 par|[from] item: Leftovers
|-heal|p2a: Blissey|92/100 par|[from] item: Leftovers
|upkeep
|turn|12
|c|☆OzEngine|lol
|
|t:|1728724487
|-curestatus|p2a: Blissey|par|[from] ability: Natural Cure
|switch|p2a: Hariyama|Hariyama, M|63/100
|move|p1a: Blissey|Ice Beam|p2a: Hariyama
|-damage|p2a: Hariyama|25/100
|
|-heal|p2a: Hariyama|75/100|[from] move: Wish|[wisher] Blissey
|-weather|Sandstorm|[upkeep]
|-damage|p2a: Hariyama|69/100|[from] Sandstorm
|-damage|p1a: Blissey|80/100 par|[from] Sandstorm
|-heal|p2a: Hariyama|75/100|[from] item: Leftovers
|-heal|p1a: Blissey|86/100 par|[from] item: Leftovers
|upkeep
|turn|13
|
|t:|1728724502
|-curestatus|p1a: Blissey|par|[from] ability: Natural Cure
|switch|p1a: Claydol|Claydol|100/100
|move|p2a: Hariyama|Hidden Power|p1a: Claydol
|-supereffective|p1a: Claydol
|-crit|p1a: Claydol
|-damage|p1a: Claydol|27/100
|
|-weather|Sandstorm|[upkeep]
|-damage|p2a: Hariyama|69/100|[from] Sandstorm
|-heal|p1a: Claydol|33/100|[from] item: Leftovers
|-heal|p2a: Hariyama|75/100|[from] item: Leftovers
|upkeep
|turn|14
|
|t:|1728724516
|switch|p2a: Metagross|Metagross|100/100
|move|p1a: Claydol|Psychic|p2a: Metagross
|-resisted|p2a: Metagross
|-damage|p2a: Metagross|94/100
|
|-weather|Sandstorm|[upkeep]
|-heal|p2a: Metagross|100/100|[from] item: Leftovers
|-heal|p1a: Claydol|39/100|[from] item: Leftovers
|upkeep
|turn|15
|
|t:|1728724522
|switch|p1a: Skarmory|Skarmory, F|100/100
|move|p2a: Metagross|Meteor Mash|p1a: Skarmory
|-resisted|p1a: Skarmory
|-damage|p1a: Skarmory|83/100
|
|-weather|Sandstorm|[upkeep]
|-heal|p1a: Skarmory|89/100|[from] item: Leftovers
|upkeep
|turn|16
|
|t:|1728724535
|switch|p2a: Zapdos|Zapdos|49/100
|move|p1a: Skarmory|Spikes|p2a: Zapdos
|-sidestart|p2: OzEngine|Spikes
|
|-weather|Sandstorm|[upkeep]
|-damage|p2a: Zapdos|43/100|[from] Sandstorm
|-heal|p2a: Zapdos|49/100|[from] item: Leftovers
|-heal|p1a: Skarmory|95/100|[from] item: Leftovers
|upkeep
|turn|17
|
|t:|1728724552
|switch|p1a: Blissey|Blissey, F|86/100
|move|p2a: Zapdos|Thunderbolt|p1a: Blissey
|-damage|p1a: Blissey|68/100
|
|-weather|Sandstorm|[upkeep]
|-damage|p2a: Zapdos|43/100|[from] Sandstorm
|-damage|p1a: Blissey|62/100|[from] Sandstorm
|-heal|p2a: Zapdos|49/100|[from] item: Leftovers
|-heal|p1a: Blissey|68/100|[from] item: Leftovers
|upkeep
|turn|18
|
|t:|1728724564
|switch|p2a: Metagross|Metagross|100/100
|-damage|p2a: Metagross|88/100|[from] Spikes
|move|p1a: Blissey|Ice Beam|p2a: Metagross
|-resisted|p2a: Metagross
|-damage|p2a: Metagross|76/100
|
|-weather|Sandstorm|[upkeep]
|-damage|p1a: Blissey|62/100|[from] Sandstorm
|-heal|p2a: Metagross|82/100|[from] item: Leftovers
|-heal|p1a: Blissey|68/100|[from] item: Leftovers
|upkeep
|turn|19
|
|t:|1728724573
|switch|p1a: Skarmory|Skarmory, F|95/100
|move|p2a: Metagross|Meteor Mash|p1a: Skarmory|[miss]
|-miss|p2a: Metagross|p1a: Skarmory
|
|-weather|Sandstorm|[upkeep]
|-heal|p2a: Metagross|88/100|[from] item: Leftovers
|-heal|p1a: Skarmory|100/100|[from] item: Leftovers
|upkeep
|turn|20
|
|t:|1728724581
|switch|p2a: Starmie|Starmie|100/100
|-damage|p2a: Starmie|88/100|[from] Spikes
|move|p1a: Skarmory|Roar|p2a: Starmie
|drag|p2a: Hariyama|Hariyama, M|75/100
|-damage|p2a: Hariyama|63/100|[from] Spikes
|
|-weather|Sandstorm|[upkeep]
|-damage|p2a: Hariyama|57/100|[from] Sandstorm
|-heal|p2a: Hariyama|63/100|[from] item: Leftovers
|upkeep
|turn|21
|
|t:|1728724595
|-singleturn|p2a: Hariyama|move: Focus Punch
|move|p1a: Skarmory|Drill Peck|p2a: Hariyama
|-supereffective|p2a: Hariyama
|-damage|p2a: Hariyama|15/100
|move|p2a: Hariyama|Focus Punch||[still]
|cant|p2a: Hariyama|Focus Punch|Focus Punch
|
|-weather|Sandstorm|[upkeep]
|-damage|p2a: Hariyama|9/100|[from] Sandstorm
|-heal|p2a: Hariyama|15/100|[from] item: Leftovers
|upkeep
|turn|22
|
|t:|1728724604
|switch|p2a: Starmie|Starmie|88/100
|-damage|p2a: Starmie|76/100|[from] Spikes
|move|p1a: Skarmory|Roar|p2a: Starmie
|drag|p2a: Zapdos|Zapdos|49/100
|
|-weather|Sandstorm|[upkeep]
|-damage|p2a: Zapdos|43/100|[from] Sandstorm
|-heal|p2a: Zapdos|49/100|[from] item: Leftovers
|upkeep
|turn|23
|inactive|Dridri457 has 270 seconds left.
|
|t:|1728724639
|move|p2a: Zapdos|Thunderbolt|p1a: Skarmory
|-supereffective|p1a: Skarmory
|-damage|p1a: Skarmory|17/100
|move|p1a: Skarmory|Roar|p2a: Zapdos
|drag|p2a: Tyranitar|Tyranitar, M|100/100
|-damage|p2a: Tyranitar|88/100|[from] Spikes
|
|-weather|Sandstorm|[upkeep]
|-heal|p2a: Tyranitar|94/100|[from] item: Leftovers
|-heal|p1a: Skarmory|23/100|[from] item: Leftovers
|upkeep
|turn|24
|inactive|Dridri457 has 270 seconds left.
|
|t:|1728724659
|-singleturn|p2a: Tyranitar|move: Focus Punch
|move|p1a: Skarmory|Protect|p1a: Skarmory
|-singleturn|p1a: Skarmory|Protect
|move|p2a: Tyranitar|Focus Punch|p1a: Skarmory
|-activate|p1a: Skarmory|Protect
|
|-weather|Sandstorm|[upkeep]
|-heal|p2a: Tyranitar|100/100|[from] item: Leftovers
|-heal|p1a: Skarmory|30/100|[from] item: Leftovers
|upkeep
|turn|25
|
|t:|1728724666
|switch|p1a: Milotic|Milotic, F|100/100
|move|p2a: Tyranitar|Fire Blast|p1a: Milotic
|-resisted|p1a: Milotic
|-damage|p1a: Milotic|87/100
|
|-weather|Sandstorm|[upkeep]
|-damage|p1a: Milotic|81/100|[from] Sandstorm
|-heal|p1a: Milotic|87/100|[from] item: Leftovers
|upkeep
|turn|26
|
|t:|1728724676
|switch|p2a: Blissey|Blissey, F|92/100
|-damage|p2a: Blissey|79/100|[from] Spikes
|move|p1a: Milotic|Toxic|p2a: Blissey
|-status|p2a: Blissey|tox
|
|-weather|Sandstorm|[upkeep]
|-damage|p1a: Milotic|81/100|[from] Sandstorm
|-damage|p2a: Blissey|73/100 tox|[from] Sandstorm
|-heal|p1a: Milotic|87/100|[from] item: Leftovers
|-heal|p2a: Blissey|79/100 tox|[from] item: Leftovers
|-damage|p2a: Blissey|73/100 tox|[from] psn
|upkeep
|turn|27
|
|t:|1728724690
|move|p1a: Milotic|Surf|p2a: Blissey
|-crit|p2a: Blissey
|-damage|p2a: Blissey|47/100 tox
|move|p2a: Blissey|Wish|p2a: Blissey
|
|-weather|Sandstorm|[upkeep]
|-damage|p1a: Milotic|81/100|[from] Sandstorm
|-damage|p2a: Blissey|41/100 tox|[from] Sandstorm
|-heal|p1a: Milotic|87/100|[from] item: Leftovers
|-heal|p2a: Blissey|47/100 tox|[from] item: Leftovers
|-damage|p2a: Blissey|35/100 tox|[from] psn
|upkeep
|turn|28
|
|t:|1728724700
|-curestatus|p2a: Blissey|tox|[from] ability: Natural Cure
|switch|p2a: Starmie|Starmie|76/100
|-damage|p2a: Starmie|63/100|[from] Spikes
|move|p1a: Milotic|Surf|p2a: Starmie
|-resisted|p2a: Starmie
|-damage|p2a: Starmie|43/100
|
|-heal|p2a: Starmie|93/100|[from] move: Wish|[wisher] Blissey
|-weather|Sandstorm|[upkeep]
|-damage|p2a: Starmie|87/100|[from] Sandstorm
|-damage|p1a: Milotic|81/100|[from] Sandstorm
|-heal|p2a: Starmie|93/100|[from] item: Leftovers
|-heal|p1a: Milotic|87/100|[from] item: Leftovers
|upkeep
|turn|29
|
|t:|1728724711
|move|p2a: Starmie|Rapid Spin|p1a: Milotic
|-damage|p1a: Milotic|85/100
|-sideend|p2: OzEngine|Spikes|[from] move: Rapid Spin|[of] p2a: Starmie
|move|p1a: Milotic|Toxic|p2a: Starmie
|-status|p2a: Starmie|tox
|
|-weather|Sandstorm|[upkeep]
|-damage|p2a: Starmie|87/100 tox|[from] Sandstorm
|-damage|p1a: Milotic|79/100|[from] Sandstorm
|-heal|p2a: Starmie|93/100 tox|[from] item: Leftovers
|-damage|p2a: Starmie|87/100 tox|[from] psn
|-heal|p1a: Milotic|85/100|[from] item: Leftovers
|upkeep
|turn|30
|
|t:|1728724718
|switch|p1a: Dugtrio|Dugtrio, M|100/100
|move|p2a: Starmie|Thunder Wave|p1a: Dugtrio
|-immune|p1a: Dugtrio
|
|-weather|Sandstorm|[upkeep]
|-damage|p2a: Starmie|81/100 tox|[from] Sandstorm
|-heal|p2a: Starmie|87/100 tox|[from] item: Leftovers
|-damage|p2a: Starmie|75/100 tox|[from] psn
|upkeep
|turn|31
|
|t:|1728724727
|move|p1a: Dugtrio|Earthquake|p2a: Starmie
|-damage|p2a: Starmie|11/100 tox
|move|p2a: Starmie|Surf|p1a: Dugtrio
|-supereffective|p1a: Dugtrio
|-damage|p1a: Dugtrio|0 fnt
|faint|p1a: Dugtrio
|
|t:|1728724734
|switch|p1a: Skarmory|Skarmory, F|30/100
|
|-weather|Sandstorm|[upkeep]
|-damage|p2a: Starmie|5/100 tox|[from] Sandstorm
|-heal|p2a: Starmie|11/100 tox|[from] item: Leftovers
|-damage|p2a: Starmie|0 fnt|[from] psn
|faint|p2a: Starmie
|-heal|p1a: Skarmory|36/100|[from] item: Leftovers
|upkeep
|
|t:|1728724741
|switch|p2a: Zapdos|Zapdos|49/100
|turn|32
|
|t:|1728724751
|switch|p1a: Blissey|Blissey, F|68/100
|move|p2a: Zapdos|Hidden Power|p1a: Blissey
|-damage|p1a: Blissey|58/100
|
|-weather|Sandstorm|[upkeep]
|-damage|p2a: Zapdos|43/100|[from] Sandstorm
|-damage|p1a: Blissey|52/100|[from] Sandstorm
|-heal|p2a: Zapdos|49/100|[from] item: Leftovers
|-heal|p1a: Blissey|58/100|[from] item: Leftovers
|upkeep
|turn|33
|
|t:|1728724761
|move|p2a: Zapdos|Baton Pass|p2a: Zapdos
|
|t:|1728724764
|switch|p2a: Blissey|Blissey, F|35/100|[from] Baton Pass
|move|p1a: Blissey|Soft-Boiled|p1a: Blissey
|-heal|p1a: Blissey|100/100
|
|-weather|Sandstorm|[upkeep]
|-damage|p1a: Blissey|94/100|[from] Sandstorm
|-damage|p2a: Blissey|29/100|[from] Sandstorm
|-heal|p1a: Blissey|100/100|[from] item: Leftovers
|-heal|p2a: Blissey|35/100|[from] item: Leftovers
|upkeep
|turn|34
|
|t:|1728724776
|move|p1a: Blissey|Calm Mind|p1a: Blissey
|-boost|p1a: Blissey|spa|1
|-boost|p1a: Blissey|spd|1
|move|p2a: Blissey|Soft-Boiled|p2a: Blissey
|-heal|p2a: Blissey|85/100
|
|-weather|Sandstorm|[upkeep]
|-damage|p1a: Blissey|94/100|[from] Sandstorm
|-damage|p2a: Blissey|79/100|[from] Sandstorm
|-heal|p1a: Blissey|100/100|[from] item: Leftovers
|-heal|p2a: Blissey|85/100|[from] item: Leftovers
|upkeep
|turn|35
|
|t:|1728724783
|move|p1a: Blissey|Calm Mind|p1a: Blissey
|-boost|p1a: Blissey|spa|1
|-boost|p1a: Blissey|spd|1
|move|p2a: Blissey|Wish|p2a: Blissey
|
|-weather|Sandstorm|[upkeep]
|-damage|p1a: Blissey|94/100|[from] Sandstorm
|-damage|p2a: Blissey|79/100|[from] Sandstorm
|-heal|p1a: Blissey|100/100|[from] item: Leftovers
|-heal|p2a: Blissey|85/100|[from] item: Leftovers
|upkeep
|turn|36
|
|t:|1728724789
|switch|p2a: Metagross|Metagross|88/100
|move|p1a: Blissey|Thunderbolt|p2a: Metagross
|-damage|p2a: Metagross|44/100
|
|-heal|p2a: Metagross|94/100|[from] move: Wish|[wisher] Blissey
|-weather|Sandstorm|[upkeep]
|-damage|p1a: Blissey|94/100|[from] Sandstorm
|-heal|p2a: Metagross|99/100|[from] item: Leftovers
|-heal|p1a: Blissey|100/100|[from] item: Leftovers
|upkeep
|turn|37
|
|t:|1728724796
|switch|p1a: Milotic|Milotic, F|85/100
|move|p2a: Metagross|Meteor Mash|p1a: Milotic
|-resisted|p1a: Milotic
|-damage|p1a: Milotic|68/100
|
|-weather|Sandstorm|[upkeep]
|-damage|p1a: Milotic|62/100|[from] Sandstorm
|-heal|p1a: Milotic|68/100|[from] item: Leftovers
|-heal|p2a: Metagross|100/100|[from] item: Leftovers
|upkeep
|turn|38
|
|t:|1728724808
|switch|p2a: Blissey|Blissey, F|85/100
|move|p1a: Milotic|Surf|p2a: Blissey
|-damage|p2a: Blissey|73/100
|
|-weather|Sandstorm|[upkeep]
|-damage|p1a: Milotic|62/100|[from] Sandstorm
|-damage|p2a: Blissey|67/100|[from] Sandstorm
|-heal|p1a: Milotic|68/100|[from] item: Leftovers
|-heal|p2a: Blissey|73/100|[from] item: Leftovers
|upkeep
|turn|39
|
|t:|1728724812
|move|p1a: Milotic|Toxic|p2a: Blissey
|-status|p2a: Blissey|tox
|move|p2a: Blissey|Soft-Boiled|p2a: Blissey
|-heal|p2a: Blissey|100/100 tox
|
|-weather|Sandstorm|[upkeep]
|-damage|p1a: Milotic|62/100|[from] Sandstorm
|-damage|p2a: Blissey|94/100 tox|[from] Sandstorm
|-heal|p1a: Milotic|68/100|[from] item: Leftovers
|-heal|p2a: Blissey|100/100 tox|[from] item: Leftovers
|-damage|p2a: Blissey|94/100 tox|[from] psn
|upkeep
|turn|40
|
|t:|1728724815
|move|p1a: Milotic|Recover|p1a: Milotic
|-heal|p1a: Milotic|100/100
|move|p2a: Blissey|Wish|p2a: Blissey
|
|-weather|Sandstorm|[upkeep]
|-damage|p1a: Milotic|94/100|[from] Sandstorm
|-damage|p2a: Blissey|88/100 tox|[from] Sandstorm
|-heal|p1a: Milotic|100/100|[from] item: Leftovers
|-heal|p2a: Blissey|94/100 tox|[from] item: Leftovers
|-damage|p2a: Blissey|82/100 tox|[from] psn
|upkeep
|turn|41
|
|t:|1728724819
|-curestatus|p2a: Blissey|tox|[from] ability: Natural Cure
|switch|p2a: Zapdos|Zapdos|49/100
|move|p1a: Milotic|Toxic|p2a: Zapdos|[miss]
|-miss|p1a: Milotic|p2a: Zapdos
|
|-heal|p2a: Zapdos|99/100|[from] move: Wish|[wisher] Blissey
|-weather|Sandstorm|[upkeep]
|-damage|p2a: Zapdos|93/100|[from] Sandstorm
|-damage|p1a: Milotic|94/100|[from] Sandstorm
|-heal|p2a: Zapdos|99/100|[from] item: Leftovers
|-heal|p1a: Milotic|100/100|[from] item: Leftovers
|upkeep
|turn|42
|
|t:|1728724829
|switch|p1a: Blissey|Blissey, F|100/100
|move|p2a: Zapdos|Substitute|p2a: Zapdos
|-start|p2a: Zapdos|Substitute
|-damage|p2a: Zapdos|74/100
|
|-weather|Sandstorm|[upkeep]
|-damage|p2a: Zapdos|68/100|[from] Sandstorm
|-damage|p1a: Blissey|94/100|[from] Sandstorm
|-heal|p2a: Zapdos|74/100|[from] item: Leftovers
|-heal|p1a: Blissey|100/100|[from] item: Leftovers
|upkeep
|turn|43
|
|t:|1728724837
|move|p2a: Zapdos|Baton Pass|p2a: Zapdos
|
|t:|1728724841
|switch|p2a: Blissey|Blissey, F|82/100|[from] Baton Pass
|move|p1a: Blissey|Thunderbolt|p2a: Blissey
|-activate|p2a: Blissey|Substitute|[damage]
|
|-weather|Sandstorm|[upkeep]
|-damage|p1a: Blissey|94/100|[from] Sandstorm
|-damage|p2a: Blissey|76/100|[from] Sandstorm
|-heal|p1a: Blissey|100/100|[from] item: Leftovers
|-heal|p2a: Blissey|82/100|[from] item: Leftovers
|upkeep
|turn|44
|
|t:|1728724850
|move|p1a: Blissey|Calm Mind|p1a: Blissey
|-boost|p1a: Blissey|spa|1
|-boost|p1a: Blissey|spd|1
|move|p2a: Blissey|Wish|p2a: Blissey
|
|-weather|Sandstorm|[upkeep]
|-damage|p1a: Blissey|94/100|[from] Sandstorm
|-damage|p2a: Blissey|76/100|[from] Sandstorm
|-heal|p1a: Blissey|100/100|[from] item: Leftovers
|-heal|p2a: Blissey|82/100|[from] item: Leftovers
|upkeep
|turn|45
|
|t:|1728724865
|switch|p2a: Metagross|Metagross|100/100
|move|p1a: Blissey|Thunderbolt|p2a: Metagross
|-damage|p2a: Metagross|64/100
|
|-heal|p2a: Metagross|100/100|[from] move: Wish|[wisher] Blissey
|-weather|Sandstorm|[upkeep]
|-damage|p1a: Blissey|94/100|[from] Sandstorm
|-heal|p1a: Blissey|100/100|[from] item: Leftovers
|upkeep
|turn|46
|
|t:|1728724872
|switch|p1a: Milotic|Milotic, F|100/100
|move|p2a: Metagross|Meteor Mash|p1a: Milotic
|-resisted|p1a: Milotic
|-damage|p1a: Milotic|83/100
|-boost|p2a: Metagross|atk|1
|
|-weather|Sandstorm|[upkeep]
|-damage|p1a: Milotic|77/100|[from] Sandstorm
|-heal|p1a: Milotic|83/100|[from] item: Leftovers
|upkeep
|turn|47
|
|t:|1728724883
|move|p1a: Milotic|Surf|p2a: Metagross
|-damage|p2a: Metagross|70/100
|move|p2a: Metagross|Meteor Mash|p1a: Milotic
|-resisted|p1a: Milotic
|-damage|p1a: Milotic|58/100
|
|-weather|Sandstorm|[upkeep]
|-damage|p1a: Milotic|52/100|[from] Sandstorm
|-heal|p1a: Milotic|58/100|[from] item: Leftovers
|-heal|p2a: Metagross|76/100|[from] item: Leftovers
|upkeep
|turn|48
|
|t:|1728724891
|move|p1a: Milotic|Surf|p2a: Metagross
|-damage|p2a: Metagross|45/100
|move|p2a: Metagross|Meteor Mash|p1a: Milotic
|-resisted|p1a: Milotic
|-damage|p1a: Milotic|34/100
|
|-weather|Sandstorm|[upkeep]
|-damage|p1a: Milotic|28/100|[from] Sandstorm
|-heal|p1a: Milotic|34/100|[from] item: Leftovers
|-heal|p2a: Metagross|51/100|[from] item: Leftovers
|upkeep
|turn|49
|
|t:|1728724901
|move|p1a: Milotic|Recover|p1a: Milotic
|-heal|p1a: Milotic|84/100
|move|p2a: Metagross|Earthquake|p1a: Milotic
|-damage|p1a: Milotic|50/100
|
|-weather|Sandstorm|[upkeep]
|-damage|p1a: Milotic|44/100|[from] Sandstorm
|-heal|p1a: Milotic|50/100|[from] item: Leftovers
|-heal|p2a: Metagross|57/100|[from] item: Leftovers
|upkeep
|turn|50
|
|t:|1728724904
|move|p1a: Milotic|Recover|p1a: Milotic
|-heal|p1a: Milotic|99/100
|move|p2a: Metagross|Meteor Mash|p1a: Milotic|[miss]
|-miss|p2a: Metagross|p1a: Milotic
|
|-weather|Sandstorm|[upkeep]
|-damage|p1a: Milotic|94/100|[from] Sandstorm
|-heal|p1a: Milotic|99/100|[from] item: Leftovers
|-heal|p2a: Metagross|63/100|[from] item: Leftovers
|upkeep
|turn|51
|
|t:|1728724907
|move|p1a: Milotic|Surf|p2a: Metagross
|-damage|p2a: Metagross|30/100
|move|p2a: Metagross|Meteor Mash|p1a: Milotic
|-resisted|p1a: Milotic
|-damage|p1a: Milotic|73/100
|
|-weather|Sandstorm|[upkeep]
|-damage|p1a: Milotic|67/100|[from] Sandstorm
|-heal|p1a: Milotic|73/100|[from] item: Leftovers
|-heal|p2a: Metagross|36/100|[from] item: Leftovers
|upkeep
|turn|52
|
|t:|1728724914
|switch|p1a: Claydol|Claydol|39/100
|move|p2a: Metagross|Explosion|p1a: Claydol
|-damage|p1a: Claydol|0 fnt
|faint|p2a: Metagross
|faint|p1a: Claydol
|
|t:|1728724929
|switch|p2a: Zapdos|Zapdos|74/100
|switch|p1a: Tyranitar|Tyranitar, F|100/100
|
|-weather|Sandstorm|[upkeep]
|-damage|p2a: Zapdos|68/100|[from] Sandstorm
|-heal|p2a: Zapdos|74/100|[from] item: Leftovers
|upkeep
|turn|53
|
|t:|1728724936
|move|p2a: Zapdos|Substitute|p2a: Zapdos
|-start|p2a: Zapdos|Substitute
|-damage|p2a: Zapdos|49/100
|move|p1a: Tyranitar|Rock Slide|p2a: Zapdos
|-supereffective|p2a: Zapdos
|-end|p2a: Zapdos|Substitute
|
|-weather|Sandstorm|[upkeep]
|-damage|p2a: Zapdos|43/100|[from] Sandstorm
|-heal|p2a: Zapdos|49/100|[from] item: Leftovers
|upkeep
|turn|54
|c|☆OzEngine|gg
|inactive|OzEngine has 270 seconds left.
|
|t:|1728724978
|move|p2a: Zapdos|Baton Pass|p2a: Zapdos
|
|t:|1728724980
|switch|p2a: Tyranitar|Tyranitar, M|100/100|[from] Baton Pass
|move|p1a: Tyranitar|Rock Slide|p2a: Tyranitar
|-damage|p2a: Tyranitar|60/100
|
|-weather|Sandstorm|[upkeep]
|-heal|p2a: Tyranitar|66/100|[from] item: Leftovers
|upkeep
|turn|55
|inactive|OzEngine has 270 seconds left.
|
|t:|1728724991
|move|p2a: Tyranitar|Rock Slide|p1a: Tyranitar
|-damage|p1a: Tyranitar|74/100
|move|p1a: Tyranitar|Earthquake|p2a: Tyranitar
|-supereffective|p2a: Tyranitar
|-damage|p2a: Tyranitar|0 fnt
|faint|p2a: Tyranitar
|-message|OzEngine forfeited.
|
|win|Dridri457
|c|☆Dridri457|interessting match gg
|player|p2|

</script>
<script type="application/json" class="data" id="replaydata-smogtours-gen3ou-797373">
{"id":"smogtours-gen3ou-797373","format":"[Gen 3] OU","players":["Dridri457","OzEngine"],"uploadtime":1728724999,"views":94,"formatid":"gen3ou","rating":null,"private":0,"password":null}
</script>

<script defer src="js/replays.js?9d40a366"></script>
