<!DOCTYPE html>
<meta charset="utf-8" />
<meta name="viewport" content="width=device-width" />

<title>[Gen 3] OU: Antinomy22 vs. SlamonBbq - Replays - Pok&eacute;mon Showdown!</title>

<meta name="description" content="Watch a replay of a Pok&eacute;mon battle between Antinomy22 and SlamonBbq! Format: [Gen 3] OU; Date: Oct 2, 2024" />
<!--

Hey, you! Looking in the source for the replay log?

You can find them in JSON format, just add `.json` at the end of a replay URL.

https://replay.pokemonshowdown.com/gen7randomdoublesbattle-865046831.json

Or, if you only need the log itself, add `.log` instead:

https://replay.pokemonshowdown.com/gen7randomdoublesbattle-865046831.log

-->

<link rel="stylesheet" href="//pokemonshowdown.com/style/global.css?0.023195364461161105" />
<link rel="stylesheet" href="//play.pokemonshowdown.com/style/font-awesome.css?0.13261647063804238" />
<link rel="stylesheet" href="//play.pokemonshowdown.com/style/battle.css?0.8753245789963631" />
<link rel="stylesheet" href="//play.pokemonshowdown.com/style/utilichart.css?0.8627959624976733" />

<!-- Global site tag (gtag.js) - Google Analytics -->
<script async src="https://www.googletagmanager.com/gtag/js?id=UA-26211653-1"></script>
<script>
  window.dataLayer = window.dataLayer || [];
  function gtag(){dataLayer.push(arguments);}
  gtag('js', new Date());

  gtag('config', 'UA-26211653-1');
</script>
<!-- End Google Analytics -->
<!-- Venatus Ad Manager - Install in <HEAD> of page -->
	<script src="https://hb.vntsm.com/v3/live/ad-manager.min.js" type="text/javascript" data-site-id="642aba63ec9a7b11c3c9c1be" data-mode="scan" async></script>
<!-- / Venatus Ad Manager -->

<style>
	@media (max-width:820px) {
		.battle {
			margin: 0 auto;
		}
		.battle-log {
			margin: 7px auto 0;
			max-width: 640px;
			height: 300px;
			position: static;
		}
	}
	.optgroup {
		display: inline-block;
		line-height: 22px;
		font-size: 10pt;
	}
	.optgroup .button {
		height: 25px;
		padding-top: 0;
		padding-bottom: 0;
	}
	.optgroup button.button {
		padding-left: 12px;
		padding-right: 12px;
	}
	.linklist {
		list-style: none;
		margin: 0.5em 0;
		padding: 0;
	}
	.linklist li {
		padding: 2px 0;
	}
	.sidebar {
		float: left;
		width: 320px;
	}
	.bar-wrapper {
		max-width: 1100px;
		margin: 0 auto;
	}
	.bar-wrapper.has-sidebar {
		max-width: 1430px;
	}
	.mainbar {
		margin: 0;
		padding-right: 1px;
	}
	.mainbar.has-sidebar {
		margin-left: 330px;
	}
	@media (min-width: 1511px) {
		.sidebar {
			width: 400px;
		}
		.bar-wrapper.has-sidebar {
			max-width: 1510px;
		}
		.mainbar.has-sidebar {
			margin-left: 410px;
		}
	}
	.section.first-section {
		margin-top: 9px;
	}
	.blocklink small {
		white-space: normal;
	}
	.button {
		vertical-align: middle;
	}
	.replay-controls {
		padding-top: 10px;
	}
	.replay-controls h1 {
		font-size: 16pt;
		font-weight: normal;
		color: #CCC;
	}
	.pagelink {
		text-align: center;
	}
	.pagelink a {
		width: 150px;
	}
	.textbox, .button {
		font-size: 11pt;
		vertical-align: middle;
	}
	@media (max-width: 450px) {
		.button {
			font-size: 9pt;
		}
	}
</style>

<div>

	<header>
		<div class="nav-wrapper"><ul class="nav">
			<li><a class="button nav-first" href="//pokemonshowdown.com/"><img src="//pokemonshowdown.com/images/pokemonshowdownbeta.png" srcset="//pokemonshowdown.com/images/pokemonshowdownbeta.png 1x, //pokemonshowdown.com/images/pokemonshowdownbeta@2x.png 2x" alt="Pok&eacute;mon Showdown" width="146" height="44" /> Home</a></li>
			<li><a class="button" href="//pokemonshowdown.com/dex/">Pok&eacute;dex</a></li>
			<li><a class="button cur" href="/">Replays</a></li>
			<li><a class="button" href="//pokemonshowdown.com/ladder/">Ladder</a></li>
			<li><a class="button nav-last" href="//pokemonshowdown.com/forums/">Forum</a></li>
			<li><a class="button greenbutton nav-first nav-last" href="//play.pokemonshowdown.com/">Play</a></li>
		</ul></div>
	</header>

	<div class="main" id="main">

		<noscript><section class="section">You need to enable JavaScript to use this page; sorry!</section></noscript>

	</div>

</div>

<script defer nomodule src="//play.pokemonshowdown.com/js/lib/ps-polyfill.js"></script>
<script defer src="//play.pokemonshowdown.com/js/lib/preact.min.js"></script>

<script defer src="//play.pokemonshowdown.com/config/config.js?2bddbc15"></script>
<script defer src="//play.pokemonshowdown.com/js/lib/jquery-1.11.0.min.js"></script>
<script defer src="//play.pokemonshowdown.com/js/lib/html-sanitizer-minified.js"></script>
<script defer src="//play.pokemonshowdown.com/js/battle-sound.js"></script>
<script defer src="//play.pokemonshowdown.com/js/battledata.js?0.7209276989879541"></script>
<script defer src="//play.pokemonshowdown.com/data/pokedex-mini.js?0.6111056340867951"></script>
<script defer src="//play.pokemonshowdown.com/data/pokedex-mini-bw.js?0.3532142036491459"></script>
<script defer src="//play.pokemonshowdown.com/data/graphics.js?0.24223875632456182"></script>
<script defer src="//play.pokemonshowdown.com/data/pokedex.js?0.38839984266356864"></script>
<script defer src="//play.pokemonshowdown.com/data/moves.js?0.21866028504024015"></script>
<script defer src="//play.pokemonshowdown.com/data/abilities.js?0.2005157953846628"></script>
<script defer src="//play.pokemonshowdown.com/data/items.js?0.9894211263848525"></script>
<script defer src="//play.pokemonshowdown.com/data/teambuilder-tables.js?0.6008791140282215"></script>
<script defer src="//play.pokemonshowdown.com/js/battle-tooltips.js?0.7580118955022959"></script>
<script defer src="//play.pokemonshowdown.com/js/battle.js?0.6057722274234274"></script>

<script defer src="js/utils.js?e31f9a17"></script>
<script defer src="js/replays-battle.js?7008c182"></script>

<!-- don't scrape this data! just add .json or .log after the URL!
Full API docs: https://github.com/smogon/pokemon-showdown-client/blob/master/WEB-API.md -->
<script type="text/plain" class="log" id="replaylog-smogtours-gen3ou-794094">
|inactive|Battle timer is ON: inactive players will automatically lose when time's up.
|t:|1727906139
|gametype|singles
|player|p1|Antinomy22|102|
|player|p2|SlamonBbq|169|
|teamsize|p1|6
|teamsize|p2|6
|gen|3
|tier|[Gen 3] OU
|rule|Sleep Clause Mod: Limit one foe put to sleep
|rule|Switch Priority Clause Mod: Faster Pokémon switch first
|rule|Species Clause: Limit one of each Pokémon
|rule|OHKO Clause: OHKO moves are banned
|rule|Evasion Items Clause: Evasion items are banned
|rule|Evasion Moves Clause: Evasion moves are banned
|rule|Endless Battle Clause: Forcing endless battles is banned
|rule|HP Percentage Mod: HP is shown in percentages
|rule|One Boost Passer Clause: Limit one Baton Passer that has a way to boost its stats
|rule|Freeze Clause Mod: Limit one foe frozen
|
|t:|1727906139
|start
|switch|p1a: Salamence|Salamence, M|100/100
|switch|p2a: Venusaur|Venusaur, F|100/100
|-ability|p1a: Salamence|Intimidate|boost
|-unboost|p2a: Venusaur|atk|1
|turn|1
|c|☆Antinomy22|glhf
|c|☆SlamonBbq|u2
|
|t:|1727906153
|switch|p2a: Zapdos|Zapdos|100/100
|move|p1a: Salamence|Hidden Power|p2a: Zapdos
|-resisted|p2a: Zapdos
|-damage|p2a: Zapdos|63/100
|
|-heal|p2a: Zapdos|69/100|[from] item: Leftovers
|upkeep
|turn|2
|
|t:|1727906167
|switch|p1a: Blissey|Blissey, F|100/100
|switch|p2a: Venusaur|Venusaur, F|100/100
|
|upkeep
|turn|3
|
|t:|1727906179
|move|p2a: Venusaur|Sleep Powder|p1a: Blissey
|-status|p1a: Blissey|slp|[from] move: Sleep Powder
|cant|p1a: Blissey|slp
|
|upkeep
|turn|4
|
|t:|1727906195
|switch|p2a: Forretress|Forretress, F|100/100
|-curestatus|p1a: Blissey|slp|[from] ability: Natural Cure
|switch|p1a: Salamence|Salamence, M|100/100
|-ability|p1a: Salamence|Intimidate|boost
|-unboost|p2a: Forretress|atk|1
|
|upkeep
|turn|5
|
|t:|1727906204
|switch|p1a: Hariyama|Hariyama, M|100/100
|move|p2a: Forretress|Spikes|p1a: Hariyama
|-sidestart|p1: Antinomy22|Spikes
|
|upkeep
|turn|6
|
|t:|1727906231
|switch|p2a: Venusaur|Venusaur, F|100/100
|move|p1a: Hariyama|Knock Off|p2a: Venusaur
|-damage|p2a: Venusaur|98/100
|-enditem|p2a: Venusaur|Leftovers|[from] move: Knock Off|[of] p1a: Hariyama
|-hint|In Gens 3-4, Knock Off only makes the target's item unusable; it cannot obtain a new item.
|
|upkeep
|turn|7
|
|t:|1727906253
|move|p2a: Venusaur|Sleep Powder|p1a: Hariyama|[miss]
|-miss|p2a: Venusaur|p1a: Hariyama
|move|p1a: Hariyama|Hidden Power|p2a: Venusaur
|-damage|p2a: Venusaur|71/100
|
|upkeep
|turn|8
|
|t:|1727906257
|move|p2a: Venusaur|Sleep Powder|p1a: Hariyama|[miss]
|-miss|p2a: Venusaur|p1a: Hariyama
|move|p1a: Hariyama|Hidden Power|p2a: Venusaur
|-damage|p2a: Venusaur|46/100
|
|upkeep
|turn|9
|
|t:|1727906263
|move|p2a: Venusaur|Sleep Powder|p1a: Hariyama
|-status|p1a: Hariyama|slp|[from] move: Sleep Powder
|cant|p1a: Hariyama|slp
|
|upkeep
|turn|10
|
|t:|1727906267
|switch|p1a: Jirachi|Jirachi|100/100
|-damage|p1a: Jirachi|88/100|[from] Spikes
|move|p2a: Venusaur|Leech Seed|p1a: Jirachi
|-start|p1a: Jirachi|move: Leech Seed
|
|-heal|p1a: Jirachi|94/100|[from] item: Leftovers
|-damage|p1a: Jirachi|82/100|[from] Leech Seed|[of] p2a: Venusaur
|-heal|p2a: Venusaur|60/100|[silent]
|upkeep
|turn|11
|
|t:|1727906293
|switch|p2a: Tyranitar|Tyranitar, F|100/100
|-weather|Sandstorm|[from] ability: Sand Stream|[of] p2a: Tyranitar
|switch|p1a: Blissey|Blissey, F|100/100
|-damage|p1a: Blissey|88/100|[from] Spikes
|
|-weather|Sandstorm|[upkeep]
|-damage|p1a: Blissey|82/100|[from] Sandstorm
|-heal|p1a: Blissey|88/100|[from] item: Leftovers
|upkeep
|turn|12
|inactive|SlamonBbq has 270 seconds left.
|
|t:|1727906316
|switch|p2a: Venusaur|Venusaur, F|60/100
|move|p1a: Blissey|Aromatherapy|p1a: Blissey
|-cureteam|p1a: Blissey|[from] move: Aromatherapy
|
|-weather|Sandstorm|[upkeep]
|-damage|p2a: Venusaur|54/100|[from] Sandstorm
|-damage|p1a: Blissey|82/100|[from] Sandstorm
|-heal|p1a: Blissey|88/100|[from] item: Leftovers
|upkeep
|turn|13
|inactive|SlamonBbq has 270 seconds left.
|
|t:|1727906332
|switch|p2a: Forretress|Forretress, F|100/100
|move|p1a: Blissey|Ice Beam|p2a: Forretress
|-resisted|p2a: Forretress
|-damage|p2a: Forretress|89/100
|-status|p2a: Forretress|frz
|
|-weather|Sandstorm|[upkeep]
|-damage|p1a: Blissey|82/100|[from] Sandstorm
|-heal|p1a: Blissey|88/100|[from] item: Leftovers
|-heal|p2a: Forretress|95/100 frz|[from] item: Leftovers
|upkeep
|turn|14
|inactive|SlamonBbq has 240 seconds left.
|
|t:|1727906373
|switch|p1a: Jirachi|Jirachi|82/100
|-damage|p1a: Jirachi|69/100|[from] Spikes
|switch|p2a: Metagross|Metagross|100/100
|
|-weather|Sandstorm|[upkeep]
|-heal|p1a: Jirachi|76/100|[from] item: Leftovers
|upkeep
|turn|15
|inactive|SlamonBbq has 210 seconds left.
|
|t:|1727906427
|switch|p2a: Tyranitar|Tyranitar, F|100/100
|move|p1a: Jirachi|Protect||[still]
|-fail|p1a: Jirachi
|
|-weather|Sandstorm|[upkeep]
|-heal|p1a: Jirachi|82/100|[from] item: Leftovers
|upkeep
|turn|16
|
|t:|1727906440
|switch|p2a: Zapdos|Zapdos|69/100
|move|p1a: Jirachi|Protect||[still]
|-fail|p1a: Jirachi
|
|-weather|Sandstorm|[upkeep]
|-damage|p2a: Zapdos|63/100|[from] Sandstorm
|-heal|p2a: Zapdos|69/100|[from] item: Leftovers
|-heal|p1a: Jirachi|88/100|[from] item: Leftovers
|upkeep
|turn|17
|
|t:|1727906452
|move|p1a: Jirachi|Protect|p1a: Jirachi
|-singleturn|p1a: Jirachi|Protect
|move|p2a: Zapdos|Thunder Wave|p1a: Jirachi
|-activate|p1a: Jirachi|Protect
|
|-weather|Sandstorm|[upkeep]
|-damage|p2a: Zapdos|63/100|[from] Sandstorm
|-heal|p2a: Zapdos|69/100|[from] item: Leftovers
|-heal|p1a: Jirachi|94/100|[from] item: Leftovers
|upkeep
|turn|18
|
|t:|1727906459
|switch|p1a: Blissey|Blissey, F|88/100
|-damage|p1a: Blissey|76/100|[from] Spikes
|move|p2a: Zapdos|Hidden Power|p1a: Blissey
|-supereffective|p1a: Blissey
|-damage|p1a: Blissey|30/100
|
|-weather|Sandstorm|[upkeep]
|-damage|p2a: Zapdos|63/100|[from] Sandstorm
|-damage|p1a: Blissey|24/100|[from] Sandstorm
|-heal|p2a: Zapdos|69/100|[from] item: Leftovers
|-heal|p1a: Blissey|30/100|[from] item: Leftovers
|upkeep
|turn|19
|inactive|Antinomy22 has 270 seconds left.
|inactive|SlamonBbq has 180 seconds left.
|
|t:|1727906514
|switch|p1a: Salamence|Salamence, M|100/100
|-ability|p1a: Salamence|Intimidate|boost
|-unboost|p2a: Zapdos|atk|1
|move|p2a: Zapdos|Drill Peck|p1a: Salamence
|-damage|p1a: Salamence|70/100
|
|-weather|Sandstorm|[upkeep]
|-damage|p1a: Salamence|64/100|[from] Sandstorm
|-damage|p2a: Zapdos|63/100|[from] Sandstorm
|-heal|p2a: Zapdos|69/100|[from] item: Leftovers
|upkeep
|turn|20
|inactive|Antinomy22 has 270 seconds left.
|
|t:|1727906523
|switch|p1a: Jirachi|Jirachi|94/100
|-damage|p1a: Jirachi|82/100|[from] Spikes
|switch|p2a: Forretress|Forretress, F|95/100 frz
|
|-weather|Sandstorm|[upkeep]
|-heal|p1a: Jirachi|88/100|[from] item: Leftovers
|-heal|p2a: Forretress|100/100 frz|[from] item: Leftovers
|upkeep
|turn|21
|
|t:|1727906547
|switch|p2a: Tyranitar|Tyranitar, F|100/100
|move|p1a: Jirachi|Wish|p1a: Jirachi
|
|-weather|Sandstorm|[upkeep]
|-heal|p1a: Jirachi|94/100|[from] item: Leftovers
|upkeep
|turn|22
|inactive|SlamonBbq has 150 seconds left.
|
|t:|1727906573
|-singleturn|p2a: Tyranitar|move: Focus Punch
|move|p1a: Jirachi|Toxic|p2a: Tyranitar
|-status|p2a: Tyranitar|tox
|move|p2a: Tyranitar|Focus Punch|p1a: Jirachi
|-damage|p1a: Jirachi|69/100
|
|-heal|p1a: Jirachi|100/100|[from] move: Wish|[wisher] Jirachi
|-weather|Sandstorm|[upkeep]
|-damage|p2a: Tyranitar|94/100 tox|[from] psn
|upkeep
|turn|23
|
|t:|1727906599
|switch|p2a: Zapdos|Zapdos|69/100
|move|p1a: Jirachi|Wish|p1a: Jirachi
|
|-weather|Sandstorm|[upkeep]
|-damage|p2a: Zapdos|63/100|[from] Sandstorm
|-heal|p2a: Zapdos|69/100|[from] item: Leftovers
|upkeep
|turn|24
|
|t:|1727906607
|move|p2a: Zapdos|Thunder Wave|p1a: Jirachi
|-status|p1a: Jirachi|par
|move|p1a: Jirachi|Toxic|p2a: Zapdos
|-status|p2a: Zapdos|tox
|
|-weather|Sandstorm|[upkeep]
|-damage|p2a: Zapdos|63/100 tox|[from] Sandstorm
|-heal|p2a: Zapdos|69/100 tox|[from] item: Leftovers
|-damage|p2a: Zapdos|63/100 tox|[from] psn
|upkeep
|turn|25
|inactive|SlamonBbq has 120 seconds left.
|
|t:|1727906644
|switch|p2a: Tyranitar|Tyranitar, F|94/100 tox
|move|p1a: Jirachi|Protect||[still]
|-fail|p1a: Jirachi
|
|-weather|Sandstorm|[upkeep]
|-heal|p2a: Tyranitar|100/100 tox|[from] item: Leftovers
|-damage|p2a: Tyranitar|94/100 tox|[from] psn
|upkeep
|turn|26
|
|t:|1727906653
|move|p1a: Jirachi|Protect|p1a: Jirachi
|-singleturn|p1a: Jirachi|Protect
|move|p2a: Tyranitar|Fire Blast|p1a: Jirachi|[miss]
|-miss|p2a: Tyranitar|p1a: Jirachi
|
|-weather|Sandstorm|[upkeep]
|-heal|p2a: Tyranitar|100/100 tox|[from] item: Leftovers
|-damage|p2a: Tyranitar|88/100 tox|[from] psn
|upkeep
|turn|27
|
|t:|1727906671
|switch|p2a: Metagross|Metagross|100/100
|switch|p1a: Hariyama|Hariyama, M|100/100
|-damage|p1a: Hariyama|88/100|[from] Spikes
|
|-weather|Sandstorm|[upkeep]
|-damage|p1a: Hariyama|82/100|[from] Sandstorm
|-heal|p1a: Hariyama|88/100|[from] item: Leftovers
|upkeep
|turn|28
|
|t:|1727906686
|move|p2a: Metagross|Meteor Mash|p1a: Hariyama
|-damage|p1a: Hariyama|39/100
|move|p1a: Hariyama|Knock Off|p2a: Metagross
|-damage|p2a: Metagross|98/100
|-enditem|p2a: Metagross|Leftovers|[from] move: Knock Off|[of] p1a: Hariyama
|
|-weather|Sandstorm|[upkeep]
|-damage|p1a: Hariyama|33/100|[from] Sandstorm
|-heal|p1a: Hariyama|39/100|[from] item: Leftovers
|upkeep
|turn|29
|
|t:|1727906705
|switch|p1a: Suicune|Suicune|100/100
|-damage|p1a: Suicune|88/100|[from] Spikes
|move|p2a: Metagross|Meteor Mash|p1a: Suicune
|-resisted|p1a: Suicune
|-damage|p1a: Suicune|70/100
|
|-weather|Sandstorm|[upkeep]
|-damage|p1a: Suicune|64/100|[from] Sandstorm
|-heal|p1a: Suicune|70/100|[from] item: Leftovers
|upkeep
|turn|30
|inactive|SlamonBbq has 90 seconds left.
|inactive|SlamonBbq has 60 seconds left.
|inactive|SlamonBbq has 30 seconds left.
|
|t:|1727906787
|switch|p1a: Jirachi|Jirachi|100/100 par
|-damage|p1a: Jirachi|88/100 par|[from] Spikes
|switch|p2a: Venusaur|Venusaur, F|54/100
|
|-weather|Sandstorm|[upkeep]
|-damage|p2a: Venusaur|48/100|[from] Sandstorm
|-heal|p1a: Jirachi|94/100 par|[from] item: Leftovers
|upkeep
|turn|31
|inactive|SlamonBbq has 30 seconds left.
|
|t:|1727906799
|switch|p2a: Forretress|Forretress, F|100/100 frz
|move|p1a: Jirachi|Wish|p1a: Jirachi
|
|-weather|Sandstorm|[upkeep]
|-heal|p1a: Jirachi|100/100 par|[from] item: Leftovers
|upkeep
|turn|32
|
|t:|1727906805
|switch|p2a: Metagross|Metagross|98/100
|cant|p1a: Jirachi|par
|
|-weather|Sandstorm|[upkeep]
|upkeep
|turn|33
|inactive|SlamonBbq has 30 seconds left.
|
|t:|1727906823
|move|p2a: Metagross|Earthquake|p1a: Jirachi
|-supereffective|p1a: Jirachi
|-damage|p1a: Jirachi|52/100 par
|cant|p1a: Jirachi|par
|
|-weather|Sandstorm|[upkeep]
|-heal|p1a: Jirachi|59/100 par|[from] item: Leftovers
|upkeep
|turn|34
|inactive|SlamonBbq has 30 seconds left.
|
|t:|1727906836
|switch|p1a: Suicune|Suicune|70/100
|-damage|p1a: Suicune|57/100|[from] Spikes
|move|p2a: Metagross|Earthquake|p1a: Suicune
|-damage|p1a: Suicune|34/100
|
|-weather|Sandstorm|[upkeep]
|-damage|p1a: Suicune|28/100|[from] Sandstorm
|-heal|p1a: Suicune|34/100|[from] item: Leftovers
|upkeep
|turn|35
|
|t:|1727906845
|move|p1a: Suicune|Rest|p1a: Suicune
|-status|p1a: Suicune|slp|[from] move: Rest
|-heal|p1a: Suicune|100/100 slp|[silent]
|move|p2a: Metagross|Meteor Mash|p1a: Suicune
|-resisted|p1a: Suicune
|-damage|p1a: Suicune|84/100 slp
|
|-weather|Sandstorm|[upkeep]
|-damage|p1a: Suicune|78/100 slp|[from] Sandstorm
|-heal|p1a: Suicune|84/100 slp|[from] item: Leftovers
|upkeep
|turn|36
|
|t:|1727906856
|switch|p1a: Salamence|Salamence, M|64/100
|-ability|p1a: Salamence|Intimidate|boost
|-fail|p2a: Metagross|unboost|[from] ability: Clear Body|[of] p2a: Metagross
|switch|p2a: Starmie|Starmie|100/100
|
|-weather|Sandstorm|[upkeep]
|-damage|p2a: Starmie|94/100|[from] Sandstorm
|-damage|p1a: Salamence|58/100|[from] Sandstorm
|-heal|p2a: Starmie|100/100|[from] item: Leftovers
|upkeep
|turn|37
|
|t:|1727906885
|switch|p1a: Blissey|Blissey, F|30/100
|-damage|p1a: Blissey|18/100|[from] Spikes
|move|p2a: Starmie|Ice Beam|p1a: Blissey
|-damage|p1a: Blissey|6/100
|
|-weather|Sandstorm|[upkeep]
|-damage|p2a: Starmie|94/100|[from] Sandstorm
|-damage|p1a: Blissey|0 fnt|[from] Sandstorm
|faint|p1a: Blissey
|-heal|p2a: Starmie|100/100|[from] item: Leftovers
|upkeep
|inactive|Antinomy22 has 270 seconds left.
|
|t:|1727906903
|switch|p1a: Jirachi|Jirachi|59/100 par
|-damage|p1a: Jirachi|46/100 par|[from] Spikes
|turn|38
|
|t:|1727906914
|move|p2a: Starmie|Surf|p1a: Jirachi
|-crit|p1a: Jirachi
|-damage|p1a: Jirachi|0 fnt
|faint|p1a: Jirachi
|inactive|Antinomy22 has 270 seconds left.
|
|t:|1727906925
|switch|p1a: Suicune|Suicune|84/100 slp
|-damage|p1a: Suicune|72/100 slp|[from] Spikes
|
|-weather|Sandstorm|[upkeep]
|-damage|p2a: Starmie|94/100|[from] Sandstorm
|-damage|p1a: Suicune|66/100 slp|[from] Sandstorm
|-heal|p2a: Starmie|100/100|[from] item: Leftovers
|-heal|p1a: Suicune|72/100 slp|[from] item: Leftovers
|upkeep
|turn|39
|
|t:|1727906928
|move|p2a: Starmie|Thunderbolt|p1a: Suicune
|-supereffective|p1a: Suicune
|-damage|p1a: Suicune|29/100 slp
|cant|p1a: Suicune|slp
|
|-weather|Sandstorm|[upkeep]
|-damage|p2a: Starmie|94/100|[from] Sandstorm
|-damage|p1a: Suicune|23/100 slp|[from] Sandstorm
|-heal|p2a: Starmie|100/100|[from] item: Leftovers
|-heal|p1a: Suicune|29/100 slp|[from] item: Leftovers
|upkeep
|turn|40
|
|t:|1727906931
|move|p2a: Starmie|Thunderbolt|p1a: Suicune
|-supereffective|p1a: Suicune
|-damage|p1a: Suicune|0 fnt
|faint|p1a: Suicune
|
|t:|1727906941
|switch|p1a: Salamence|Salamence, M|58/100
|-ability|p1a: Salamence|Intimidate|boost
|-unboost|p2a: Starmie|atk|1
|
|-weather|Sandstorm|[upkeep]
|-damage|p2a: Starmie|94/100|[from] Sandstorm
|-damage|p1a: Salamence|52/100|[from] Sandstorm
|-heal|p2a: Starmie|100/100|[from] item: Leftovers
|upkeep
|turn|41
|
|t:|1727906946
|move|p2a: Starmie|Ice Beam|p1a: Salamence
|-supereffective|p1a: Salamence
|-damage|p1a: Salamence|0 fnt
|faint|p1a: Salamence
|
|t:|1727906947
|switch|p1a: Claydol|Claydol|100/100
|
|-weather|Sandstorm|[upkeep]
|-damage|p2a: Starmie|94/100|[from] Sandstorm
|-heal|p2a: Starmie|100/100|[from] item: Leftovers
|upkeep
|turn|42
|
|t:|1727906957
|move|p2a: Starmie|Surf|p1a: Claydol
|-supereffective|p1a: Claydol
|-damage|p1a: Claydol|8/100
|move|p1a: Claydol|Explosion|p2a: Starmie
|-damage|p2a: Starmie|0 fnt
|faint|p1a: Claydol
|faint|p2a: Starmie
|
|t:|1727906960
|switch|p2a: Zapdos|Zapdos|63/100 tox
|switch|p1a: Hariyama|Hariyama, M|39/100
|-damage|p1a: Hariyama|27/100|[from] Spikes
|
|-weather|Sandstorm|[upkeep]
|-damage|p2a: Zapdos|57/100 tox|[from] Sandstorm
|-damage|p1a: Hariyama|21/100|[from] Sandstorm
|-heal|p2a: Zapdos|63/100 tox|[from] item: Leftovers
|-damage|p2a: Zapdos|57/100 tox|[from] psn
|-heal|p1a: Hariyama|27/100|[from] item: Leftovers
|upkeep
|turn|43
|
|t:|1727906962
|move|p2a: Zapdos|Drill Peck|p1a: Hariyama
|-supereffective|p1a: Hariyama
|-damage|p1a: Hariyama|0 fnt
|faint|p1a: Hariyama
|
|win|SlamonBbq

</script>
<script type="application/json" class="data" id="replaydata-smogtours-gen3ou-794094">
{"id":"smogtours-gen3ou-794094","format":"[Gen 3] OU","players":["Antinomy22","SlamonBbq"],"uploadtime":1727906962,"views":145,"formatid":"gen3ou","rating":null,"private":0,"password":null}
</script>

<script defer src="js/replays.js?9d40a366"></script>
