<!DOCTYPE html>
<meta charset="utf-8" />
<meta name="viewport" content="width=device-width" />

<title>[Gen 3] OU: Depres_ionCher_y vs. A Plague Doc - Replays - Pok&eacute;mon Showdown!</title>

<meta name="description" content="Watch a replay of a Pok&eacute;mon battle between Depres_ionCher_y and A Plague Doc! Format: [Gen 3] OU; Date: Nov 3, 2024" />
<!--

Hey, you! Looking in the source for the replay log?

You can find them in JSON format, just add `.json` at the end of a replay URL.

https://replay.pokemonshowdown.com/gen7randomdoublesbattle-865046831.json

Or, if you only need the log itself, add `.log` instead:

https://replay.pokemonshowdown.com/gen7randomdoublesbattle-865046831.log

-->

<link rel="stylesheet" href="//pokemonshowdown.com/style/global.css?0.023195364461161105" />
<link rel="stylesheet" href="//play.pokemonshowdown.com/style/font-awesome.css?0.13261647063804238" />
<link rel="stylesheet" href="//play.pokemonshowdown.com/style/battle.css?0.8753245789963631" />
<link rel="stylesheet" href="//play.pokemonshowdown.com/style/utilichart.css?0.8627959624976733" />

<!-- Global site tag (gtag.js) - Google Analytics -->
<script async src="https://www.googletagmanager.com/gtag/js?id=UA-26211653-1"></script>
<script>
  window.dataLayer = window.dataLayer || [];
  function gtag(){dataLayer.push(arguments);}
  gtag('js', new Date());

  gtag('config', 'UA-26211653-1');
</script>
<!-- End Google Analytics -->
<!-- Venatus Ad Manager - Install in <HEAD> of page -->
	<script src="https://hb.vntsm.com/v3/live/ad-manager.min.js" type="text/javascript" data-site-id="642aba63ec9a7b11c3c9c1be" data-mode="scan" async></script>
<!-- / Venatus Ad Manager -->

<style>
	@media (max-width:820px) {
		.battle {
			margin: 0 auto;
		}
		.battle-log {
			margin: 7px auto 0;
			max-width: 640px;
			height: 300px;
			position: static;
		}
	}
	.optgroup {
		display: inline-block;
		line-height: 22px;
		font-size: 10pt;
	}
	.optgroup .button {
		height: 25px;
		padding-top: 0;
		padding-bottom: 0;
	}
	.optgroup button.button {
		padding-left: 12px;
		padding-right: 12px;
	}
	.linklist {
		list-style: none;
		margin: 0.5em 0;
		padding: 0;
	}
	.linklist li {
		padding: 2px 0;
	}
	.sidebar {
		float: left;
		width: 320px;
	}
	.bar-wrapper {
		max-width: 1100px;
		margin: 0 auto;
	}
	.bar-wrapper.has-sidebar {
		max-width: 1430px;
	}
	.mainbar {
		margin: 0;
		padding-right: 1px;
	}
	.mainbar.has-sidebar {
		margin-left: 330px;
	}
	@media (min-width: 1511px) {
		.sidebar {
			width: 400px;
		}
		.bar-wrapper.has-sidebar {
			max-width: 1510px;
		}
		.mainbar.has-sidebar {
			margin-left: 410px;
		}
	}
	.section.first-section {
		margin-top: 9px;
	}
	.blocklink small {
		white-space: normal;
	}
	.button {
		vertical-align: middle;
	}
	.replay-controls {
		padding-top: 10px;
	}
	.replay-controls h1 {
		font-size: 16pt;
		font-weight: normal;
		color: #CCC;
	}
	.pagelink {
		text-align: center;
	}
	.pagelink a {
		width: 150px;
	}
	.textbox, .button {
		font-size: 11pt;
		vertical-align: middle;
	}
	@media (max-width: 450px) {
		.button {
			font-size: 9pt;
		}
	}
</style>

<div>

	<header>
		<div class="nav-wrapper"><ul class="nav">
			<li><a class="button nav-first" href="//pokemonshowdown.com/"><img src="//pokemonshowdown.com/images/pokemonshowdownbeta.png" srcset="//pokemonshowdown.com/images/pokemonshowdownbeta.png 1x, //pokemonshowdown.com/images/pokemonshowdownbeta@2x.png 2x" alt="Pok&eacute;mon Showdown" width="146" height="44" /> Home</a></li>
			<li><a class="button" href="//pokemonshowdown.com/dex/">Pok&eacute;dex</a></li>
			<li><a class="button cur" href="/">Replays</a></li>
			<li><a class="button" href="//pokemonshowdown.com/ladder/">Ladder</a></li>
			<li><a class="button nav-last" href="//pokemonshowdown.com/forums/">Forum</a></li>
			<li><a class="button greenbutton nav-first nav-last" href="//play.pokemonshowdown.com/">Play</a></li>
		</ul></div>
	</header>

	<div class="main" id="main">

		<noscript><section class="section">You need to enable JavaScript to use this page; sorry!</section></noscript>

	</div>

</div>

<script defer nomodule src="//play.pokemonshowdown.com/js/lib/ps-polyfill.js"></script>
<script defer src="//play.pokemonshowdown.com/js/lib/preact.min.js"></script>

<script defer src="//play.pokemonshowdown.com/config/config.js?2bddbc15"></script>
<script defer src="//play.pokemonshowdown.com/js/lib/jquery-1.11.0.min.js"></script>
<script defer src="//play.pokemonshowdown.com/js/lib/html-sanitizer-minified.js"></script>
<script defer src="//play.pokemonshowdown.com/js/battle-sound.js"></script>
<script defer src="//play.pokemonshowdown.com/js/battledata.js?0.7209276989879541"></script>
<script defer src="//play.pokemonshowdown.com/data/pokedex-mini.js?0.6111056340867951"></script>
<script defer src="//play.pokemonshowdown.com/data/pokedex-mini-bw.js?0.3532142036491459"></script>
<script defer src="//play.pokemonshowdown.com/data/graphics.js?0.24223875632456182"></script>
<script defer src="//play.pokemonshowdown.com/data/pokedex.js?0.38839984266356864"></script>
<script defer src="//play.pokemonshowdown.com/data/moves.js?0.21866028504024015"></script>
<script defer src="//play.pokemonshowdown.com/data/abilities.js?0.2005157953846628"></script>
<script defer src="//play.pokemonshowdown.com/data/items.js?0.9894211263848525"></script>
<script defer src="//play.pokemonshowdown.com/data/teambuilder-tables.js?0.6008791140282215"></script>
<script defer src="//play.pokemonshowdown.com/js/battle-tooltips.js?0.7580118955022959"></script>
<script defer src="//play.pokemonshowdown.com/js/battle.js?0.6057722274234274"></script>

<script defer src="js/utils.js?e31f9a17"></script>
<script defer src="js/replays-battle.js?7008c182"></script>

<!-- don't scrape this data! just add .json or .log after the URL!
Full API docs: https://github.com/smogon/pokemon-showdown-client/blob/master/WEB-API.md -->
<script type="text/plain" class="log" id="replaylog-smogtours-gen3ou-804302">
|inactive|Battle timer is ON: inactive players will automatically lose when time's up.
|t:|1730644716
|gametype|singles
|player|p1|Depres_ionCher_y|waitress-gen4|
|player|p2|A Plague Doc|#agplviblackpink|
|teamsize|p1|6
|teamsize|p2|6
|gen|3
|tier|[Gen 3] OU
|rule|Sleep Clause Mod: Limit one foe put to sleep
|rule|Switch Priority Clause Mod: Faster Pokémon switch first
|rule|Species Clause: Limit one of each Pokémon
|rule|OHKO Clause: OHKO moves are banned
|rule|Evasion Items Clause: Evasion items are banned
|rule|Evasion Moves Clause: Evasion moves are banned
|rule|Endless Battle Clause: Forcing endless battles is banned
|rule|HP Percentage Mod: HP is shown in percentages
|rule|One Boost Passer Clause: Limit one Baton Passer that has a way to boost its stats
|rule|Freeze Clause Mod: Limit one foe frozen
|
|t:|1730644716
|start
|switch|p1a: Tyranitar|Tyranitar, M|100/100
|switch|p2a: Medicham|Medicham, F|100/100
|-weather|Sandstorm|[from] ability: Sand Stream|[of] p1a: Tyranitar
|turn|1
|c|☆A Plague Doc|hf
|c|☆Depres_ionCher_y|u2
|inactive|A Plague Doc has 270 seconds left.
|
|t:|1730644753
|switch|p1a: Forretress|Forretress, F|100/100
|move|p2a: Medicham|Brick Break|p1a: Forretress
|-damage|p1a: Forretress|65/100
|
|-weather|Sandstorm|[upkeep]
|-damage|p2a: Medicham|94/100|[from] Sandstorm
|-heal|p1a: Forretress|71/100|[from] item: Leftovers
|upkeep
|turn|2
|
|t:|1730644760
|-singleturn|p2a: Medicham|move: Focus Punch
|move|p1a: Forretress|Spikes|p2a: Medicham
|-sidestart|p2: A Plague Doc|Spikes
|move|p2a: Medicham|Focus Punch|p1a: Forretress
|-damage|p1a: Forretress|8/100
|
|-weather|Sandstorm|[upkeep]
|-damage|p2a: Medicham|88/100|[from] Sandstorm
|-heal|p1a: Forretress|14/100|[from] item: Leftovers
|upkeep
|turn|3
|
|t:|1730644768
|move|p2a: Medicham|Brick Break|p1a: Forretress
|-damage|p1a: Forretress|0 fnt
|faint|p1a: Forretress
|
|t:|1730644788
|switch|p1a: Charizard|Charizard, F|100/100
|
|-weather|Sandstorm|[upkeep]
|-damage|p1a: Charizard|94/100|[from] Sandstorm
|-damage|p2a: Medicham|82/100|[from] Sandstorm
|-heal|p1a: Charizard|100/100|[from] item: Leftovers
|upkeep
|turn|4
|
|t:|1730644805
|switch|p2a: Suicune|Suicune|100/100
|-damage|p2a: Suicune|88/100|[from] Spikes
|move|p1a: Charizard|Fire Blast|p2a: Suicune
|-resisted|p2a: Suicune
|-damage|p2a: Suicune|69/100
|
|-weather|Sandstorm|[upkeep]
|-damage|p1a: Charizard|94/100|[from] Sandstorm
|-damage|p2a: Suicune|63/100|[from] Sandstorm
|-heal|p1a: Charizard|100/100|[from] item: Leftovers
|-heal|p2a: Suicune|69/100|[from] item: Leftovers
|upkeep
|turn|5
|
|t:|1730644829
|switch|p1a: Milotic|Milotic, F|100/100
|move|p2a: Suicune|Calm Mind|p2a: Suicune
|-boost|p2a: Suicune|spa|1
|-boost|p2a: Suicune|spd|1
|
|-weather|Sandstorm|[upkeep]
|-damage|p2a: Suicune|63/100|[from] Sandstorm
|-damage|p1a: Milotic|94/100|[from] Sandstorm
|-heal|p2a: Suicune|69/100|[from] item: Leftovers
|-heal|p1a: Milotic|100/100|[from] item: Leftovers
|upkeep
|turn|6
|
|t:|1730644836
|move|p2a: Suicune|Calm Mind|p2a: Suicune
|-boost|p2a: Suicune|spa|1
|-boost|p2a: Suicune|spd|1
|move|p1a: Milotic|Surf|p2a: Suicune
|-resisted|p2a: Suicune
|-damage|p2a: Suicune|63/100
|
|-weather|Sandstorm|[upkeep]
|-damage|p2a: Suicune|57/100|[from] Sandstorm
|-damage|p1a: Milotic|94/100|[from] Sandstorm
|-heal|p2a: Suicune|63/100|[from] item: Leftovers
|-heal|p1a: Milotic|100/100|[from] item: Leftovers
|upkeep
|turn|7
|
|t:|1730644841
|move|p2a: Suicune|Calm Mind|p2a: Suicune
|-boost|p2a: Suicune|spa|1
|-boost|p2a: Suicune|spd|1
|move|p1a: Milotic|Toxic|p2a: Suicune
|-status|p2a: Suicune|tox
|
|-weather|Sandstorm|[upkeep]
|-damage|p2a: Suicune|57/100 tox|[from] Sandstorm
|-damage|p1a: Milotic|94/100|[from] Sandstorm
|-heal|p2a: Suicune|63/100 tox|[from] item: Leftovers
|-damage|p2a: Suicune|57/100 tox|[from] psn
|-heal|p1a: Milotic|100/100|[from] item: Leftovers
|upkeep
|turn|8
|
|t:|1730644845
|switch|p1a: Blissey|Blissey, F|100/100
|move|p2a: Suicune|Calm Mind|p2a: Suicune
|-boost|p2a: Suicune|spa|1
|-boost|p2a: Suicune|spd|1
|
|-weather|Sandstorm|[upkeep]
|-damage|p2a: Suicune|51/100 tox|[from] Sandstorm
|-damage|p1a: Blissey|94/100|[from] Sandstorm
|-heal|p2a: Suicune|57/100 tox|[from] item: Leftovers
|-damage|p2a: Suicune|45/100 tox|[from] psn
|-heal|p1a: Blissey|100/100|[from] item: Leftovers
|upkeep
|turn|9
|
|t:|1730644854
|move|p2a: Suicune|Rest|p2a: Suicune
|-status|p2a: Suicune|slp|[from] move: Rest
|-heal|p2a: Suicune|100/100 slp|[silent]
|move|p1a: Blissey|Calm Mind|p1a: Blissey
|-boost|p1a: Blissey|spa|1
|-boost|p1a: Blissey|spd|1
|
|-weather|Sandstorm|[upkeep]
|-damage|p2a: Suicune|94/100 slp|[from] Sandstorm
|-damage|p1a: Blissey|94/100|[from] Sandstorm
|-heal|p2a: Suicune|100/100 slp|[from] item: Leftovers
|-heal|p1a: Blissey|100/100|[from] item: Leftovers
|upkeep
|turn|10
|inactive|A Plague Doc has 270 seconds left.
|
|t:|1730644892
|switch|p2a: Snorlax|Snorlax, F|100/100
|-damage|p2a: Snorlax|88/100|[from] Spikes
|move|p1a: Blissey|Thunderbolt|p2a: Snorlax
|-damage|p2a: Snorlax|65/100
|
|-weather|Sandstorm|[upkeep]
|-damage|p1a: Blissey|94/100|[from] Sandstorm
|-damage|p2a: Snorlax|59/100|[from] Sandstorm
|-heal|p1a: Blissey|100/100|[from] item: Leftovers
|-heal|p2a: Snorlax|65/100|[from] item: Leftovers
|upkeep
|turn|11
|inactive|A Plague Doc has 270 seconds left.
|
|t:|1730644901
|switch|p1a: Tyranitar|Tyranitar, M|100/100
|move|p2a: Snorlax|Earthquake|p1a: Tyranitar
|-supereffective|p1a: Tyranitar
|-damage|p1a: Tyranitar|50/100
|
|-weather|Sandstorm|[upkeep]
|-damage|p2a: Snorlax|59/100|[from] Sandstorm
|-heal|p1a: Tyranitar|56/100|[from] item: Leftovers
|-heal|p2a: Snorlax|65/100|[from] item: Leftovers
|upkeep
|turn|12
|inactive|A Plague Doc has 270 seconds left.
|
|t:|1730644922
|switch|p2a: Metagross|Metagross|100/100
|-damage|p2a: Metagross|88/100|[from] Spikes
|move|p1a: Tyranitar|Crunch|p2a: Metagross
|-damage|p2a: Metagross|46/100
|
|-weather|Sandstorm|[upkeep]
|-heal|p2a: Metagross|52/100|[from] item: Leftovers
|-heal|p1a: Tyranitar|62/100|[from] item: Leftovers
|upkeep
|turn|13
|inactive|A Plague Doc has 240 seconds left.
|
|t:|1730644970
|switch|p1a: Metagross|Metagross|100/100
|move|p2a: Metagross|Explosion|p1a: Metagross
|-resisted|p1a: Metagross
|-damage|p1a: Metagross|45/100
|faint|p2a: Metagross
|
|t:|1730644979
|switch|p2a: Magneton|Magneton|100/100
|-damage|p2a: Magneton|88/100|[from] Spikes
|
|-weather|Sandstorm|[upkeep]
|-heal|p1a: Metagross|51/100|[from] item: Leftovers
|upkeep
|turn|14
|
|t:|1730644986
|move|p2a: Magneton|Thunderbolt|p1a: Metagross
|-damage|p1a: Metagross|0 fnt
|faint|p1a: Metagross
|
|t:|1730644990
|switch|p1a: Charizard|Charizard, F|100/100
|
|-weather|Sandstorm|[upkeep]
|-damage|p1a: Charizard|94/100|[from] Sandstorm
|-heal|p1a: Charizard|100/100|[from] item: Leftovers
|upkeep
|turn|15
|inactive|A Plague Doc has 240 seconds left.
|
|t:|1730645017
|switch|p2a: Suicune|Suicune|100/100 slp
|-damage|p2a: Suicune|88/100 slp|[from] Spikes
|move|p1a: Charizard|Fire Blast|p2a: Suicune|[miss]
|-miss|p1a: Charizard|p2a: Suicune
|
|-weather|Sandstorm|[upkeep]
|-damage|p1a: Charizard|94/100|[from] Sandstorm
|-damage|p2a: Suicune|82/100 slp|[from] Sandstorm
|-heal|p1a: Charizard|100/100|[from] item: Leftovers
|-heal|p2a: Suicune|88/100 slp|[from] item: Leftovers
|upkeep
|turn|16
|
|t:|1730645029
|move|p1a: Charizard|Hidden Power|p2a: Suicune
|-supereffective|p2a: Suicune
|-damage|p2a: Suicune|57/100 slp
|cant|p2a: Suicune|slp
|
|-weather|Sandstorm|[upkeep]
|-damage|p1a: Charizard|94/100|[from] Sandstorm
|-damage|p2a: Suicune|51/100 slp|[from] Sandstorm
|-heal|p1a: Charizard|100/100|[from] item: Leftovers
|-heal|p2a: Suicune|57/100 slp|[from] item: Leftovers
|upkeep
|turn|17
|inactive|A Plague Doc has 210 seconds left.
|
|t:|1730645077
|switch|p2a: Salamence|Salamence, F|100/100
|-ability|p2a: Salamence|Intimidate|boost
|-unboost|p1a: Charizard|atk|1
|move|p1a: Charizard|Hidden Power|p2a: Salamence
|-resisted|p2a: Salamence
|-damage|p2a: Salamence|95/100
|
|-weather|Sandstorm|[upkeep]
|-damage|p1a: Charizard|94/100|[from] Sandstorm
|-damage|p2a: Salamence|89/100|[from] Sandstorm
|-heal|p1a: Charizard|100/100|[from] item: Leftovers
|-heal|p2a: Salamence|95/100|[from] item: Leftovers
|upkeep
|turn|18
|
|t:|1730645086
|switch|p1a: Milotic|Milotic, F|100/100
|move|p2a: Salamence|Dragon Dance|p2a: Salamence
|-boost|p2a: Salamence|atk|1
|-boost|p2a: Salamence|spe|1
|
|-weather|Sandstorm|[upkeep]
|-damage|p2a: Salamence|89/100|[from] Sandstorm
|-damage|p1a: Milotic|94/100|[from] Sandstorm
|-heal|p2a: Salamence|95/100|[from] item: Leftovers
|-heal|p1a: Milotic|100/100|[from] item: Leftovers
|upkeep
|turn|19
|
|t:|1730645094
|switch|p2a: Suicune|Suicune|57/100 slp
|-damage|p2a: Suicune|45/100 slp|[from] Spikes
|move|p1a: Milotic|Toxic||[still]
|-fail|p1a: Milotic
|
|-weather|Sandstorm|[upkeep]
|-damage|p2a: Suicune|39/100 slp|[from] Sandstorm
|-damage|p1a: Milotic|94/100|[from] Sandstorm
|-heal|p2a: Suicune|45/100 slp|[from] item: Leftovers
|-heal|p1a: Milotic|100/100|[from] item: Leftovers
|upkeep
|turn|20
|
|t:|1730645101
|switch|p1a: Blissey|Blissey, F|100/100
|cant|p2a: Suicune|slp
|
|-weather|Sandstorm|[upkeep]
|-damage|p2a: Suicune|39/100 slp|[from] Sandstorm
|-damage|p1a: Blissey|94/100|[from] Sandstorm
|-heal|p2a: Suicune|45/100 slp|[from] item: Leftovers
|-heal|p1a: Blissey|100/100|[from] item: Leftovers
|upkeep
|turn|21
|
|t:|1730645111
|switch|p2a: Medicham|Medicham, F|82/100
|-damage|p2a: Medicham|70/100|[from] Spikes
|move|p1a: Blissey|Thunderbolt|p2a: Medicham
|-damage|p2a: Medicham|31/100
|
|-weather|Sandstorm|[upkeep]
|-damage|p2a: Medicham|25/100|[from] Sandstorm
|-damage|p1a: Blissey|94/100|[from] Sandstorm
|-heal|p1a: Blissey|100/100|[from] item: Leftovers
|upkeep
|turn|22
|
|t:|1730645124
|-singleturn|p2a: Medicham|move: Focus Punch
|switch|p1a: Tyranitar|Tyranitar, M|62/100
|move|p2a: Medicham|Focus Punch|p1a: Tyranitar
|-supereffective|p1a: Tyranitar
|-damage|p1a: Tyranitar|0 fnt
|faint|p1a: Tyranitar
|
|t:|1730645127
|switch|p1a: Charizard|Charizard, F|100/100
|
|-weather|Sandstorm|[upkeep]
|-damage|p1a: Charizard|94/100|[from] Sandstorm
|-damage|p2a: Medicham|19/100|[from] Sandstorm
|-heal|p1a: Charizard|100/100|[from] item: Leftovers
|upkeep
|turn|23
|inactive|A Plague Doc has 210 seconds left.
|inactive|A Plague Doc has 180 seconds left.
|
|t:|1730645166
|move|p1a: Charizard|Hidden Power|p2a: Medicham
|-crit|p2a: Medicham
|-damage|p2a: Medicham|0 fnt
|faint|p2a: Medicham
|inactive|A Plague Doc has 180 seconds left.
|inactive|A Plague Doc has 150 seconds left.
|
|t:|1730645209
|switch|p2a: Suicune|Suicune|45/100 slp
|-damage|p2a: Suicune|32/100 slp|[from] Spikes
|
|-weather|Sandstorm|[upkeep]
|-damage|p1a: Charizard|94/100|[from] Sandstorm
|-damage|p2a: Suicune|26/100 slp|[from] Sandstorm
|-heal|p1a: Charizard|100/100|[from] item: Leftovers
|-heal|p2a: Suicune|32/100 slp|[from] item: Leftovers
|upkeep
|turn|24
|
|t:|1730645213
|move|p1a: Charizard|Hidden Power|p2a: Suicune
|-supereffective|p2a: Suicune
|-damage|p2a: Suicune|2/100 slp
|-curestatus|p2a: Suicune|slp|[msg]
|move|p2a: Suicune|Rest|p2a: Suicune
|-status|p2a: Suicune|slp|[from] move: Rest
|-heal|p2a: Suicune|100/100 slp|[silent]
|
|-weather|Sandstorm|[upkeep]
|-damage|p1a: Charizard|94/100|[from] Sandstorm
|-damage|p2a: Suicune|94/100 slp|[from] Sandstorm
|-heal|p1a: Charizard|100/100|[from] item: Leftovers
|-heal|p2a: Suicune|100/100 slp|[from] item: Leftovers
|upkeep
|turn|25
|
|t:|1730645220
|switch|p2a: Salamence|Salamence, F|95/100
|-ability|p2a: Salamence|Intimidate|boost
|-unboost|p1a: Charizard|atk|1
|move|p1a: Charizard|Hidden Power|p2a: Salamence
|-resisted|p2a: Salamence
|-damage|p2a: Salamence|89/100
|
|-weather|Sandstorm|[upkeep]
|-damage|p1a: Charizard|94/100|[from] Sandstorm
|-damage|p2a: Salamence|83/100|[from] Sandstorm
|-heal|p1a: Charizard|100/100|[from] item: Leftovers
|-heal|p2a: Salamence|89/100|[from] item: Leftovers
|upkeep
|turn|26
|inactive|A Plague Doc has 150 seconds left.
|
|t:|1730645248
|switch|p1a: Milotic|Milotic, F|100/100
|switch|p2a: Magneton|Magneton|88/100
|-damage|p2a: Magneton|76/100|[from] Spikes
|
|-weather|Sandstorm|[upkeep]
|-damage|p1a: Milotic|94/100|[from] Sandstorm
|-heal|p1a: Milotic|100/100|[from] item: Leftovers
|upkeep
|turn|27
|inactive|A Plague Doc has 150 seconds left.
|
|t:|1730645266
|switch|p1a: Blissey|Blissey, F|100/100
|move|p2a: Magneton|Rain Dance|p2a: Magneton
|-weather|RainDance
|
|-weather|RainDance|[upkeep]
|upkeep
|turn|28
|
|t:|1730645272
|move|p2a: Magneton|Thunderbolt|p1a: Blissey
|-damage|p1a: Blissey|77/100
|move|p1a: Blissey|Thunderbolt|p2a: Magneton
|-resisted|p2a: Magneton
|-damage|p2a: Magneton|53/100
|
|-weather|RainDance|[upkeep]
|-heal|p1a: Blissey|83/100|[from] item: Leftovers
|upkeep
|turn|29
|
|t:|1730645277
|move|p2a: Magneton|Thunderbolt|p1a: Blissey
|-damage|p1a: Blissey|62/100
|move|p1a: Blissey|Calm Mind|p1a: Blissey
|-boost|p1a: Blissey|spa|1
|-boost|p1a: Blissey|spd|1
|
|-weather|RainDance|[upkeep]
|-heal|p1a: Blissey|68/100|[from] item: Leftovers
|upkeep
|turn|30
|
|t:|1730645280
|switch|p2a: Snorlax|Snorlax, F|65/100
|-damage|p2a: Snorlax|52/100|[from] Spikes
|move|p1a: Blissey|Thunderbolt|p2a: Snorlax
|-damage|p2a: Snorlax|31/100
|
|-weather|RainDance|[upkeep]
|-heal|p1a: Blissey|74/100|[from] item: Leftovers
|-heal|p2a: Snorlax|37/100|[from] item: Leftovers
|upkeep
|turn|31
|
|t:|1730645303
|switch|p1a: Milotic|Milotic, F|100/100
|move|p2a: Snorlax|Self-Destruct|p1a: Milotic
|-damage|p1a: Milotic|0 fnt
|faint|p2a: Snorlax
|faint|p1a: Milotic
|
|t:|1730645317
|switch|p1a: Blissey|Blissey, F|74/100
|switch|p2a: Suicune|Suicune|100/100 slp
|-damage|p2a: Suicune|88/100 slp|[from] Spikes
|
|-weather|none
|-heal|p2a: Suicune|94/100 slp|[from] item: Leftovers
|-heal|p1a: Blissey|80/100|[from] item: Leftovers
|upkeep
|turn|32
|inactive|A Plague Doc has 150 seconds left.
|
|t:|1730645334
|switch|p2a: Magneton|Magneton|53/100
|-damage|p2a: Magneton|41/100|[from] Spikes
|move|p1a: Blissey|Calm Mind|p1a: Blissey
|-boost|p1a: Blissey|spa|1
|-boost|p1a: Blissey|spd|1
|
|-heal|p1a: Blissey|86/100|[from] item: Leftovers
|upkeep
|turn|33
|
|t:|1730645339
|move|p2a: Magneton|Thunder Wave|p1a: Blissey
|-status|p1a: Blissey|par
|move|p1a: Blissey|Thunderbolt|p2a: Magneton
|-resisted|p2a: Magneton
|-damage|p2a: Magneton|8/100
|
|-heal|p1a: Blissey|93/100 par|[from] item: Leftovers
|upkeep
|turn|34
|
|t:|1730645347
|move|p2a: Magneton|Thunderbolt|p1a: Blissey
|-damage|p1a: Blissey|78/100 par
|move|p1a: Blissey|Calm Mind|p1a: Blissey
|-boost|p1a: Blissey|spa|1
|-boost|p1a: Blissey|spd|1
|
|-heal|p1a: Blissey|84/100 par|[from] item: Leftovers
|upkeep
|turn|35
|
|t:|1730645352
|move|p2a: Magneton|Thunderbolt|p1a: Blissey
|-damage|p1a: Blissey|73/100 par
|cant|p1a: Blissey|par
|
|-heal|p1a: Blissey|79/100 par|[from] item: Leftovers
|upkeep
|turn|36
|inactive|A Plague Doc has 180 seconds left.
|inactive|A Plague Doc has 150 seconds left.
|
|t:|1730645387
|move|p2a: Magneton|Thunderbolt|p1a: Blissey
|-damage|p1a: Blissey|68/100 par
|cant|p1a: Blissey|par
|
|-heal|p1a: Blissey|74/100 par|[from] item: Leftovers
|upkeep
|turn|37
|
|t:|1730645397
|switch|p2a: Salamence|Salamence, F|89/100
|-ability|p2a: Salamence|Intimidate|boost
|-unboost|p1a: Blissey|atk|1
|move|p1a: Blissey|Soft-Boiled|p1a: Blissey
|-heal|p1a: Blissey|100/100 par
|
|-heal|p2a: Salamence|95/100|[from] item: Leftovers
|upkeep
|turn|38
|
|t:|1730645409
|move|p2a: Salamence|Rock Slide|p1a: Blissey
|-damage|p1a: Blissey|71/100 par
|move|p1a: Blissey|Ice Beam|p2a: Salamence
|-supereffective|p2a: Salamence
|-damage|p2a: Salamence|0 fnt
|faint|p2a: Salamence
|
|t:|1730645413
|switch|p2a: Suicune|Suicune|94/100 slp
|-damage|p2a: Suicune|82/100 slp|[from] Spikes
|
|-heal|p2a: Suicune|88/100 slp|[from] item: Leftovers
|-heal|p1a: Blissey|77/100 par|[from] item: Leftovers
|upkeep
|turn|39
|
|t:|1730645416
|cant|p2a: Suicune|slp
|move|p1a: Blissey|Thunderbolt|p2a: Suicune
|-supereffective|p2a: Suicune
|-damage|p2a: Suicune|22/100 slp
|
|-heal|p2a: Suicune|28/100 slp|[from] item: Leftovers
|-heal|p1a: Blissey|83/100 par|[from] item: Leftovers
|upkeep
|turn|40
|
|t:|1730645420
|cant|p2a: Suicune|slp
|move|p1a: Blissey|Thunderbolt|p2a: Suicune
|-supereffective|p2a: Suicune
|-damage|p2a: Suicune|0 fnt
|faint|p2a: Suicune
|c|☆A Plague Doc|gg
|c|☆Depres_ionCher_y|gg
|inactive|A Plague Doc has 180 seconds left.
|-message|A Plague Doc forfeited.
|
|win|Depres_ionCher_y
|player|p2|

</script>
<script type="application/json" class="data" id="replaydata-smogtours-gen3ou-804302">
{"id":"smogtours-gen3ou-804302","format":"[Gen 3] OU","players":["Depres_ionCher_y","A Plague Doc"],"uploadtime":1730645426,"views":78,"formatid":"gen3ou","rating":null,"private":0,"password":null}
</script>

<script defer src="js/replays.js?9d40a366"></script>
