<!DOCTYPE html>
<meta charset="utf-8" />
<meta name="viewport" content="width=device-width" />

<title>[Gen 3] OU: Lemon LC vs. Emerald_Harrold - Replays - Pok&eacute;mon Showdown!</title>

<meta name="description" content="Watch a replay of a Pok&eacute;mon battle between Lemon LC and Emerald_Harrold! Format: [Gen 3] OU; Date: Oct 25, 2024" />
<!--

Hey, you! Looking in the source for the replay log?

You can find them in JSON format, just add `.json` at the end of a replay URL.

https://replay.pokemonshowdown.com/gen7randomdoublesbattle-865046831.json

Or, if you only need the log itself, add `.log` instead:

https://replay.pokemonshowdown.com/gen7randomdoublesbattle-865046831.log

-->

<link rel="stylesheet" href="//pokemonshowdown.com/style/global.css?0.767286132409787" />
<link rel="stylesheet" href="//play.pokemonshowdown.com/style/font-awesome.css?0.9266228007934947" />
<link rel="stylesheet" href="//play.pokemonshowdown.com/style/battle.css?0.7924700842790926" />
<link rel="stylesheet" href="//play.pokemonshowdown.com/style/utilichart.css?0.8777417872839479" />

<!-- Global site tag (gtag.js) - Google Analytics -->
<script async src="https://www.googletagmanager.com/gtag/js?id=UA-26211653-1"></script>
<script>
  window.dataLayer = window.dataLayer || [];
  function gtag(){dataLayer.push(arguments);}
  gtag('js', new Date());

  gtag('config', 'UA-26211653-1');
</script>
<!-- End Google Analytics -->
<!-- Venatus Ad Manager - Install in <HEAD> of page -->
	<script src="https://hb.vntsm.com/v3/live/ad-manager.min.js" type="text/javascript" data-site-id="642aba63ec9a7b11c3c9c1be" data-mode="scan" async></script>
<!-- / Venatus Ad Manager -->

<style>
	@media (max-width:820px) {
		.battle {
			margin: 0 auto;
		}
		.battle-log {
			margin: 7px auto 0;
			max-width: 640px;
			height: 300px;
			position: static;
		}
	}
	.optgroup {
		display: inline-block;
		line-height: 22px;
		font-size: 10pt;
	}
	.optgroup .button {
		height: 25px;
		padding-top: 0;
		padding-bottom: 0;
	}
	.optgroup button.button {
		padding-left: 12px;
		padding-right: 12px;
	}
	.linklist {
		list-style: none;
		margin: 0.5em 0;
		padding: 0;
	}
	.linklist li {
		padding: 2px 0;
	}
	.sidebar {
		float: left;
		width: 320px;
	}
	.bar-wrapper {
		max-width: 1100px;
		margin: 0 auto;
	}
	.bar-wrapper.has-sidebar {
		max-width: 1430px;
	}
	.mainbar {
		margin: 0;
		padding-right: 1px;
	}
	.mainbar.has-sidebar {
		margin-left: 330px;
	}
	@media (min-width: 1511px) {
		.sidebar {
			width: 400px;
		}
		.bar-wrapper.has-sidebar {
			max-width: 1510px;
		}
		.mainbar.has-sidebar {
			margin-left: 410px;
		}
	}
	.section.first-section {
		margin-top: 9px;
	}
	.blocklink small {
		white-space: normal;
	}
	.button {
		vertical-align: middle;
	}
	.replay-controls {
		padding-top: 10px;
	}
	.replay-controls h1 {
		font-size: 16pt;
		font-weight: normal;
		color: #CCC;
	}
	.pagelink {
		text-align: center;
	}
	.pagelink a {
		width: 150px;
	}
	.textbox, .button {
		font-size: 11pt;
		vertical-align: middle;
	}
	@media (max-width: 450px) {
		.button {
			font-size: 9pt;
		}
	}
</style>

<div>

	<header>
		<div class="nav-wrapper"><ul class="nav">
			<li><a class="button nav-first" href="//pokemonshowdown.com/"><img src="//pokemonshowdown.com/images/pokemonshowdownbeta.png" srcset="//pokemonshowdown.com/images/pokemonshowdownbeta.png 1x, //pokemonshowdown.com/images/pokemonshowdownbeta@2x.png 2x" alt="Pok&eacute;mon Showdown" width="146" height="44" /> Home</a></li>
			<li><a class="button" href="//pokemonshowdown.com/dex/">Pok&eacute;dex</a></li>
			<li><a class="button cur" href="/">Replays</a></li>
			<li><a class="button" href="//pokemonshowdown.com/ladder/">Ladder</a></li>
			<li><a class="button nav-last" href="//pokemonshowdown.com/forums/">Forum</a></li>
			<li><a class="button greenbutton nav-first nav-last" href="//play.pokemonshowdown.com/">Play</a></li>
		</ul></div>
	</header>

	<div class="main" id="main">

		<noscript><section class="section">You need to enable JavaScript to use this page; sorry!</section></noscript>

	</div>

</div>

<script defer nomodule src="//play.pokemonshowdown.com/js/lib/ps-polyfill.js"></script>
<script defer src="//play.pokemonshowdown.com/js/lib/preact.min.js"></script>

<script defer src="//play.pokemonshowdown.com/config/config.js?6dec07f6"></script>
<script defer src="//play.pokemonshowdown.com/js/lib/jquery-1.11.0.min.js"></script>
<script defer src="//play.pokemonshowdown.com/js/lib/html-sanitizer-minified.js"></script>
<script defer src="//play.pokemonshowdown.com/js/battle-sound.js"></script>
<script defer src="//play.pokemonshowdown.com/js/battledata.js?0.6315294753075389"></script>
<script defer src="//play.pokemonshowdown.com/data/pokedex-mini.js?0.7603743185311358"></script>
<script defer src="//play.pokemonshowdown.com/data/pokedex-mini-bw.js?0.030888842834281283"></script>
<script defer src="//play.pokemonshowdown.com/data/graphics.js?0.05593094747507488"></script>
<script defer src="//play.pokemonshowdown.com/data/pokedex.js?0.47064822249611904"></script>
<script defer src="//play.pokemonshowdown.com/data/moves.js?0.8583693120512459"></script>
<script defer src="//play.pokemonshowdown.com/data/abilities.js?0.16017181182386842"></script>
<script defer src="//play.pokemonshowdown.com/data/items.js?0.4163379185673943"></script>
<script defer src="//play.pokemonshowdown.com/data/teambuilder-tables.js?0.31075597372830477"></script>
<script defer src="//play.pokemonshowdown.com/js/battle-tooltips.js?0.6536193500708172"></script>
<script defer src="//play.pokemonshowdown.com/js/battle.js?0.1916591943277901"></script>

<script defer src="js/utils.js?e31f9a17"></script>
<script defer src="js/replays-battle.js?7008c182"></script>

<!-- don't scrape this data! just add .json or .log after the URL!
Full API docs: https://github.com/smogon/pokemon-showdown-client/blob/master/WEB-API.md -->
<script type="text/plain" class="log" id="replaylog-smogtours-gen3ou-801728">
|inactive|Battle timer is ON: inactive players will automatically lose when time's up.
|t:|1729818011
|gametype|singles
|player|p1|Lemon LC|102|
|player|p2|Emerald_Harrold|brandon-gen3|
|teamsize|p1|6
|teamsize|p2|6
|gen|3
|tier|[Gen 3] OU
|rule|Sleep Clause Mod: Limit one foe put to sleep
|rule|Switch Priority Clause Mod: Faster Pokémon switch first
|rule|Species Clause: Limit one of each Pokémon
|rule|OHKO Clause: OHKO moves are banned
|rule|Evasion Items Clause: Evasion items are banned
|rule|Evasion Moves Clause: Evasion moves are banned
|rule|Endless Battle Clause: Forcing endless battles is banned
|rule|HP Percentage Mod: HP is shown in percentages
|rule|One Boost Passer Clause: Limit one Baton Passer that has a way to boost its stats
|rule|Freeze Clause Mod: Limit one foe frozen
|
|t:|1729818011
|start
|switch|p1a: Harry Souttar|Swampert, F|100/100
|switch|p2a: Fixin' to|Zapdos|100/100
|turn|1
|c|☆Emerald_Harrold|hf!
|
|t:|1729818039
|switch|p1a: Ollie Arblaster|Celebi|100/100
|move|p2a: Fixin' to|Substitute|p2a: Fixin' to
|-start|p2a: Fixin' to|Substitute
|-damage|p2a: Fixin' to|76/100
|
|-heal|p2a: Fixin' to|82/100|[from] item: Leftovers
|upkeep
|turn|2
|
|t:|1729818051
|move|p2a: Fixin' to|Baton Pass|p2a: Fixin' to
|c|☆Lemon LC|glhf
|
|t:|1729818058
|switch|p2a: Briar Patch|Celebi|100/100|[from] Baton Pass
|move|p1a: Ollie Arblaster|Hidden Power|p2a: Briar Patch
|-supereffective|p2a: Briar Patch
|-end|p2a: Briar Patch|Substitute
|
|upkeep
|turn|3
|inactive|Lemon LC has 270 seconds left.
|
|t:|1729818089
|move|p2a: Briar Patch|Calm Mind|p2a: Briar Patch
|-boost|p2a: Briar Patch|spa|1
|-boost|p2a: Briar Patch|spd|1
|move|p1a: Ollie Arblaster|Baton Pass|p1a: Ollie Arblaster
|inactive|Lemon LC has 270 seconds left.
|
|t:|1729818095
|switch|p1a: Michael Cooper|Blissey, F|100/100|[from] Baton Pass
|
|upkeep
|turn|4
|
|t:|1729818117
|move|p2a: Briar Patch|Baton Pass|p2a: Briar Patch
|
|t:|1729818119
|switch|p2a: Cooter Brown|Dugtrio, M|100/100|[from] Baton Pass
|move|p1a: Michael Cooper|Ice Beam|p2a: Cooter Brown
|-supereffective|p2a: Cooter Brown
|-damage|p2a: Cooter Brown|40/100
|
|upkeep
|turn|5
|
|t:|1729818125
|move|p2a: Cooter Brown|Beat Up|p1a: Michael Cooper
|-damage|p1a: Michael Cooper|91/100
|-damage|p1a: Michael Cooper|79/100
|-damage|p1a: Michael Cooper|69/100
|-damage|p1a: Michael Cooper|58/100
|-crit|p1a: Michael Cooper
|-damage|p1a: Michael Cooper|35/100
|-crit|p1a: Michael Cooper
|-damage|p1a: Michael Cooper|20/100
|-hitcount|p1a: Michael Cooper|6
|move|p1a: Michael Cooper|Ice Beam|p2a: Cooter Brown
|-supereffective|p2a: Cooter Brown
|-damage|p2a: Cooter Brown|0 fnt
|faint|p2a: Cooter Brown
|inactive|Emerald_Harrold has 270 seconds left.
|
|t:|1729818158
|switch|p2a: Fixin' to|Zapdos|82/100
|
|-heal|p2a: Fixin' to|88/100|[from] item: Leftovers
|-heal|p1a: Michael Cooper|26/100|[from] item: Leftovers
|upkeep
|turn|6
|inactive|Emerald_Harrold has 270 seconds left.
|
|t:|1729818175
|move|p2a: Fixin' to|Thunderbolt|p1a: Michael Cooper
|-damage|p1a: Michael Cooper|5/100
|move|p1a: Michael Cooper|Soft-Boiled|p1a: Michael Cooper
|-heal|p1a: Michael Cooper|55/100
|
|-heal|p2a: Fixin' to|94/100|[from] item: Leftovers
|-heal|p1a: Michael Cooper|61/100|[from] item: Leftovers
|upkeep
|turn|7
|inactive|Emerald_Harrold has 270 seconds left.
|
|t:|1729818194
|move|p2a: Fixin' to|Baton Pass|p2a: Fixin' to
|
|t:|1729818195
|switch|p2a: Y'all come back...|Gengar, M|100/100|[from] Baton Pass
|move|p1a: Michael Cooper|Soft-Boiled|p1a: Michael Cooper
|-heal|p1a: Michael Cooper|100/100
|
|upkeep
|turn|8
|
|t:|1729818204
|move|p2a: Y'all come back...|Will-O-Wisp|p1a: Michael Cooper|[miss]
|-miss|p2a: Y'all come back...|p1a: Michael Cooper
|move|p1a: Michael Cooper|Thunderbolt|p2a: Y'all come back...
|-damage|p2a: Y'all come back...|66/100
|
|upkeep
|turn|9
|
|t:|1729818211
|move|p2a: Y'all come back...|Will-O-Wisp|p1a: Michael Cooper|[miss]
|-miss|p2a: Y'all come back...|p1a: Michael Cooper
|move|p1a: Michael Cooper|Ice Beam|p2a: Y'all come back...
|-damage|p2a: Y'all come back...|32/100
|
|upkeep
|turn|10
|
|t:|1729818244
|switch|p2a: Bless Her Heart|Jirachi|100/100
|switch|p1a: Harry Souttar|Swampert, F|100/100
|
|upkeep
|turn|11
|
|t:|1729818252
|switch|p1a: Ollie Arblaster|Celebi|100/100
|move|p2a: Bless Her Heart|Calm Mind|p2a: Bless Her Heart
|-boost|p2a: Bless Her Heart|spa|1
|-boost|p2a: Bless Her Heart|spd|1
|
|upkeep
|turn|12
|
|t:|1729818268
|move|p2a: Bless Her Heart|Fire Punch|p1a: Ollie Arblaster
|-supereffective|p1a: Ollie Arblaster
|-damage|p1a: Ollie Arblaster|46/100
|move|p1a: Ollie Arblaster|Leech Seed|p2a: Bless Her Heart
|-start|p2a: Bless Her Heart|move: Leech Seed
|
|-damage|p2a: Bless Her Heart|88/100|[from] Leech Seed|[of] p1a: Ollie Arblaster
|-heal|p1a: Ollie Arblaster|58/100|[silent]
|-heal|p1a: Ollie Arblaster|64/100|[from] item: Leftovers
|upkeep
|turn|13
|
|t:|1729818284
|switch|p2a: Fixin' to|Zapdos|94/100
|move|p1a: Ollie Arblaster|Baton Pass|p1a: Ollie Arblaster
|
|t:|1729818288
|switch|p1a: Michael Cooper|Blissey, F|100/100|[from] Baton Pass
|
|-heal|p2a: Fixin' to|100/100|[from] item: Leftovers
|upkeep
|turn|14
|
|t:|1729818301
|switch|p2a: Bless Her Heart|Jirachi|88/100
|move|p1a: Michael Cooper|Thunderbolt|p2a: Bless Her Heart
|-damage|p2a: Bless Her Heart|63/100
|
|-heal|p2a: Bless Her Heart|69/100|[from] item: Leftovers
|upkeep
|turn|15
|
|t:|1729818319
|switch|p1a: Rhian Brewster|Dugtrio, M|100/100
|move|p2a: Bless Her Heart|Hidden Power|p1a: Rhian Brewster
|-supereffective|p1a: Rhian Brewster
|-crit|p1a: Rhian Brewster
|-damage|p1a: Rhian Brewster|0 fnt
|faint|p1a: Rhian Brewster
|
|t:|1729818331
|switch|p1a: Jesuran Rak-Sakyi|Starmie|100/100
|
|-heal|p2a: Bless Her Heart|75/100|[from] item: Leftovers
|upkeep
|turn|16
|
|t:|1729818337
|switch|p2a: Briar Patch|Celebi|100/100
|move|p1a: Jesuran Rak-Sakyi|Thunder Wave|p2a: Briar Patch
|-status|p2a: Briar Patch|par
|
|upkeep
|turn|17
|
|t:|1729818347
|switch|p1a: Gustavo Hamer|Skarmory, M|100/100
|move|p2a: Briar Patch|Calm Mind|p2a: Briar Patch
|-boost|p2a: Briar Patch|spa|1
|-boost|p2a: Briar Patch|spd|1
|
|upkeep
|turn|18
|
|t:|1729818354
|move|p1a: Gustavo Hamer|Spikes|p2a: Briar Patch
|-sidestart|p2: Emerald_Harrold|Spikes
|move|p2a: Briar Patch|Calm Mind|p2a: Briar Patch
|-boost|p2a: Briar Patch|spa|1
|-boost|p2a: Briar Patch|spd|1
|
|upkeep
|turn|19
|
|t:|1729818360
|move|p1a: Gustavo Hamer|Drill Peck|p2a: Briar Patch
|-supereffective|p2a: Briar Patch
|-damage|p2a: Briar Patch|64/100 par
|cant|p2a: Briar Patch|par
|
|-heal|p2a: Briar Patch|70/100 par|[from] item: Leftovers
|upkeep
|turn|20
|
|t:|1729818371
|move|p1a: Gustavo Hamer|Drill Peck|p2a: Briar Patch
|-supereffective|p2a: Briar Patch
|-damage|p2a: Briar Patch|34/100 par
|move|p2a: Briar Patch|Baton Pass|p2a: Briar Patch
|inactive|Emerald_Harrold has 270 seconds left.
|
|t:|1729818398
|-curestatus|p2a: Briar Patch|par|[from] ability: Natural Cure
|switch|p2a: Y'all come back...|Gengar, M|32/100|[from] Baton Pass
|
|upkeep
|turn|21
|
|t:|1729818419
|switch|p1a: Harry Souttar|Swampert, F|100/100
|move|p2a: Y'all come back...|Thunderbolt|p1a: Harry Souttar
|-immune|p1a: Harry Souttar
|
|upkeep
|turn|22
|
|t:|1729818431
|move|p2a: Y'all come back...|Giga Drain|p1a: Harry Souttar
|-supereffective|p1a: Harry Souttar
|-damage|p1a: Harry Souttar|0 fnt
|-heal|p2a: Y'all come back...|95/100|[from] drain|[of] p1a: Harry Souttar
|faint|p1a: Harry Souttar
|
|t:|1729818436
|switch|p1a: Michael Cooper|Blissey, F|100/100
|
|upkeep
|turn|23
|
|t:|1729818443
|move|p2a: Y'all come back...|Will-O-Wisp|p1a: Michael Cooper
|-status|p1a: Michael Cooper|brn
|move|p1a: Michael Cooper|Calm Mind|p1a: Michael Cooper
|-boost|p1a: Michael Cooper|spa|1
|-boost|p1a: Michael Cooper|spd|1
|
|-damage|p1a: Michael Cooper|88/100 brn|[from] brn
|upkeep
|turn|24
|
|t:|1729818448
|move|p2a: Y'all come back...|Thunderbolt|p1a: Michael Cooper
|-damage|p1a: Michael Cooper|69/100 brn
|move|p1a: Michael Cooper|Thunderbolt|p2a: Y'all come back...
|-damage|p2a: Y'all come back...|68/100
|
|-heal|p1a: Michael Cooper|75/100 brn|[from] item: Leftovers
|-damage|p1a: Michael Cooper|63/100 brn|[from] brn
|upkeep
|turn|25
|
|t:|1729818454
|move|p2a: Y'all come back...|Explosion|p1a: Michael Cooper
|-crit|p1a: Michael Cooper
|-damage|p1a: Michael Cooper|0 fnt
|faint|p2a: Y'all come back...
|faint|p1a: Michael Cooper
|
|t:|1729818467
|switch|p2a: Bless Her Heart|Jirachi|75/100
|switch|p1a: Gustavo Hamer|Skarmory, M|100/100
|-damage|p2a: Bless Her Heart|63/100|[from] Spikes
|
|-heal|p2a: Bless Her Heart|69/100|[from] item: Leftovers
|upkeep
|turn|26
|
|t:|1729818474
|switch|p1a: Ollie Arblaster|Celebi|64/100
|move|p2a: Bless Her Heart|Calm Mind|p2a: Bless Her Heart
|-boost|p2a: Bless Her Heart|spa|1
|-boost|p2a: Bless Her Heart|spd|1
|
|-heal|p2a: Bless Her Heart|75/100|[from] item: Leftovers
|-heal|p1a: Ollie Arblaster|70/100|[from] item: Leftovers
|upkeep
|turn|27
|
|t:|1729818478
|move|p2a: Bless Her Heart|Fire Punch|p1a: Ollie Arblaster
|-supereffective|p1a: Ollie Arblaster
|-damage|p1a: Ollie Arblaster|12/100
|move|p1a: Ollie Arblaster|Leech Seed|p2a: Bless Her Heart
|-start|p2a: Bless Her Heart|move: Leech Seed
|
|-heal|p2a: Bless Her Heart|82/100|[from] item: Leftovers
|-damage|p2a: Bless Her Heart|69/100|[from] Leech Seed|[of] p1a: Ollie Arblaster
|-heal|p1a: Ollie Arblaster|23/100|[silent]
|-heal|p1a: Ollie Arblaster|29/100|[from] item: Leftovers
|upkeep
|turn|28
|
|t:|1729818486
|switch|p1a: Jesuran Rak-Sakyi|Starmie|100/100
|move|p2a: Bless Her Heart|Fire Punch|p1a: Jesuran Rak-Sakyi
|-resisted|p1a: Jesuran Rak-Sakyi
|-damage|p1a: Jesuran Rak-Sakyi|79/100
|-status|p1a: Jesuran Rak-Sakyi|brn
|
|-heal|p1a: Jesuran Rak-Sakyi|85/100 brn|[from] item: Leftovers
|-damage|p1a: Jesuran Rak-Sakyi|73/100 brn|[from] brn
|-heal|p2a: Bless Her Heart|75/100|[from] item: Leftovers
|-damage|p2a: Bless Her Heart|63/100|[from] Leech Seed|[of] p1a: Jesuran Rak-Sakyi
|-heal|p1a: Jesuran Rak-Sakyi|87/100 brn|[silent]
|upkeep
|turn|29
|
|t:|1729818495
|move|p1a: Jesuran Rak-Sakyi|Surf|p2a: Bless Her Heart
|-damage|p2a: Bless Her Heart|44/100
|move|p2a: Bless Her Heart|Hidden Power|p1a: Jesuran Rak-Sakyi
|-supereffective|p1a: Jesuran Rak-Sakyi
|-damage|p1a: Jesuran Rak-Sakyi|8/100 brn
|
|-heal|p1a: Jesuran Rak-Sakyi|14/100 brn|[from] item: Leftovers
|-damage|p1a: Jesuran Rak-Sakyi|2/100 brn|[from] brn
|-heal|p2a: Bless Her Heart|50/100|[from] item: Leftovers
|-damage|p2a: Bless Her Heart|38/100|[from] Leech Seed|[of] p1a: Jesuran Rak-Sakyi
|-heal|p1a: Jesuran Rak-Sakyi|16/100 brn|[silent]
|upkeep
|turn|30
|
|t:|1729818512
|move|p1a: Jesuran Rak-Sakyi|Thunder Wave|p2a: Bless Her Heart
|-status|p2a: Bless Her Heart|par
|move|p2a: Bless Her Heart|Fire Punch|p1a: Jesuran Rak-Sakyi
|-resisted|p1a: Jesuran Rak-Sakyi
|-damage|p1a: Jesuran Rak-Sakyi|0 fnt
|faint|p1a: Jesuran Rak-Sakyi
|
|t:|1729818515
|switch|p1a: Ollie Arblaster|Celebi|29/100
|
|-heal|p1a: Ollie Arblaster|35/100|[from] item: Leftovers
|-heal|p2a: Bless Her Heart|44/100 par|[from] item: Leftovers
|-damage|p2a: Bless Her Heart|32/100 par|[from] Leech Seed|[of] p1a: Ollie Arblaster
|-heal|p1a: Ollie Arblaster|47/100|[silent]
|upkeep
|turn|31
|
|t:|1729818519
|move|p1a: Ollie Arblaster|Recover|p1a: Ollie Arblaster
|-heal|p1a: Ollie Arblaster|97/100
|move|p2a: Bless Her Heart|Fire Punch|p1a: Ollie Arblaster
|-supereffective|p1a: Ollie Arblaster
|-damage|p1a: Ollie Arblaster|35/100
|
|-heal|p1a: Ollie Arblaster|41/100|[from] item: Leftovers
|-heal|p2a: Bless Her Heart|38/100 par|[from] item: Leftovers
|-damage|p2a: Bless Her Heart|25/100 par|[from] Leech Seed|[of] p1a: Ollie Arblaster
|-heal|p1a: Ollie Arblaster|53/100|[silent]
|upkeep
|turn|32
|
|t:|1729818526
|move|p1a: Ollie Arblaster|Hidden Power|p2a: Bless Her Heart
|-supereffective|p2a: Bless Her Heart
|-damage|p2a: Bless Her Heart|5/100 par
|cant|p2a: Bless Her Heart|par
|
|-heal|p1a: Ollie Arblaster|59/100|[from] item: Leftovers
|-heal|p2a: Bless Her Heart|11/100 par|[from] item: Leftovers
|-damage|p2a: Bless Her Heart|0 fnt|[from] Leech Seed|[of] p1a: Ollie Arblaster
|-heal|p1a: Ollie Arblaster|69/100|[silent]
|faint|p2a: Bless Her Heart
|upkeep
|
|t:|1729818539
|switch|p2a: Fixin' to|Zapdos|100/100
|turn|33
|
|t:|1729818548
|move|p2a: Fixin' to|Substitute|p2a: Fixin' to
|-start|p2a: Fixin' to|Substitute
|-damage|p2a: Fixin' to|76/100
|move|p1a: Ollie Arblaster|Hidden Power|p2a: Fixin' to
|-activate|p2a: Fixin' to|Substitute|[damage]
|
|-heal|p2a: Fixin' to|82/100|[from] item: Leftovers
|-heal|p1a: Ollie Arblaster|75/100|[from] item: Leftovers
|upkeep
|turn|34
|
|t:|1729818567
|move|p2a: Fixin' to|Baton Pass|p2a: Fixin' to
|
|t:|1729818569
|switch|p2a: Plumb Tired|Suicune|100/100|[from] Baton Pass
|-damage|p2a: Plumb Tired|88/100|[from] Spikes
|move|p1a: Ollie Arblaster|Hidden Power|p2a: Plumb Tired
|-resisted|p2a: Plumb Tired
|-activate|p2a: Plumb Tired|Substitute|[damage]
|
|-heal|p2a: Plumb Tired|94/100|[from] item: Leftovers
|-heal|p1a: Ollie Arblaster|81/100|[from] item: Leftovers
|upkeep
|turn|35
|
|t:|1729818573
|move|p2a: Plumb Tired|Calm Mind|p2a: Plumb Tired
|-boost|p2a: Plumb Tired|spa|1
|-boost|p2a: Plumb Tired|spd|1
|move|p1a: Ollie Arblaster|Hidden Power|p2a: Plumb Tired
|-resisted|p2a: Plumb Tired
|-end|p2a: Plumb Tired|Substitute
|
|-heal|p2a: Plumb Tired|100/100|[from] item: Leftovers
|-heal|p1a: Ollie Arblaster|87/100|[from] item: Leftovers
|upkeep
|turn|36
|
|t:|1729818577
|move|p2a: Plumb Tired|Ice Beam|p1a: Ollie Arblaster
|-supereffective|p1a: Ollie Arblaster
|-damage|p1a: Ollie Arblaster|19/100
|move|p1a: Ollie Arblaster|Leech Seed|p2a: Plumb Tired|[miss]
|-miss|p1a: Ollie Arblaster|p2a: Plumb Tired
|
|-heal|p1a: Ollie Arblaster|25/100|[from] item: Leftovers
|upkeep
|turn|37
|
|t:|1729818582
|move|p2a: Plumb Tired|Ice Beam|p1a: Ollie Arblaster
|-supereffective|p1a: Ollie Arblaster
|-damage|p1a: Ollie Arblaster|0 fnt
|faint|p1a: Ollie Arblaster
|
|t:|1729818583
|switch|p1a: Gustavo Hamer|Skarmory, M|100/100
|
|upkeep
|turn|38
|
|t:|1729818592
|move|p2a: Plumb Tired|Surf|p1a: Gustavo Hamer
|-damage|p1a: Gustavo Hamer|43/100
|move|p1a: Gustavo Hamer|Toxic|p2a: Plumb Tired
|-status|p2a: Plumb Tired|tox
|
|-damage|p2a: Plumb Tired|94/100 tox|[from] psn
|-heal|p1a: Gustavo Hamer|49/100|[from] item: Leftovers
|upkeep
|turn|39
|
|t:|1729818599
|move|p2a: Plumb Tired|Calm Mind|p2a: Plumb Tired
|-boost|p2a: Plumb Tired|spa|1
|-boost|p2a: Plumb Tired|spd|1
|move|p1a: Gustavo Hamer|Spikes|p2a: Plumb Tired
|-sidestart|p2: Emerald_Harrold|Spikes
|
|-heal|p2a: Plumb Tired|100/100 tox|[from] item: Leftovers
|-damage|p2a: Plumb Tired|88/100 tox|[from] psn
|-heal|p1a: Gustavo Hamer|55/100|[from] item: Leftovers
|upkeep
|turn|40
|
|t:|1729818601
|move|p2a: Plumb Tired|Surf|p1a: Gustavo Hamer
|-crit|p1a: Gustavo Hamer
|-damage|p1a: Gustavo Hamer|0 fnt
|faint|p1a: Gustavo Hamer
|
|win|Emerald_Harrold
|c|☆Lemon LC|gg
|c|☆Emerald_Harrold|gg

</script>
<script type="application/json" class="data" id="replaydata-smogtours-gen3ou-801728">
{"id":"smogtours-gen3ou-801728","format":"[Gen 3] OU","players":["Lemon LC","Emerald_Harrold"],"uploadtime":1729818727,"views":91,"formatid":"gen3ou","rating":null,"private":0,"password":null}
</script>

<script defer src="js/replays.js?9d40a366"></script>
