<!DOCTYPE html>
<meta charset="utf-8" />
<meta name="viewport" content="width=device-width" />

<title>[Gen 3] OU: ADVLOVER&lt;3 vs. Quarante8 - Replays - Pok&eacute;mon Showdown!</title>

<meta name="description" content="Watch a replay of a Pok&eacute;mon battle between ADVLOVER&lt;3 and Quarante8! Format: [Gen 3] OU; Date: Nov 14, 2024" />
<!--

Hey, you! Looking in the source for the replay log?

You can find them in JSON format, just add `.json` at the end of a replay URL.

https://replay.pokemonshowdown.com/gen7randomdoublesbattle-865046831.json

Or, if you only need the log itself, add `.log` instead:

https://replay.pokemonshowdown.com/gen7randomdoublesbattle-865046831.log

-->

<link rel="stylesheet" href="//pokemonshowdown.com/style/global.css?0.767286132409787" />
<link rel="stylesheet" href="//play.pokemonshowdown.com/style/font-awesome.css?0.9266228007934947" />
<link rel="stylesheet" href="//play.pokemonshowdown.com/style/battle.css?0.7924700842790926" />
<link rel="stylesheet" href="//play.pokemonshowdown.com/style/utilichart.css?0.8777417872839479" />

<!-- Global site tag (gtag.js) - Google Analytics -->
<script async src="https://www.googletagmanager.com/gtag/js?id=UA-26211653-1"></script>
<script>
  window.dataLayer = window.dataLayer || [];
  function gtag(){dataLayer.push(arguments);}
  gtag('js', new Date());

  gtag('config', 'UA-26211653-1');
</script>
<!-- End Google Analytics -->
<!-- Venatus Ad Manager - Install in <HEAD> of page -->
	<script src="https://hb.vntsm.com/v3/live/ad-manager.min.js" type="text/javascript" data-site-id="642aba63ec9a7b11c3c9c1be" data-mode="scan" async></script>
<!-- / Venatus Ad Manager -->

<style>
	@media (max-width:820px) {
		.battle {
			margin: 0 auto;
		}
		.battle-log {
			margin: 7px auto 0;
			max-width: 640px;
			height: 300px;
			position: static;
		}
	}
	.optgroup {
		display: inline-block;
		line-height: 22px;
		font-size: 10pt;
	}
	.optgroup .button {
		height: 25px;
		padding-top: 0;
		padding-bottom: 0;
	}
	.optgroup button.button {
		padding-left: 12px;
		padding-right: 12px;
	}
	.linklist {
		list-style: none;
		margin: 0.5em 0;
		padding: 0;
	}
	.linklist li {
		padding: 2px 0;
	}
	.sidebar {
		float: left;
		width: 320px;
	}
	.bar-wrapper {
		max-width: 1100px;
		margin: 0 auto;
	}
	.bar-wrapper.has-sidebar {
		max-width: 1430px;
	}
	.mainbar {
		margin: 0;
		padding-right: 1px;
	}
	.mainbar.has-sidebar {
		margin-left: 330px;
	}
	@media (min-width: 1511px) {
		.sidebar {
			width: 400px;
		}
		.bar-wrapper.has-sidebar {
			max-width: 1510px;
		}
		.mainbar.has-sidebar {
			margin-left: 410px;
		}
	}
	.section.first-section {
		margin-top: 9px;
	}
	.blocklink small {
		white-space: normal;
	}
	.button {
		vertical-align: middle;
	}
	.replay-controls {
		padding-top: 10px;
	}
	.replay-controls h1 {
		font-size: 16pt;
		font-weight: normal;
		color: #CCC;
	}
	.pagelink {
		text-align: center;
	}
	.pagelink a {
		width: 150px;
	}
	.textbox, .button {
		font-size: 11pt;
		vertical-align: middle;
	}
	@media (max-width: 450px) {
		.button {
			font-size: 9pt;
		}
	}
</style>

<div>

	<header>
		<div class="nav-wrapper"><ul class="nav">
			<li><a class="button nav-first" href="//pokemonshowdown.com/"><img src="//pokemonshowdown.com/images/pokemonshowdownbeta.png" srcset="//pokemonshowdown.com/images/pokemonshowdownbeta.png 1x, //pokemonshowdown.com/images/pokemonshowdownbeta@2x.png 2x" alt="Pok&eacute;mon Showdown" width="146" height="44" /> Home</a></li>
			<li><a class="button" href="//pokemonshowdown.com/dex/">Pok&eacute;dex</a></li>
			<li><a class="button cur" href="/">Replays</a></li>
			<li><a class="button" href="//pokemonshowdown.com/ladder/">Ladder</a></li>
			<li><a class="button nav-last" href="//pokemonshowdown.com/forums/">Forum</a></li>
			<li><a class="button greenbutton nav-first nav-last" href="//play.pokemonshowdown.com/">Play</a></li>
		</ul></div>
	</header>

	<div class="main" id="main">

		<noscript><section class="section">You need to enable JavaScript to use this page; sorry!</section></noscript>

	</div>

</div>

<script defer nomodule src="//play.pokemonshowdown.com/js/lib/ps-polyfill.js"></script>
<script defer src="//play.pokemonshowdown.com/js/lib/preact.min.js"></script>

<script defer src="//play.pokemonshowdown.com/config/config.js?6dec07f6"></script>
<script defer src="//play.pokemonshowdown.com/js/lib/jquery-1.11.0.min.js"></script>
<script defer src="//play.pokemonshowdown.com/js/lib/html-sanitizer-minified.js"></script>
<script defer src="//play.pokemonshowdown.com/js/battle-sound.js"></script>
<script defer src="//play.pokemonshowdown.com/js/battledata.js?0.6315294753075389"></script>
<script defer src="//play.pokemonshowdown.com/data/pokedex-mini.js?0.7603743185311358"></script>
<script defer src="//play.pokemonshowdown.com/data/pokedex-mini-bw.js?0.030888842834281283"></script>
<script defer src="//play.pokemonshowdown.com/data/graphics.js?0.05593094747507488"></script>
<script defer src="//play.pokemonshowdown.com/data/pokedex.js?0.47064822249611904"></script>
<script defer src="//play.pokemonshowdown.com/data/moves.js?0.8583693120512459"></script>
<script defer src="//play.pokemonshowdown.com/data/abilities.js?0.16017181182386842"></script>
<script defer src="//play.pokemonshowdown.com/data/items.js?0.4163379185673943"></script>
<script defer src="//play.pokemonshowdown.com/data/teambuilder-tables.js?0.31075597372830477"></script>
<script defer src="//play.pokemonshowdown.com/js/battle-tooltips.js?0.6536193500708172"></script>
<script defer src="//play.pokemonshowdown.com/js/battle.js?0.1916591943277901"></script>

<script defer src="js/utils.js?e31f9a17"></script>
<script defer src="js/replays-battle.js?7008c182"></script>

<!-- don't scrape this data! just add .json or .log after the URL!
Full API docs: https://github.com/smogon/pokemon-showdown-client/blob/master/WEB-API.md -->
<script type="text/plain" class="log" id="replaylog-smogtours-gen3ou-806255">
|inactive|Battle timer is ON: inactive players will automatically lose when time's up.
|t:|1731613319
|gametype|singles
|player|p1|ADVLOVER<3|pokemonbreederf-gen4|
|player|p2|Quarante8|pilot|
|teamsize|p1|6
|teamsize|p2|6
|gen|3
|tier|[Gen 3] OU
|rule|Sleep Clause Mod: Limit one foe put to sleep
|rule|Switch Priority Clause Mod: Faster Pokémon switch first
|rule|Species Clause: Limit one of each Pokémon
|rule|OHKO Clause: OHKO moves are banned
|rule|Evasion Items Clause: Evasion items are banned
|rule|Evasion Moves Clause: Evasion moves are banned
|rule|Endless Battle Clause: Forcing endless battles is banned
|rule|HP Percentage Mod: HP is shown in percentages
|rule|One Boost Passer Clause: Limit one Baton Passer that has a way to boost its stats
|rule|Freeze Clause Mod: Limit one foe frozen
|
|t:|1731613319
|start
|switch|p1a: Vaporeon|Vaporeon, M|100/100
|switch|p2a: Turbodog|Houndoom, F|100/100
|turn|1
|c|☆Quarante8|hf!
|c|☆ADVLOVER<3|U2!
|
|t:|1731613332
|switch|p2a: Deconstruct|Blissey, F|100/100
|move|p1a: Vaporeon|Substitute|p1a: Vaporeon
|-start|p1a: Vaporeon|Substitute
|-damage|p1a: Vaporeon|75/100
|
|upkeep
|turn|2
|
|t:|1731613340
|move|p1a: Vaporeon|Baton Pass|p1a: Vaporeon
|
|t:|1731613342
|switch|p1a: Metagross|Metagross|100/100|[from] Baton Pass
|move|p2a: Deconstruct|Thunderbolt|p1a: Metagross
|-activate|p1a: Metagross|Substitute|[damage]
|
|upkeep
|turn|3
|
|t:|1731613348
|switch|p2a: Blightbringer|Skarmory, F|100/100
|move|p1a: Metagross|Meteor Mash|p2a: Blightbringer
|-resisted|p2a: Blightbringer
|-damage|p2a: Blightbringer|71/100
|
|-heal|p2a: Blightbringer|77/100|[from] item: Leftovers
|upkeep
|turn|4
|
|t:|1731613368
|move|p1a: Metagross|Meteor Mash|p2a: Blightbringer
|-resisted|p2a: Blightbringer
|-damage|p2a: Blightbringer|47/100
|move|p2a: Blightbringer|Spikes|p1a: Metagross
|-sidestart|p1: ADVLOVER<3|Spikes
|
|-heal|p2a: Blightbringer|53/100|[from] item: Leftovers
|upkeep
|turn|5
|
|t:|1731613372
|move|p2a: Blightbringer|Protect|p2a: Blightbringer
|-singleturn|p2a: Blightbringer|Protect
|move|p1a: Metagross|Meteor Mash|p2a: Blightbringer
|-activate|p2a: Blightbringer|Protect
|
|-heal|p2a: Blightbringer|59/100|[from] item: Leftovers
|upkeep
|turn|6
|
|t:|1731613379
|switch|p2a: Mirador|Starmie|100/100
|move|p1a: Metagross|Meteor Mash|p2a: Mirador
|-resisted|p2a: Mirador
|-damage|p2a: Mirador|56/100
|-boost|p1a: Metagross|atk|1
|
|-heal|p2a: Mirador|62/100|[from] item: Leftovers
|upkeep
|turn|7
|
|t:|1731613387
|move|p2a: Mirador|Recover|p2a: Mirador
|-heal|p2a: Mirador|100/100
|move|p1a: Metagross|Meteor Mash|p2a: Mirador
|-resisted|p2a: Mirador
|-damage|p2a: Mirador|30/100
|
|-heal|p2a: Mirador|36/100|[from] item: Leftovers
|upkeep
|turn|8
|
|t:|1731613392
|move|p2a: Mirador|Recover|p2a: Mirador
|-heal|p2a: Mirador|86/100
|move|p1a: Metagross|Meteor Mash|p2a: Mirador
|-resisted|p2a: Mirador
|-damage|p2a: Mirador|18/100
|
|-heal|p2a: Mirador|25/100|[from] item: Leftovers
|upkeep
|turn|9
|
|t:|1731613395
|move|p2a: Mirador|Recover|p2a: Mirador
|-heal|p2a: Mirador|75/100
|move|p1a: Metagross|Meteor Mash|p2a: Mirador|[miss]
|-miss|p1a: Metagross|p2a: Mirador
|
|-heal|p2a: Mirador|81/100|[from] item: Leftovers
|upkeep
|turn|10
|
|t:|1731613397
|move|p2a: Mirador|Surf|p1a: Metagross
|-end|p1a: Metagross|Substitute
|move|p1a: Metagross|Meteor Mash|p2a: Mirador
|-resisted|p2a: Mirador
|-damage|p2a: Mirador|6/100
|
|-heal|p2a: Mirador|12/100|[from] item: Leftovers
|upkeep
|turn|11
|
|t:|1731613400
|move|p2a: Mirador|Thunder Wave|p1a: Metagross
|-status|p1a: Metagross|par
|move|p1a: Metagross|Meteor Mash|p2a: Mirador
|-resisted|p2a: Mirador
|-crit|p2a: Mirador
|-damage|p2a: Mirador|0 fnt
|faint|p2a: Mirador
|
|t:|1731613407
|switch|p2a: Swipe Up|Swampert, M|100/100
|
|upkeep
|turn|12
|
|t:|1731613416
|switch|p1a: Vaporeon|Vaporeon, M|75/100
|-damage|p1a: Vaporeon|63/100|[from] Spikes
|move|p2a: Swipe Up|Earthquake|p1a: Vaporeon
|-damage|p1a: Vaporeon|17/100
|
|-enditem|p1a: Vaporeon|Salac Berry|[eat]
|-boost|p1a: Vaporeon|spe|1|[from] item: Salac Berry
|upkeep
|turn|13
|
|t:|1731613422
|move|p1a: Vaporeon|Hydro Pump|p2a: Swipe Up
|-damage|p2a: Swipe Up|50/100
|move|p2a: Swipe Up|Earthquake|p1a: Vaporeon
|-crit|p1a: Vaporeon
|-damage|p1a: Vaporeon|0 fnt
|faint|p1a: Vaporeon
|
|t:|1731613429
|switch|p1a: Heracross|Heracross, F|100/100
|-damage|p1a: Heracross|88/100|[from] Spikes
|
|-heal|p2a: Swipe Up|56/100|[from] item: Leftovers
|upkeep
|turn|14
|
|t:|1731613433
|switch|p2a: Powercord|Salamence, M|100/100
|-ability|p2a: Powercord|Intimidate|boost
|-unboost|p1a: Heracross|atk|1
|move|p1a: Heracross|Substitute|p1a: Heracross
|-start|p1a: Heracross|Substitute
|-damage|p1a: Heracross|63/100
|
|upkeep
|turn|15
|
|t:|1731613436
|move|p2a: Powercord|Hidden Power|p1a: Heracross
|-supereffective|p1a: Heracross
|-end|p1a: Heracross|Substitute
|move|p1a: Heracross|Rock Slide|p2a: Powercord
|-supereffective|p2a: Powercord
|-damage|p2a: Powercord|58/100
|
|-heal|p2a: Powercord|64/100|[from] item: Leftovers
|upkeep
|turn|16
|
|t:|1731613445
|switch|p1a: Metagross|Metagross|100/100 par
|-damage|p1a: Metagross|88/100 par|[from] Spikes
|move|p2a: Powercord|Earthquake|p1a: Metagross
|-supereffective|p1a: Metagross
|-damage|p1a: Metagross|23/100 par
|
|-heal|p2a: Powercord|70/100|[from] item: Leftovers
|upkeep
|turn|17
|
|t:|1731613448
|move|p2a: Powercord|Earthquake|p1a: Metagross
|-supereffective|p1a: Metagross
|-damage|p1a: Metagross|0 fnt
|faint|p1a: Metagross
|
|t:|1731613450
|switch|p1a: Salamence|Salamence, F|100/100
|-ability|p1a: Salamence|Intimidate|boost
|-unboost|p2a: Powercord|atk|1
|
|-heal|p2a: Powercord|77/100|[from] item: Leftovers
|upkeep
|turn|18
|
|t:|1731613463
|switch|p2a: Deconstruct|Blissey, F|100/100
|move|p1a: Salamence|Rock Slide|p2a: Deconstruct
|-damage|p2a: Deconstruct|69/100
|
|-heal|p2a: Deconstruct|75/100|[from] item: Leftovers
|upkeep
|turn|19
|
|t:|1731613479
|switch|p1a: Tyranitar|Tyranitar, F|100/100
|-damage|p1a: Tyranitar|88/100|[from] Spikes
|-weather|Sandstorm|[from] ability: Sand Stream|[of] p1a: Tyranitar
|move|p2a: Deconstruct|Ice Beam|p1a: Tyranitar
|-damage|p1a: Tyranitar|65/100
|
|-weather|Sandstorm|[upkeep]
|-damage|p2a: Deconstruct|69/100|[from] Sandstorm
|-heal|p2a: Deconstruct|75/100|[from] item: Leftovers
|upkeep
|turn|20
|
|t:|1731613487
|switch|p2a: Swipe Up|Swampert, M|56/100
|move|p1a: Tyranitar|Dragon Dance|p1a: Tyranitar
|-boost|p1a: Tyranitar|atk|1
|-boost|p1a: Tyranitar|spe|1
|
|-weather|Sandstorm|[upkeep]
|-heal|p2a: Swipe Up|63/100|[from] item: Leftovers
|upkeep
|turn|21
|
|t:|1731613506
|move|p1a: Tyranitar|Earthquake|p2a: Swipe Up
|-damage|p2a: Swipe Up|30/100
|move|p2a: Swipe Up|Earthquake|p1a: Tyranitar
|-supereffective|p1a: Tyranitar
|-crit|p1a: Tyranitar
|-damage|p1a: Tyranitar|0 fnt
|faint|p1a: Tyranitar
|
|t:|1731613514
|switch|p1a: Heracross|Heracross, F|63/100
|-damage|p1a: Heracross|51/100|[from] Spikes
|
|-weather|Sandstorm|[upkeep]
|-damage|p1a: Heracross|45/100|[from] Sandstorm
|-heal|p2a: Swipe Up|36/100|[from] item: Leftovers
|upkeep
|turn|22
|
|t:|1731613521
|move|p1a: Heracross|Megahorn|p2a: Swipe Up
|-damage|p2a: Swipe Up|0 fnt
|faint|p2a: Swipe Up
|
|t:|1731613523
|switch|p2a: Powercord|Salamence, M|77/100
|-ability|p2a: Powercord|Intimidate|boost
|-unboost|p1a: Heracross|atk|1
|
|-weather|Sandstorm|[upkeep]
|-damage|p2a: Powercord|70/100|[from] Sandstorm
|-damage|p1a: Heracross|39/100|[from] Sandstorm
|-heal|p2a: Powercord|77/100|[from] item: Leftovers
|upkeep
|turn|23
|
|t:|1731613539
|switch|p1a: Swampert|Swampert, M|100/100
|-damage|p1a: Swampert|88/100|[from] Spikes
|move|p2a: Powercord|Dragon Dance|p2a: Powercord
|-boost|p2a: Powercord|atk|1
|-boost|p2a: Powercord|spe|1
|
|-weather|Sandstorm|[upkeep]
|-damage|p2a: Powercord|70/100|[from] Sandstorm
|-heal|p2a: Powercord|77/100|[from] item: Leftovers
|upkeep
|turn|24
|
|t:|1731613547
|switch|p2a: Deconstruct|Blissey, F|75/100
|move|p1a: Swampert|Ice Beam|p2a: Deconstruct
|-damage|p2a: Deconstruct|65/100
|
|-weather|Sandstorm|[upkeep]
|-damage|p2a: Deconstruct|59/100|[from] Sandstorm
|-heal|p2a: Deconstruct|65/100|[from] item: Leftovers
|upkeep
|turn|25
|
|t:|1731613550
|switch|p2a: Blightbringer|Skarmory, F|59/100
|move|p1a: Swampert|Substitute|p1a: Swampert
|-start|p1a: Swampert|Substitute
|-damage|p1a: Swampert|63/100
|
|-weather|Sandstorm|[upkeep]
|-heal|p2a: Blightbringer|65/100|[from] item: Leftovers
|upkeep
|turn|26
|
|t:|1731613555
|move|p2a: Blightbringer|Protect|p2a: Blightbringer
|-singleturn|p2a: Blightbringer|Protect
|move|p1a: Swampert|Hydro Pump|p2a: Blightbringer|[miss]
|-miss|p1a: Swampert|p2a: Blightbringer
|
|-weather|Sandstorm|[upkeep]
|-heal|p2a: Blightbringer|71/100|[from] item: Leftovers
|upkeep
|turn|27
|
|t:|1731613558
|move|p1a: Swampert|Hydro Pump|p2a: Blightbringer
|-damage|p2a: Blightbringer|24/100
|move|p2a: Blightbringer|Roar|p1a: Swampert
|drag|p1a: Salamence|Salamence, F|100/100
|-ability|p1a: Salamence|Intimidate|boost
|-unboost|p2a: Blightbringer|atk|1
|
|-weather|Sandstorm|[upkeep]
|-damage|p1a: Salamence|94/100|[from] Sandstorm
|-heal|p1a: Salamence|100/100|[from] item: Leftovers
|-heal|p2a: Blightbringer|30/100|[from] item: Leftovers
|upkeep
|turn|28
|
|t:|1731613563
|switch|p1a: Swampert|Swampert, M|63/100
|-damage|p1a: Swampert|51/100|[from] Spikes
|move|p2a: Blightbringer|Toxic|p1a: Swampert
|-status|p1a: Swampert|tox
|
|-weather|Sandstorm|[upkeep]
|-damage|p1a: Swampert|45/100 tox|[from] psn
|-heal|p2a: Blightbringer|36/100|[from] item: Leftovers
|upkeep
|turn|29
|
|t:|1731613568
|move|p2a: Blightbringer|Protect|p2a: Blightbringer
|-singleturn|p2a: Blightbringer|Protect
|move|p1a: Swampert|Hydro Pump|p2a: Blightbringer
|-activate|p2a: Blightbringer|Protect
|
|-weather|Sandstorm|[upkeep]
|-damage|p1a: Swampert|32/100 tox|[from] psn
|-heal|p2a: Blightbringer|42/100|[from] item: Leftovers
|upkeep
|turn|30
|
|t:|1731613571
|switch|p2a: Deconstruct|Blissey, F|65/100
|move|p1a: Swampert|Endeavor|p2a: Deconstruct
|-damage|p2a: Deconstruct|17/100
|
|-weather|Sandstorm|[upkeep]
|-damage|p2a: Deconstruct|11/100|[from] Sandstorm
|-damage|p1a: Swampert|14/100 tox|[from] psn
|-heal|p2a: Deconstruct|17/100|[from] item: Leftovers
|upkeep
|turn|31
|
|t:|1731613576
|move|p1a: Swampert|Hydro Pump|p2a: Deconstruct
|-damage|p2a: Deconstruct|0 fnt
|faint|p2a: Deconstruct
|
|t:|1731613581
|switch|p2a: Powercord|Salamence, M|77/100
|-ability|p2a: Powercord|Intimidate|boost
|-unboost|p1a: Swampert|atk|1
|
|-weather|Sandstorm|[upkeep]
|-damage|p2a: Powercord|70/100|[from] Sandstorm
|-heal|p2a: Powercord|77/100|[from] item: Leftovers
|-enditem|p1a: Swampert|Salac Berry|[eat]
|-boost|p1a: Swampert|spe|1|[from] item: Salac Berry
|-damage|p1a: Swampert|0 fnt|[from] psn
|faint|p1a: Swampert
|upkeep
|
|t:|1731613591
|switch|p1a: Salamence|Salamence, F|100/100
|-ability|p1a: Salamence|Intimidate|boost
|-unboost|p2a: Powercord|atk|1
|turn|32
|
|t:|1731613599
|switch|p2a: Turbodog|Houndoom, F|100/100
|move|p1a: Salamence|Dragon Dance|p1a: Salamence
|-boost|p1a: Salamence|atk|1
|-boost|p1a: Salamence|spe|1
|
|-weather|Sandstorm|[upkeep]
|-damage|p1a: Salamence|94/100|[from] Sandstorm
|-damage|p2a: Turbodog|94/100|[from] Sandstorm
|-heal|p1a: Salamence|100/100|[from] item: Leftovers
|upkeep
|turn|33
|
|t:|1731613602
|move|p1a: Salamence|Rock Slide|p2a: Turbodog|[miss]
|-miss|p1a: Salamence|p2a: Turbodog
|move|p2a: Turbodog|Crunch|p1a: Salamence
|-damage|p1a: Salamence|46/100
|
|-weather|Sandstorm|[upkeep]
|-damage|p1a: Salamence|40/100|[from] Sandstorm
|-damage|p2a: Turbodog|88/100|[from] Sandstorm
|-heal|p1a: Salamence|46/100|[from] item: Leftovers
|upkeep
|turn|34
|
|t:|1731613606
|move|p1a: Salamence|Rock Slide|p2a: Turbodog
|-supereffective|p2a: Turbodog
|-damage|p2a: Turbodog|0 fnt
|faint|p2a: Turbodog
|
|t:|1731613607
|switch|p2a: Blightbringer|Skarmory, F|42/100
|
|-weather|Sandstorm|[upkeep]
|-damage|p1a: Salamence|40/100|[from] Sandstorm
|-heal|p1a: Salamence|46/100|[from] item: Leftovers
|-heal|p2a: Blightbringer|48/100|[from] item: Leftovers
|upkeep
|turn|35
|
|t:|1731613616
|switch|p1a: Heracross|Heracross, F|39/100
|-damage|p1a: Heracross|26/100|[from] Spikes
|move|p2a: Blightbringer|Toxic|p1a: Heracross
|-status|p1a: Heracross|tox
|
|-weather|Sandstorm|[upkeep]
|-damage|p1a: Heracross|20/100 tox|[from] Sandstorm
|-enditem|p1a: Heracross|Salac Berry|[eat]
|-boost|p1a: Heracross|spe|1|[from] item: Salac Berry
|-damage|p1a: Heracross|15/100 tox|[from] psn
|-heal|p2a: Blightbringer|53/100|[from] item: Leftovers
|upkeep
|turn|36
|
|t:|1731613622
|move|p2a: Blightbringer|Protect|p2a: Blightbringer
|-singleturn|p2a: Blightbringer|Protect
|move|p1a: Heracross|Rock Slide|p2a: Blightbringer
|-activate|p2a: Blightbringer|Protect
|
|-weather|Sandstorm|[upkeep]
|-damage|p1a: Heracross|8/100 tox|[from] Sandstorm
|-damage|p1a: Heracross|0 fnt|[from] psn
|faint|p1a: Heracross
|-heal|p2a: Blightbringer|59/100|[from] item: Leftovers
|upkeep
|
|t:|1731613623
|switch|p1a: Salamence|Salamence, F|46/100
|-ability|p1a: Salamence|Intimidate|boost
|-unboost|p2a: Blightbringer|atk|1
|turn|37
|
|t:|1731613625
|move|p1a: Salamence|Dragon Dance|p1a: Salamence
|-boost|p1a: Salamence|atk|1
|-boost|p1a: Salamence|spe|1
|move|p2a: Blightbringer|Toxic|p1a: Salamence
|-status|p1a: Salamence|tox
|
|-weather|Sandstorm|[upkeep]
|-damage|p1a: Salamence|40/100 tox|[from] Sandstorm
|-heal|p1a: Salamence|46/100 tox|[from] item: Leftovers
|-damage|p1a: Salamence|40/100 tox|[from] psn
|-heal|p2a: Blightbringer|65/100|[from] item: Leftovers
|upkeep
|turn|38
|
|t:|1731613628
|move|p2a: Blightbringer|Protect|p2a: Blightbringer
|-singleturn|p2a: Blightbringer|Protect
|move|p1a: Salamence|Dragon Dance|p1a: Salamence
|-boost|p1a: Salamence|atk|1
|-boost|p1a: Salamence|spe|1
|
|-weather|Sandstorm|[upkeep]
|-damage|p1a: Salamence|34/100 tox|[from] Sandstorm
|-heal|p1a: Salamence|40/100 tox|[from] item: Leftovers
|-damage|p1a: Salamence|28/100 tox|[from] psn
|-heal|p2a: Blightbringer|71/100|[from] item: Leftovers
|upkeep
|turn|39
|
|t:|1731613633
|move|p2a: Blightbringer|Protect|p2a: Blightbringer
|-singleturn|p2a: Blightbringer|Protect
|move|p1a: Salamence|Rock Slide|p2a: Blightbringer
|-activate|p2a: Blightbringer|Protect
|
|-weather|Sandstorm|[upkeep]
|-damage|p1a: Salamence|22/100 tox|[from] Sandstorm
|-heal|p1a: Salamence|28/100 tox|[from] item: Leftovers
|-damage|p1a: Salamence|10/100 tox|[from] psn
|-heal|p2a: Blightbringer|77/100|[from] item: Leftovers
|upkeep
|turn|40
|
|t:|1731613635
|move|p2a: Blightbringer|Protect||[still]
|-fail|p2a: Blightbringer
|move|p1a: Salamence|Rock Slide|p2a: Blightbringer
|-damage|p2a: Blightbringer|32/100
|
|-weather|Sandstorm|[upkeep]
|-damage|p1a: Salamence|4/100 tox|[from] Sandstorm
|-heal|p1a: Salamence|10/100 tox|[from] item: Leftovers
|-damage|p1a: Salamence|0 fnt|[from] psn
|faint|p1a: Salamence
|
|win|Quarante8
|upkeep
|c|☆Quarante8|gg
|c|☆ADVLOVER<3|gg

</script>
<script type="application/json" class="data" id="replaydata-smogtours-gen3ou-806255">
{"id":"smogtours-gen3ou-806255","format":"[Gen 3] OU","players":["ADVLOVER<3","Quarante8"],"uploadtime":1731613635,"views":4,"formatid":"gen3ou","rating":null,"private":0,"password":null}
</script>

<script defer src="js/replays.js?9d40a366"></script>
