<!DOCTYPE html>
<meta charset="utf-8" />
<meta name="viewport" content="width=device-width" />

<title>[Gen 3] OU: kingofironfrisk vs. donk27 - Replays - Pok&eacute;mon Showdown!</title>

<meta name="description" content="Watch a replay of a Pok&eacute;mon battle between kingofironfrisk and donk27! Format: [Gen 3] OU; Date: Oct 26, 2024" />
<!--

Hey, you! Looking in the source for the replay log?

You can find them in JSON format, just add `.json` at the end of a replay URL.

https://replay.pokemonshowdown.com/gen7randomdoublesbattle-865046831.json

Or, if you only need the log itself, add `.log` instead:

https://replay.pokemonshowdown.com/gen7randomdoublesbattle-865046831.log

-->

<link rel="stylesheet" href="//pokemonshowdown.com/style/global.css?0.023195364461161105" />
<link rel="stylesheet" href="//play.pokemonshowdown.com/style/font-awesome.css?0.13261647063804238" />
<link rel="stylesheet" href="//play.pokemonshowdown.com/style/battle.css?0.8753245789963631" />
<link rel="stylesheet" href="//play.pokemonshowdown.com/style/utilichart.css?0.8627959624976733" />

<!-- Global site tag (gtag.js) - Google Analytics -->
<script async src="https://www.googletagmanager.com/gtag/js?id=UA-26211653-1"></script>
<script>
  window.dataLayer = window.dataLayer || [];
  function gtag(){dataLayer.push(arguments);}
  gtag('js', new Date());

  gtag('config', 'UA-26211653-1');
</script>
<!-- End Google Analytics -->
<!-- Venatus Ad Manager - Install in <HEAD> of page -->
	<script src="https://hb.vntsm.com/v3/live/ad-manager.min.js" type="text/javascript" data-site-id="642aba63ec9a7b11c3c9c1be" data-mode="scan" async></script>
<!-- / Venatus Ad Manager -->

<style>
	@media (max-width:820px) {
		.battle {
			margin: 0 auto;
		}
		.battle-log {
			margin: 7px auto 0;
			max-width: 640px;
			height: 300px;
			position: static;
		}
	}
	.optgroup {
		display: inline-block;
		line-height: 22px;
		font-size: 10pt;
	}
	.optgroup .button {
		height: 25px;
		padding-top: 0;
		padding-bottom: 0;
	}
	.optgroup button.button {
		padding-left: 12px;
		padding-right: 12px;
	}
	.linklist {
		list-style: none;
		margin: 0.5em 0;
		padding: 0;
	}
	.linklist li {
		padding: 2px 0;
	}
	.sidebar {
		float: left;
		width: 320px;
	}
	.bar-wrapper {
		max-width: 1100px;
		margin: 0 auto;
	}
	.bar-wrapper.has-sidebar {
		max-width: 1430px;
	}
	.mainbar {
		margin: 0;
		padding-right: 1px;
	}
	.mainbar.has-sidebar {
		margin-left: 330px;
	}
	@media (min-width: 1511px) {
		.sidebar {
			width: 400px;
		}
		.bar-wrapper.has-sidebar {
			max-width: 1510px;
		}
		.mainbar.has-sidebar {
			margin-left: 410px;
		}
	}
	.section.first-section {
		margin-top: 9px;
	}
	.blocklink small {
		white-space: normal;
	}
	.button {
		vertical-align: middle;
	}
	.replay-controls {
		padding-top: 10px;
	}
	.replay-controls h1 {
		font-size: 16pt;
		font-weight: normal;
		color: #CCC;
	}
	.pagelink {
		text-align: center;
	}
	.pagelink a {
		width: 150px;
	}
	.textbox, .button {
		font-size: 11pt;
		vertical-align: middle;
	}
	@media (max-width: 450px) {
		.button {
			font-size: 9pt;
		}
	}
</style>

<div>

	<header>
		<div class="nav-wrapper"><ul class="nav">
			<li><a class="button nav-first" href="//pokemonshowdown.com/"><img src="//pokemonshowdown.com/images/pokemonshowdownbeta.png" srcset="//pokemonshowdown.com/images/pokemonshowdownbeta.png 1x, //pokemonshowdown.com/images/pokemonshowdownbeta@2x.png 2x" alt="Pok&eacute;mon Showdown" width="146" height="44" /> Home</a></li>
			<li><a class="button" href="//pokemonshowdown.com/dex/">Pok&eacute;dex</a></li>
			<li><a class="button cur" href="/">Replays</a></li>
			<li><a class="button" href="//pokemonshowdown.com/ladder/">Ladder</a></li>
			<li><a class="button nav-last" href="//pokemonshowdown.com/forums/">Forum</a></li>
			<li><a class="button greenbutton nav-first nav-last" href="//play.pokemonshowdown.com/">Play</a></li>
		</ul></div>
	</header>

	<div class="main" id="main">

		<noscript><section class="section">You need to enable JavaScript to use this page; sorry!</section></noscript>

	</div>

</div>

<script defer nomodule src="//play.pokemonshowdown.com/js/lib/ps-polyfill.js"></script>
<script defer src="//play.pokemonshowdown.com/js/lib/preact.min.js"></script>

<script defer src="//play.pokemonshowdown.com/config/config.js?2bddbc15"></script>
<script defer src="//play.pokemonshowdown.com/js/lib/jquery-1.11.0.min.js"></script>
<script defer src="//play.pokemonshowdown.com/js/lib/html-sanitizer-minified.js"></script>
<script defer src="//play.pokemonshowdown.com/js/battle-sound.js"></script>
<script defer src="//play.pokemonshowdown.com/js/battledata.js?0.7209276989879541"></script>
<script defer src="//play.pokemonshowdown.com/data/pokedex-mini.js?0.6111056340867951"></script>
<script defer src="//play.pokemonshowdown.com/data/pokedex-mini-bw.js?0.3532142036491459"></script>
<script defer src="//play.pokemonshowdown.com/data/graphics.js?0.24223875632456182"></script>
<script defer src="//play.pokemonshowdown.com/data/pokedex.js?0.38839984266356864"></script>
<script defer src="//play.pokemonshowdown.com/data/moves.js?0.21866028504024015"></script>
<script defer src="//play.pokemonshowdown.com/data/abilities.js?0.2005157953846628"></script>
<script defer src="//play.pokemonshowdown.com/data/items.js?0.9894211263848525"></script>
<script defer src="//play.pokemonshowdown.com/data/teambuilder-tables.js?0.6008791140282215"></script>
<script defer src="//play.pokemonshowdown.com/js/battle-tooltips.js?0.7580118955022959"></script>
<script defer src="//play.pokemonshowdown.com/js/battle.js?0.6057722274234274"></script>

<script defer src="js/utils.js?e31f9a17"></script>
<script defer src="js/replays-battle.js?7008c182"></script>

<!-- don't scrape this data! just add .json or .log after the URL!
Full API docs: https://github.com/smogon/pokemon-showdown-client/blob/master/WEB-API.md -->
<script type="text/plain" class="log" id="replaylog-smogtours-gen3ou-802339">
|inactive|Battle timer is ON: inactive players will automatically lose when time's up.
|t:|1729982030
|gametype|singles
|player|p1|kingofironfrisk|tabitha-gen3|
|player|p2|donk27|jasmine|
|teamsize|p1|6
|teamsize|p2|6
|gen|3
|tier|[Gen 3] OU
|rule|Sleep Clause Mod: Limit one foe put to sleep
|rule|Switch Priority Clause Mod: Faster Pokémon switch first
|rule|Species Clause: Limit one of each Pokémon
|rule|OHKO Clause: OHKO moves are banned
|rule|Evasion Items Clause: Evasion items are banned
|rule|Evasion Moves Clause: Evasion moves are banned
|rule|Endless Battle Clause: Forcing endless battles is banned
|rule|HP Percentage Mod: HP is shown in percentages
|rule|One Boost Passer Clause: Limit one Baton Passer that has a way to boost its stats
|rule|Freeze Clause Mod: Limit one foe frozen
|
|t:|1729982030
|start
|switch|p1a: Jolteon|Jolteon, M|100/100
|switch|p2a: Medicham|Medicham, F|100/100
|turn|1
|c|☆donk27|glhf
|
|t:|1729982039
|move|p1a: Jolteon|Thunderbolt|p2a: Medicham
|-damage|p2a: Medicham|30/100
|move|p2a: Medicham|Brick Break|p1a: Jolteon
|-damage|p1a: Jolteon|8/100
|
|-heal|p1a: Jolteon|15/100|[from] item: Leftovers
|upkeep
|turn|2
|
|t:|1729982044
|switch|p2a: Blissey|Blissey, F|100/100
|move|p1a: Jolteon|Thunderbolt|p2a: Blissey
|-damage|p2a: Blissey|83/100
|
|-heal|p1a: Jolteon|21/100|[from] item: Leftovers
|-heal|p2a: Blissey|89/100|[from] item: Leftovers
|upkeep
|turn|3
|
|t:|1729982046
|move|p1a: Jolteon|Baton Pass|p1a: Jolteon
|
|t:|1729982047
|switch|p1a: Skarmory|Skarmory, F|100/100|[from] Baton Pass
|move|p2a: Blissey|Thunder Wave|p1a: Skarmory
|-status|p1a: Skarmory|par
|
|-heal|p2a: Blissey|95/100|[from] item: Leftovers
|upkeep
|turn|4
|
|t:|1729982050
|switch|p2a: Charizard|Charizard, F|100/100
|move|p1a: Skarmory|Spikes|p2a: Charizard
|-sidestart|p2: donk27|Spikes
|
|upkeep
|turn|5
|
|t:|1729982055
|switch|p1a: Moltres|Moltres|100/100
|move|p2a: Charizard|Dragon Claw|p1a: Moltres
|-damage|p1a: Moltres|71/100
|
|-heal|p1a: Moltres|78/100|[from] item: Leftovers
|upkeep
|turn|6
|
|t:|1729982057
|switch|p2a: Blissey|Blissey, F|95/100
|-damage|p2a: Blissey|83/100|[from] Spikes
|move|p1a: Moltres|Toxic|p2a: Blissey
|-status|p2a: Blissey|tox
|
|-heal|p1a: Moltres|84/100|[from] item: Leftovers
|-heal|p2a: Blissey|89/100 tox|[from] item: Leftovers
|-damage|p2a: Blissey|83/100 tox|[from] psn
|upkeep
|turn|7
|
|t:|1729982062
|switch|p1a: Skarmory|Skarmory, F|100/100 par
|-curestatus|p2a: Blissey|tox|[from] ability: Natural Cure
|switch|p2a: Tyranitar|Tyranitar, M|100/100
|-damage|p2a: Tyranitar|88/100|[from] Spikes
|-weather|Sandstorm|[from] ability: Sand Stream|[of] p2a: Tyranitar
|
|-weather|Sandstorm|[upkeep]
|-heal|p2a: Tyranitar|94/100|[from] item: Leftovers
|upkeep
|turn|8
|
|t:|1729982066
|switch|p2a: Jirachi|Jirachi|100/100
|-damage|p2a: Jirachi|88/100|[from] Spikes
|move|p1a: Skarmory|Spikes|p2a: Jirachi
|-sidestart|p2: donk27|Spikes
|
|-weather|Sandstorm|[upkeep]
|-heal|p2a: Jirachi|94/100|[from] item: Leftovers
|upkeep
|turn|9
|
|t:|1729982068
|move|p2a: Jirachi|Substitute|p2a: Jirachi
|-start|p2a: Jirachi|Substitute
|-damage|p2a: Jirachi|69/100
|move|p1a: Skarmory|Spikes|p2a: Jirachi
|-sidestart|p2: donk27|Spikes
|
|-weather|Sandstorm|[upkeep]
|-heal|p2a: Jirachi|75/100|[from] item: Leftovers
|upkeep
|turn|10
|
|t:|1729982071
|move|p2a: Jirachi|Thunderbolt|p1a: Skarmory
|-supereffective|p1a: Skarmory
|-damage|p1a: Skarmory|46/100 par
|move|p1a: Skarmory|Roar|p2a: Jirachi
|drag|p2a: Blissey|Blissey, F|83/100
|-damage|p2a: Blissey|58/100|[from] Spikes
|
|-weather|Sandstorm|[upkeep]
|-damage|p2a: Blissey|52/100|[from] Sandstorm
|-heal|p2a: Blissey|58/100|[from] item: Leftovers
|-heal|p1a: Skarmory|52/100 par|[from] item: Leftovers
|upkeep
|turn|11
|
|t:|1729982075
|move|p2a: Blissey|Soft-Boiled|p2a: Blissey
|-heal|p2a: Blissey|100/100
|move|p1a: Skarmory|Roar|p2a: Blissey
|drag|p2a: Tyranitar|Tyranitar, M|94/100
|-damage|p2a: Tyranitar|69/100|[from] Spikes
|
|-weather|Sandstorm|[upkeep]
|-heal|p2a: Tyranitar|76/100|[from] item: Leftovers
|-heal|p1a: Skarmory|58/100 par|[from] item: Leftovers
|upkeep
|turn|12
|
|t:|1729982080
|switch|p1a: Swampert|Swampert, F|100/100
|move|p2a: Tyranitar|Rock Slide|p1a: Swampert
|-resisted|p1a: Swampert
|-damage|p1a: Swampert|86/100
|
|-weather|Sandstorm|[upkeep]
|-heal|p2a: Tyranitar|82/100|[from] item: Leftovers
|-heal|p1a: Swampert|93/100|[from] item: Leftovers
|upkeep
|turn|13
|
|t:|1729982087
|switch|p2a: Milotic|Milotic, M|100/100
|-damage|p2a: Milotic|76/100|[from] Spikes
|move|p1a: Swampert|Surf|p2a: Milotic
|-resisted|p2a: Milotic
|-damage|p2a: Milotic|65/100
|
|-weather|Sandstorm|[upkeep]
|-damage|p2a: Milotic|59/100|[from] Sandstorm
|-heal|p2a: Milotic|65/100|[from] item: Leftovers
|-heal|p1a: Swampert|99/100|[from] item: Leftovers
|upkeep
|turn|14
|
|t:|1729982095
|switch|p1a: Skarmory|Skarmory, F|58/100 par
|move|p2a: Milotic|Hydro Pump|p1a: Skarmory|[miss]
|-miss|p2a: Milotic|p1a: Skarmory
|
|-weather|Sandstorm|[upkeep]
|-damage|p2a: Milotic|59/100|[from] Sandstorm
|-heal|p2a: Milotic|65/100|[from] item: Leftovers
|-heal|p1a: Skarmory|64/100 par|[from] item: Leftovers
|upkeep
|turn|15
|
|t:|1729982100
|move|p2a: Milotic|Recover|p2a: Milotic
|-heal|p2a: Milotic|100/100
|move|p1a: Skarmory|Roar|p2a: Milotic
|drag|p2a: Charizard|Charizard, F|100/100
|
|-weather|Sandstorm|[upkeep]
|-damage|p2a: Charizard|94/100|[from] Sandstorm
|-heal|p2a: Charizard|100/100|[from] item: Leftovers
|-heal|p1a: Skarmory|70/100 par|[from] item: Leftovers
|upkeep
|turn|16
|
|t:|1729982108
|move|p2a: Charizard|Flamethrower|p1a: Skarmory
|-supereffective|p1a: Skarmory
|-damage|p1a: Skarmory|0 fnt
|faint|p1a: Skarmory
|
|t:|1729982109
|switch|p1a: Jolteon|Jolteon, M|21/100
|
|-weather|Sandstorm|[upkeep]
|-damage|p1a: Jolteon|15/100|[from] Sandstorm
|-damage|p2a: Charizard|94/100|[from] Sandstorm
|-heal|p1a: Jolteon|21/100|[from] item: Leftovers
|-heal|p2a: Charizard|100/100|[from] item: Leftovers
|upkeep
|turn|17
|
|t:|1729982113
|switch|p2a: Blissey|Blissey, F|100/100
|-damage|p2a: Blissey|75/100|[from] Spikes
|move|p1a: Jolteon|Baton Pass|p1a: Jolteon
|
|t:|1729982120
|switch|p1a: Dugtrio|Dugtrio, F|100/100|[from] Baton Pass
|
|-weather|Sandstorm|[upkeep]
|-damage|p2a: Blissey|69/100|[from] Sandstorm
|-heal|p2a: Blissey|75/100|[from] item: Leftovers
|upkeep
|turn|18
|
|t:|1729982123
|move|p1a: Dugtrio|Beat Up|p2a: Blissey
|-damage|p2a: Blissey|66/100
|-damage|p2a: Blissey|55/100
|-damage|p2a: Blissey|42/100
|-damage|p2a: Blissey|34/100
|-damage|p2a: Blissey|20/100
|-hitcount|p2a: Blissey|5
|move|p2a: Blissey|Ice Beam|p1a: Dugtrio
|-supereffective|p1a: Dugtrio
|-damage|p1a: Dugtrio|16/100
|
|-weather|Sandstorm|[upkeep]
|-damage|p2a: Blissey|14/100|[from] Sandstorm
|-heal|p2a: Blissey|20/100|[from] item: Leftovers
|upkeep
|turn|19
|
|t:|1729982125
|move|p1a: Dugtrio|Beat Up|p2a: Blissey
|-damage|p2a: Blissey|11/100
|-damage|p2a: Blissey|0 fnt
|-hitcount|p2a: Blissey|2
|faint|p2a: Blissey
|
|t:|1729982133
|switch|p2a: Charizard|Charizard, F|100/100
|
|-weather|Sandstorm|[upkeep]
|-damage|p2a: Charizard|94/100|[from] Sandstorm
|-heal|p2a: Charizard|100/100|[from] item: Leftovers
|upkeep
|turn|20
|
|t:|1729982137
|switch|p1a: Moltres|Moltres|84/100
|move|p2a: Charizard|Flamethrower|p1a: Moltres
|-resisted|p1a: Moltres
|-damage|p1a: Moltres|58/100
|
|-weather|Sandstorm|[upkeep]
|-damage|p2a: Charizard|94/100|[from] Sandstorm
|-damage|p1a: Moltres|52/100|[from] Sandstorm
|-heal|p2a: Charizard|100/100|[from] item: Leftovers
|-heal|p1a: Moltres|58/100|[from] item: Leftovers
|upkeep
|turn|21
|
|t:|1729982140
|move|p2a: Charizard|Dragon Claw|p1a: Moltres
|-damage|p1a: Moltres|28/100
|move|p1a: Moltres|Toxic|p2a: Charizard
|-status|p2a: Charizard|tox
|
|-weather|Sandstorm|[upkeep]
|-damage|p2a: Charizard|94/100 tox|[from] Sandstorm
|-damage|p1a: Moltres|22/100|[from] Sandstorm
|-heal|p2a: Charizard|100/100 tox|[from] item: Leftovers
|-damage|p2a: Charizard|94/100 tox|[from] psn
|-heal|p1a: Moltres|28/100|[from] item: Leftovers
|upkeep
|turn|22
|
|t:|1729982151
|switch|p1a: Swampert|Swampert, F|99/100
|move|p2a: Charizard|Dragon Claw|p1a: Swampert
|-damage|p1a: Swampert|77/100
|
|-weather|Sandstorm|[upkeep]
|-damage|p2a: Charizard|88/100 tox|[from] Sandstorm
|-heal|p2a: Charizard|94/100 tox|[from] item: Leftovers
|-damage|p2a: Charizard|82/100 tox|[from] psn
|-heal|p1a: Swampert|83/100|[from] item: Leftovers
|upkeep
|turn|23
|
|t:|1729982154
|switch|p2a: Milotic|Milotic, M|100/100
|-damage|p2a: Milotic|76/100|[from] Spikes
|move|p1a: Swampert|Surf|p2a: Milotic
|-resisted|p2a: Milotic
|-damage|p2a: Milotic|66/100
|
|-weather|Sandstorm|[upkeep]
|-damage|p2a: Milotic|60/100|[from] Sandstorm
|-heal|p2a: Milotic|66/100|[from] item: Leftovers
|-heal|p1a: Swampert|89/100|[from] item: Leftovers
|upkeep
|turn|24
|
|t:|1729982157
|move|p2a: Milotic|Hypnosis|p1a: Swampert
|-status|p1a: Swampert|slp|[from] move: Hypnosis
|cant|p1a: Swampert|slp
|
|-weather|Sandstorm|[upkeep]
|-damage|p2a: Milotic|60/100|[from] Sandstorm
|-heal|p2a: Milotic|66/100|[from] item: Leftovers
|-heal|p1a: Swampert|96/100 slp|[from] item: Leftovers
|upkeep
|turn|25
|
|t:|1729982164
|move|p2a: Milotic|Recover|p2a: Milotic
|-heal|p2a: Milotic|100/100
|cant|p1a: Swampert|slp
|
|-weather|Sandstorm|[upkeep]
|-damage|p2a: Milotic|94/100|[from] Sandstorm
|-heal|p2a: Milotic|100/100|[from] item: Leftovers
|-heal|p1a: Swampert|100/100 slp|[from] item: Leftovers
|upkeep
|turn|26
|
|t:|1729982166
|move|p2a: Milotic|Hydro Pump|p1a: Swampert
|-damage|p1a: Swampert|55/100 slp
|-curestatus|p1a: Swampert|slp|[msg]
|move|p1a: Swampert|Earthquake|p2a: Milotic
|-damage|p2a: Milotic|64/100
|
|-weather|Sandstorm|[upkeep]
|-damage|p2a: Milotic|58/100|[from] Sandstorm
|-heal|p2a: Milotic|64/100|[from] item: Leftovers
|-heal|p1a: Swampert|62/100|[from] item: Leftovers
|upkeep
|turn|27
|
|t:|1729982169
|move|p2a: Milotic|Hypnosis|p1a: Swampert
|-status|p1a: Swampert|slp|[from] move: Hypnosis
|cant|p1a: Swampert|slp
|
|-weather|Sandstorm|[upkeep]
|-damage|p2a: Milotic|58/100|[from] Sandstorm
|-heal|p2a: Milotic|64/100|[from] item: Leftovers
|-heal|p1a: Swampert|68/100 slp|[from] item: Leftovers
|upkeep
|turn|28
|
|t:|1729982172
|move|p2a: Milotic|Hydro Pump|p1a: Swampert
|-damage|p1a: Swampert|23/100 slp
|cant|p1a: Swampert|slp
|
|-weather|Sandstorm|[upkeep]
|-damage|p2a: Milotic|58/100|[from] Sandstorm
|-heal|p2a: Milotic|64/100|[from] item: Leftovers
|-heal|p1a: Swampert|29/100 slp|[from] item: Leftovers
|upkeep
|turn|29
|
|t:|1729982174
|move|p2a: Milotic|Recover|p2a: Milotic
|-heal|p2a: Milotic|100/100
|cant|p1a: Swampert|slp
|
|-weather|Sandstorm|[upkeep]
|-damage|p2a: Milotic|94/100|[from] Sandstorm
|-heal|p2a: Milotic|100/100|[from] item: Leftovers
|-heal|p1a: Swampert|36/100 slp|[from] item: Leftovers
|upkeep
|turn|30
|
|t:|1729982176
|move|p2a: Milotic|Hydro Pump|p1a: Swampert
|-damage|p1a: Swampert|0 fnt
|faint|p1a: Swampert
|
|t:|1729982183
|switch|p1a: Jolteon|Jolteon, M|21/100
|
|-weather|Sandstorm|[upkeep]
|-damage|p1a: Jolteon|15/100|[from] Sandstorm
|-damage|p2a: Milotic|94/100|[from] Sandstorm
|-heal|p1a: Jolteon|21/100|[from] item: Leftovers
|-heal|p2a: Milotic|100/100|[from] item: Leftovers
|upkeep
|turn|31
|
|t:|1729982192
|move|p1a: Jolteon|Thunderbolt|p2a: Milotic
|-supereffective|p2a: Milotic
|-damage|p2a: Milotic|40/100
|move|p2a: Milotic|Ice Beam|p1a: Jolteon
|-damage|p1a: Jolteon|0 fnt
|faint|p1a: Jolteon
|inactive|kingofironfrisk has 270 seconds left.
|
|t:|1729982250
|switch|p1a: Dugtrio|Dugtrio, F|16/100
|
|-weather|Sandstorm|[upkeep]
|-damage|p2a: Milotic|34/100|[from] Sandstorm
|-heal|p2a: Milotic|40/100|[from] item: Leftovers
|upkeep
|turn|32
|
|t:|1729982255
|move|p1a: Dugtrio|Earthquake|p2a: Milotic
|-crit|p2a: Milotic
|-damage|p2a: Milotic|0 fnt
|faint|p2a: Milotic
|
|t:|1729982258
|switch|p2a: Charizard|Charizard, F|82/100 tox
|
|-weather|Sandstorm|[upkeep]
|-damage|p2a: Charizard|76/100 tox|[from] Sandstorm
|-heal|p2a: Charizard|82/100 tox|[from] item: Leftovers
|-damage|p2a: Charizard|76/100 tox|[from] psn
|upkeep
|turn|33
|
|t:|1729982261
|move|p1a: Dugtrio|Earthquake|p2a: Charizard
|-immune|p2a: Charizard
|move|p2a: Charizard|Dragon Claw|p1a: Dugtrio
|-damage|p1a: Dugtrio|0 fnt
|faint|p1a: Dugtrio
|inactive|kingofironfrisk has 270 seconds left.
|
|t:|1729982269
|switch|p1a: Aerodactyl|Aerodactyl, M|100/100
|
|-weather|Sandstorm|[upkeep]
|-damage|p2a: Charizard|70/100 tox|[from] Sandstorm
|-heal|p2a: Charizard|76/100 tox|[from] item: Leftovers
|-damage|p2a: Charizard|64/100 tox|[from] psn
|upkeep
|turn|34
|
|t:|1729982277
|move|p1a: Aerodactyl|Double-Edge|p2a: Charizard
|-damage|p2a: Charizard|0 fnt
|faint|p2a: Charizard
|
|t:|1729982288
|switch|p2a: Tyranitar|Tyranitar, M|82/100
|-damage|p2a: Tyranitar|57/100|[from] Spikes
|
|-weather|Sandstorm|[upkeep]
|-heal|p2a: Tyranitar|63/100|[from] item: Leftovers
|upkeep
|turn|35
|
|t:|1729982291
|switch|p1a: Moltres|Moltres|28/100
|move|p2a: Tyranitar|Dragon Dance|p2a: Tyranitar
|-boost|p2a: Tyranitar|atk|1
|-boost|p2a: Tyranitar|spe|1
|
|-weather|Sandstorm|[upkeep]
|-damage|p1a: Moltres|22/100|[from] Sandstorm
|-heal|p2a: Tyranitar|69/100|[from] item: Leftovers
|-heal|p1a: Moltres|28/100|[from] item: Leftovers
|upkeep
|turn|36
|
|t:|1729982298
|move|p2a: Tyranitar|Rock Slide|p1a: Moltres
|-supereffective|p1a: Moltres
|-damage|p1a: Moltres|0 fnt
|faint|p1a: Moltres
|
|t:|1729982300
|switch|p1a: Aerodactyl|Aerodactyl, M|100/100
|
|-weather|Sandstorm|[upkeep]
|-heal|p2a: Tyranitar|76/100|[from] item: Leftovers
|upkeep
|turn|37
|
|t:|1729982302
|move|p1a: Aerodactyl|Earthquake|p2a: Tyranitar
|-supereffective|p2a: Tyranitar
|-damage|p2a: Tyranitar|7/100
|move|p2a: Tyranitar|Rock Slide|p1a: Aerodactyl
|-supereffective|p1a: Aerodactyl
|-damage|p1a: Aerodactyl|0 fnt
|faint|p1a: Aerodactyl
|
|win|donk27
|c|☆donk27|gg wp
|c|☆kingofironfrisk|ggs

</script>
<script type="application/json" class="data" id="replaydata-smogtours-gen3ou-802339">
{"id":"smogtours-gen3ou-802339","format":"[Gen 3] OU","players":["kingofironfrisk","donk27"],"uploadtime":1729982302,"views":101,"formatid":"gen3ou","rating":null,"private":0,"password":null}
</script>

<script defer src="js/replays.js?9d40a366"></script>
