<!DOCTYPE html>
<meta charset="utf-8" />
<meta name="viewport" content="width=device-width" />

<title>[Gen 3] OU: Janis105 vs. Axselo - Replays - Pok&eacute;mon Showdown!</title>

<meta name="description" content="Watch a replay of a Pok&eacute;mon battle between Janis105 and Axselo! Format: [Gen 3] OU; Date: Oct 18, 2024" />
<!--

Hey, you! Looking in the source for the replay log?

You can find them in JSON format, just add `.json` at the end of a replay URL.

https://replay.pokemonshowdown.com/gen7randomdoublesbattle-865046831.json

Or, if you only need the log itself, add `.log` instead:

https://replay.pokemonshowdown.com/gen7randomdoublesbattle-865046831.log

-->

<link rel="stylesheet" href="//pokemonshowdown.com/style/global.css?0.023195364461161105" />
<link rel="stylesheet" href="//play.pokemonshowdown.com/style/font-awesome.css?0.13261647063804238" />
<link rel="stylesheet" href="//play.pokemonshowdown.com/style/battle.css?0.8753245789963631" />
<link rel="stylesheet" href="//play.pokemonshowdown.com/style/utilichart.css?0.8627959624976733" />

<!-- Global site tag (gtag.js) - Google Analytics -->
<script async src="https://www.googletagmanager.com/gtag/js?id=UA-26211653-1"></script>
<script>
  window.dataLayer = window.dataLayer || [];
  function gtag(){dataLayer.push(arguments);}
  gtag('js', new Date());

  gtag('config', 'UA-26211653-1');
</script>
<!-- End Google Analytics -->
<!-- Venatus Ad Manager - Install in <HEAD> of page -->
	<script src="https://hb.vntsm.com/v3/live/ad-manager.min.js" type="text/javascript" data-site-id="642aba63ec9a7b11c3c9c1be" data-mode="scan" async></script>
<!-- / Venatus Ad Manager -->

<style>
	@media (max-width:820px) {
		.battle {
			margin: 0 auto;
		}
		.battle-log {
			margin: 7px auto 0;
			max-width: 640px;
			height: 300px;
			position: static;
		}
	}
	.optgroup {
		display: inline-block;
		line-height: 22px;
		font-size: 10pt;
	}
	.optgroup .button {
		height: 25px;
		padding-top: 0;
		padding-bottom: 0;
	}
	.optgroup button.button {
		padding-left: 12px;
		padding-right: 12px;
	}
	.linklist {
		list-style: none;
		margin: 0.5em 0;
		padding: 0;
	}
	.linklist li {
		padding: 2px 0;
	}
	.sidebar {
		float: left;
		width: 320px;
	}
	.bar-wrapper {
		max-width: 1100px;
		margin: 0 auto;
	}
	.bar-wrapper.has-sidebar {
		max-width: 1430px;
	}
	.mainbar {
		margin: 0;
		padding-right: 1px;
	}
	.mainbar.has-sidebar {
		margin-left: 330px;
	}
	@media (min-width: 1511px) {
		.sidebar {
			width: 400px;
		}
		.bar-wrapper.has-sidebar {
			max-width: 1510px;
		}
		.mainbar.has-sidebar {
			margin-left: 410px;
		}
	}
	.section.first-section {
		margin-top: 9px;
	}
	.blocklink small {
		white-space: normal;
	}
	.button {
		vertical-align: middle;
	}
	.replay-controls {
		padding-top: 10px;
	}
	.replay-controls h1 {
		font-size: 16pt;
		font-weight: normal;
		color: #CCC;
	}
	.pagelink {
		text-align: center;
	}
	.pagelink a {
		width: 150px;
	}
	.textbox, .button {
		font-size: 11pt;
		vertical-align: middle;
	}
	@media (max-width: 450px) {
		.button {
			font-size: 9pt;
		}
	}
</style>

<div>

	<header>
		<div class="nav-wrapper"><ul class="nav">
			<li><a class="button nav-first" href="//pokemonshowdown.com/"><img src="//pokemonshowdown.com/images/pokemonshowdownbeta.png" srcset="//pokemonshowdown.com/images/pokemonshowdownbeta.png 1x, //pokemonshowdown.com/images/pokemonshowdownbeta@2x.png 2x" alt="Pok&eacute;mon Showdown" width="146" height="44" /> Home</a></li>
			<li><a class="button" href="//pokemonshowdown.com/dex/">Pok&eacute;dex</a></li>
			<li><a class="button cur" href="/">Replays</a></li>
			<li><a class="button" href="//pokemonshowdown.com/ladder/">Ladder</a></li>
			<li><a class="button nav-last" href="//pokemonshowdown.com/forums/">Forum</a></li>
			<li><a class="button greenbutton nav-first nav-last" href="//play.pokemonshowdown.com/">Play</a></li>
		</ul></div>
	</header>

	<div class="main" id="main">

		<noscript><section class="section">You need to enable JavaScript to use this page; sorry!</section></noscript>

	</div>

</div>

<script defer nomodule src="//play.pokemonshowdown.com/js/lib/ps-polyfill.js"></script>
<script defer src="//play.pokemonshowdown.com/js/lib/preact.min.js"></script>

<script defer src="//play.pokemonshowdown.com/config/config.js?2bddbc15"></script>
<script defer src="//play.pokemonshowdown.com/js/lib/jquery-1.11.0.min.js"></script>
<script defer src="//play.pokemonshowdown.com/js/lib/html-sanitizer-minified.js"></script>
<script defer src="//play.pokemonshowdown.com/js/battle-sound.js"></script>
<script defer src="//play.pokemonshowdown.com/js/battledata.js?0.7209276989879541"></script>
<script defer src="//play.pokemonshowdown.com/data/pokedex-mini.js?0.6111056340867951"></script>
<script defer src="//play.pokemonshowdown.com/data/pokedex-mini-bw.js?0.3532142036491459"></script>
<script defer src="//play.pokemonshowdown.com/data/graphics.js?0.24223875632456182"></script>
<script defer src="//play.pokemonshowdown.com/data/pokedex.js?0.38839984266356864"></script>
<script defer src="//play.pokemonshowdown.com/data/moves.js?0.21866028504024015"></script>
<script defer src="//play.pokemonshowdown.com/data/abilities.js?0.2005157953846628"></script>
<script defer src="//play.pokemonshowdown.com/data/items.js?0.9894211263848525"></script>
<script defer src="//play.pokemonshowdown.com/data/teambuilder-tables.js?0.6008791140282215"></script>
<script defer src="//play.pokemonshowdown.com/js/battle-tooltips.js?0.7580118955022959"></script>
<script defer src="//play.pokemonshowdown.com/js/battle.js?0.6057722274234274"></script>

<script defer src="js/utils.js?e31f9a17"></script>
<script defer src="js/replays-battle.js?7008c182"></script>

<!-- don't scrape this data! just add .json or .log after the URL!
Full API docs: https://github.com/smogon/pokemon-showdown-client/blob/master/WEB-API.md -->
<script type="text/plain" class="log" id="replaylog-smogtours-gen3ou-799483">
|inactive|Battle timer is ON: inactive players will automatically lose when time's up.
|t:|1729253216
|gametype|singles
|player|p1|Janis105|265|
|player|p2|Axselo|266|
|teamsize|p1|6
|teamsize|p2|6
|gen|3
|tier|[Gen 3] OU
|rule|Sleep Clause Mod: Limit one foe put to sleep
|rule|Switch Priority Clause Mod: Faster Pokémon switch first
|rule|Species Clause: Limit one of each Pokémon
|rule|OHKO Clause: OHKO moves are banned
|rule|Evasion Items Clause: Evasion items are banned
|rule|Evasion Moves Clause: Evasion moves are banned
|rule|Endless Battle Clause: Forcing endless battles is banned
|rule|HP Percentage Mod: HP is shown in percentages
|rule|One Boost Passer Clause: Limit one Baton Passer that has a way to boost its stats
|rule|Freeze Clause Mod: Limit one foe frozen
|
|t:|1729253216
|start
|switch|p1a: Jirachi|Jirachi|100/100
|switch|p2a: Omastar|Omastar, M|100/100
|turn|1
|inactive|Janis105 has 270 seconds left.
|c|☆Janis105|glhf
|inactive|Janis105 has 240 seconds left.
|
|t:|1729253290
|move|p1a: Jirachi|Hidden Power|p2a: Omastar
|-supereffective|p2a: Omastar
|-damage|p2a: Omastar|0 fnt
|faint|p2a: Omastar
|
|t:|1729253305
|switch|p2a: Metagross|Metagross|100/100
|
|upkeep
|turn|2
|
|t:|1729253313
|switch|p1a: Skarmory|Skarmory, M|100/100
|move|p2a: Metagross|Hidden Power|p1a: Skarmory
|-supereffective|p1a: Skarmory
|-damage|p1a: Skarmory|58/100
|
|-heal|p1a: Skarmory|64/100|[from] item: Leftovers
|upkeep
|turn|3
|
|t:|1729253318
|move|p1a: Skarmory|Protect|p1a: Skarmory
|-singleturn|p1a: Skarmory|Protect
|move|p2a: Metagross|Hidden Power|p1a: Skarmory
|-activate|p1a: Skarmory|Protect
|
|-heal|p1a: Skarmory|70/100|[from] item: Leftovers
|upkeep
|turn|4
|inactive|Janis105 has 270 seconds left.
|
|t:|1729253351
|switch|p1a: Charizard|Charizard, M|100/100
|move|p2a: Metagross|Meteor Mash|p1a: Charizard|[miss]
|-miss|p2a: Metagross|p1a: Charizard
|
|upkeep
|turn|5
|
|t:|1729253361
|switch|p2a: Flygon|Flygon, F|100/100
|move|p1a: Charizard|Fire Blast|p2a: Flygon
|-resisted|p2a: Flygon
|-damage|p2a: Flygon|57/100
|
|-heal|p2a: Flygon|64/100|[from] item: Leftovers
|upkeep
|turn|6
|
|t:|1729253372
|move|p2a: Flygon|Rock Slide|p1a: Charizard
|-supereffective|p1a: Charizard
|-damage|p1a: Charizard|0 fnt
|faint|p1a: Charizard
|inactive|Janis105 has 270 seconds left.
|
|t:|1729253388
|switch|p1a: Flygon|Flygon, F|100/100
|
|-heal|p2a: Flygon|70/100|[from] item: Leftovers
|upkeep
|turn|7
|
|t:|1729253394
|move|p1a: Flygon|Substitute|p1a: Flygon
|-start|p1a: Flygon|Substitute
|-damage|p1a: Flygon|76/100
|move|p2a: Flygon|Toxic|p1a: Flygon|[miss]
|-miss|p2a: Flygon|p1a: Flygon
|
|-heal|p1a: Flygon|82/100|[from] item: Leftovers
|-heal|p2a: Flygon|76/100|[from] item: Leftovers
|upkeep
|turn|8
|
|t:|1729253413
|switch|p2a: Misdreavus|Misdreavus, M|100/100
|move|p1a: Flygon|Hidden Power|p2a: Misdreavus
|-resisted|p2a: Misdreavus
|-damage|p2a: Misdreavus|80/100
|
|-heal|p1a: Flygon|88/100|[from] item: Leftovers
|-heal|p2a: Misdreavus|86/100|[from] item: Leftovers
|upkeep
|turn|9
|
|t:|1729253424
|switch|p1a: Tyranitar|Tyranitar, F|100/100
|-weather|Sandstorm|[from] ability: Sand Stream|[of] p1a: Tyranitar
|move|p2a: Misdreavus|Hidden Power|p1a: Tyranitar
|-damage|p1a: Tyranitar|87/100
|
|-weather|Sandstorm|[upkeep]
|-damage|p2a: Misdreavus|80/100|[from] Sandstorm
|-heal|p2a: Misdreavus|86/100|[from] item: Leftovers
|-heal|p1a: Tyranitar|94/100|[from] item: Leftovers
|upkeep
|turn|10
|
|t:|1729253440
|switch|p2a: Swampert|Swampert, F|100/100
|move|p1a: Tyranitar|Crunch|p2a: Swampert
|-damage|p2a: Swampert|68/100
|
|-weather|Sandstorm|[upkeep]
|-heal|p1a: Tyranitar|99/100|[from] item: Leftovers
|-heal|p2a: Swampert|75/100|[from] item: Leftovers
|upkeep
|turn|11
|inactive|Janis105 has 270 seconds left.
|inactive|Axselo has 270 seconds left.
|
|t:|1729253471
|switch|p1a: Jirachi|Jirachi|100/100
|move|p2a: Swampert|Surf|p1a: Jirachi
|-damage|p1a: Jirachi|69/100
|
|-weather|Sandstorm|[upkeep]
|-heal|p1a: Jirachi|75/100|[from] item: Leftovers
|-heal|p2a: Swampert|81/100|[from] item: Leftovers
|upkeep
|turn|12
|inactive|Janis105 has 270 seconds left.
|
|t:|1729253481
|switch|p2a: Metagross|Metagross|100/100
|move|p1a: Jirachi|Body Slam|p2a: Metagross
|-resisted|p2a: Metagross
|-damage|p2a: Metagross|92/100
|
|-weather|Sandstorm|[upkeep]
|-heal|p1a: Jirachi|81/100|[from] item: Leftovers
|-heal|p2a: Metagross|98/100|[from] item: Leftovers
|upkeep
|turn|13
|inactive|Janis105 has 270 seconds left.
|
|t:|1729253489
|move|p1a: Jirachi|Body Slam|p2a: Metagross
|-resisted|p2a: Metagross
|-damage|p2a: Metagross|89/100
|move|p2a: Metagross|Hidden Power|p1a: Jirachi
|-supereffective|p1a: Jirachi
|-damage|p1a: Jirachi|40/100
|
|-weather|Sandstorm|[upkeep]
|-heal|p1a: Jirachi|46/100|[from] item: Leftovers
|-heal|p2a: Metagross|95/100|[from] item: Leftovers
|upkeep
|turn|14
|inactive|Janis105 has 270 seconds left.
|
|t:|1729253517
|switch|p1a: Flygon|Flygon, F|88/100
|move|p2a: Metagross|Meteor Mash|p1a: Flygon
|-damage|p1a: Flygon|24/100
|-boost|p2a: Metagross|atk|1
|
|-weather|Sandstorm|[upkeep]
|-heal|p1a: Flygon|30/100|[from] item: Leftovers
|-heal|p2a: Metagross|100/100|[from] item: Leftovers
|upkeep
|turn|15
|
|t:|1729253532
|switch|p2a: Aerodactyl|Aerodactyl, M|100/100
|move|p1a: Flygon|Substitute|p1a: Flygon
|-start|p1a: Flygon|Substitute
|-damage|p1a: Flygon|5/100
|
|-weather|Sandstorm|[upkeep]
|-heal|p1a: Flygon|11/100|[from] item: Leftovers
|upkeep
|turn|16
|inactive|Axselo has 270 seconds left.
|
|t:|1729253563
|switch|p2a: Swampert|Swampert, F|81/100
|move|p1a: Flygon|Rock Slide|p2a: Swampert
|-resisted|p2a: Swampert
|-damage|p2a: Swampert|72/100
|
|-weather|Sandstorm|[upkeep]
|-heal|p1a: Flygon|17/100|[from] item: Leftovers
|-heal|p2a: Swampert|78/100|[from] item: Leftovers
|upkeep
|turn|17
|
|t:|1729253568
|move|p1a: Flygon|Earthquake|p2a: Swampert
|-damage|p2a: Swampert|46/100
|move|p2a: Swampert|Roar|p1a: Flygon
|drag|p1a: Skarmory|Skarmory, M|70/100
|
|-weather|Sandstorm|[upkeep]
|-heal|p1a: Skarmory|76/100|[from] item: Leftovers
|-heal|p2a: Swampert|52/100|[from] item: Leftovers
|upkeep
|turn|18
|inactive|Axselo has 270 seconds left.
|
|t:|1729253579
|switch|p2a: Metagross|Metagross|100/100
|move|p1a: Skarmory|Spikes|p2a: Metagross
|-sidestart|p2: Axselo|Spikes
|
|-weather|Sandstorm|[upkeep]
|-heal|p1a: Skarmory|82/100|[from] item: Leftovers
|upkeep
|turn|19
|
|t:|1729253583
|move|p1a: Skarmory|Protect|p1a: Skarmory
|-singleturn|p1a: Skarmory|Protect
|move|p2a: Metagross|Hidden Power|p1a: Skarmory
|-activate|p1a: Skarmory|Protect
|
|-weather|Sandstorm|[upkeep]
|-heal|p1a: Skarmory|88/100|[from] item: Leftovers
|upkeep
|turn|20
|
|t:|1729253587
|move|p1a: Skarmory|Spikes|p2a: Metagross
|-sidestart|p2: Axselo|Spikes
|move|p2a: Metagross|Hidden Power|p1a: Skarmory
|-supereffective|p1a: Skarmory
|-damage|p1a: Skarmory|50/100
|
|-weather|Sandstorm|[upkeep]
|-heal|p1a: Skarmory|56/100|[from] item: Leftovers
|upkeep
|turn|21
|
|t:|1729253592
|move|p1a: Skarmory|Spikes|p2a: Metagross
|-sidestart|p2: Axselo|Spikes
|move|p2a: Metagross|Hidden Power|p1a: Skarmory
|-supereffective|p1a: Skarmory
|-damage|p1a: Skarmory|14/100
|
|-weather|Sandstorm|[upkeep]
|-heal|p1a: Skarmory|20/100|[from] item: Leftovers
|upkeep
|turn|22
|
|t:|1729253597
|move|p1a: Skarmory|Protect|p1a: Skarmory
|-singleturn|p1a: Skarmory|Protect
|move|p2a: Metagross|Hidden Power|p1a: Skarmory
|-activate|p1a: Skarmory|Protect
|
|-weather|Sandstorm|[upkeep]
|-heal|p1a: Skarmory|26/100|[from] item: Leftovers
|upkeep
|turn|23
|
|t:|1729253601
|move|p2a: Metagross|Hidden Power|p1a: Skarmory
|-supereffective|p1a: Skarmory
|-damage|p1a: Skarmory|0 fnt
|faint|p1a: Skarmory
|
|t:|1729253603
|switch|p1a: Magneton|Magneton|100/100
|
|-weather|Sandstorm|[upkeep]
|upkeep
|turn|24
|
|t:|1729253614
|move|p1a: Magneton|Thunderbolt|p2a: Metagross
|-damage|p2a: Metagross|40/100
|move|p2a: Metagross|Explosion|p1a: Magneton
|-resisted|p1a: Magneton
|-damage|p1a: Magneton|0 fnt
|faint|p2a: Metagross
|faint|p1a: Magneton
|inactive|Axselo has 270 seconds left.
|
|t:|1729253650
|switch|p1a: Jirachi|Jirachi|46/100
|switch|p2a: Misdreavus|Misdreavus, M|86/100
|
|-weather|Sandstorm|[upkeep]
|-damage|p2a: Misdreavus|80/100|[from] Sandstorm
|-heal|p1a: Jirachi|52/100|[from] item: Leftovers
|-heal|p2a: Misdreavus|86/100|[from] item: Leftovers
|upkeep
|turn|25
|inactive|Axselo has 270 seconds left.
|
|t:|1729253661
|switch|p1a: Tyranitar|Tyranitar, F|99/100
|move|p2a: Misdreavus|Calm Mind|p2a: Misdreavus
|-boost|p2a: Misdreavus|spa|1
|-boost|p2a: Misdreavus|spd|1
|
|-weather|Sandstorm|[upkeep]
|-damage|p2a: Misdreavus|80/100|[from] Sandstorm
|-heal|p2a: Misdreavus|86/100|[from] item: Leftovers
|-heal|p1a: Tyranitar|100/100|[from] item: Leftovers
|upkeep
|turn|26
|inactive|Axselo has 270 seconds left.
|
|t:|1729253674
|move|p2a: Misdreavus|Thunderbolt|p1a: Tyranitar
|-damage|p1a: Tyranitar|75/100
|move|p1a: Tyranitar|Crunch|p2a: Misdreavus
|-supereffective|p2a: Misdreavus
|-damage|p2a: Misdreavus|37/100
|
|-weather|Sandstorm|[upkeep]
|-damage|p2a: Misdreavus|31/100|[from] Sandstorm
|-heal|p2a: Misdreavus|37/100|[from] item: Leftovers
|-heal|p1a: Tyranitar|81/100|[from] item: Leftovers
|upkeep
|turn|27
|
|t:|1729253680
|switch|p1a: Flygon|Flygon, F|17/100
|move|p2a: Misdreavus|Pain Split|p1a: Flygon
|-sethp|p1a: Flygon|24/100|[from] move: Pain Split|[silent]
|-sethp|p2a: Misdreavus|28/100|[from] move: Pain Split
|
|-weather|Sandstorm|[upkeep]
|-damage|p2a: Misdreavus|22/100|[from] Sandstorm
|-heal|p1a: Flygon|30/100|[from] item: Leftovers
|-heal|p2a: Misdreavus|28/100|[from] item: Leftovers
|upkeep
|turn|28
|
|t:|1729253688
|move|p1a: Flygon|Rock Slide|p2a: Misdreavus
|-damage|p2a: Misdreavus|0 fnt
|faint|p2a: Misdreavus
|
|t:|1729253690
|switch|p2a: Aerodactyl|Aerodactyl, M|100/100
|
|-weather|Sandstorm|[upkeep]
|-heal|p1a: Flygon|36/100|[from] item: Leftovers
|upkeep
|turn|29
|
|t:|1729253699
|move|p2a: Aerodactyl|Double-Edge|p1a: Flygon
|-damage|p1a: Flygon|0 fnt
|faint|p1a: Flygon
|
|t:|1729253702
|switch|p1a: Tyranitar|Tyranitar, F|81/100
|
|-weather|Sandstorm|[upkeep]
|-heal|p1a: Tyranitar|87/100|[from] item: Leftovers
|upkeep
|turn|30
|
|t:|1729253710
|-activate|p2a: Aerodactyl|move: Pursuit
|move|p1a: Tyranitar|Pursuit|p2a: Aerodactyl|[from]Pursuit
|-damage|p2a: Aerodactyl|42/100
|switch|p2a: Swampert|Swampert, F|52/100
|-damage|p2a: Swampert|27/100|[from] Spikes
|
|-weather|Sandstorm|[upkeep]
|-heal|p1a: Tyranitar|93/100|[from] item: Leftovers
|-heal|p2a: Swampert|33/100|[from] item: Leftovers
|upkeep
|turn|31
|
|t:|1729253733
|move|p1a: Tyranitar|Crunch|p2a: Swampert
|-crit|p2a: Swampert
|-damage|p2a: Swampert|0 fnt
|faint|p2a: Swampert
|
|t:|1729253739
|switch|p2a: Flygon|Flygon, F|76/100
|
|-weather|Sandstorm|[upkeep]
|-heal|p2a: Flygon|82/100|[from] item: Leftovers
|-heal|p1a: Tyranitar|99/100|[from] item: Leftovers
|upkeep
|turn|32
|
|t:|1729253761
|switch|p1a: Jirachi|Jirachi|52/100
|move|p2a: Flygon|Earthquake|p1a: Jirachi
|-supereffective|p1a: Jirachi
|-damage|p1a: Jirachi|0 fnt
|faint|p1a: Jirachi
|
|t:|1729253764
|switch|p1a: Tyranitar|Tyranitar, F|99/100
|
|-weather|Sandstorm|[upkeep]
|-heal|p2a: Flygon|88/100|[from] item: Leftovers
|-heal|p1a: Tyranitar|100/100|[from] item: Leftovers
|upkeep
|turn|33
|
|t:|1729253765
|move|p2a: Flygon|Earthquake|p1a: Tyranitar
|-supereffective|p1a: Tyranitar
|-damage|p1a: Tyranitar|45/100
|move|p1a: Tyranitar|Crunch|p2a: Flygon
|-damage|p2a: Flygon|33/100
|-unboost|p2a: Flygon|spd|1
|
|-weather|Sandstorm|[upkeep]
|-heal|p2a: Flygon|39/100|[from] item: Leftovers
|-heal|p1a: Tyranitar|51/100|[from] item: Leftovers
|upkeep
|turn|34
|
|t:|1729253772
|move|p2a: Flygon|Earthquake|p1a: Tyranitar
|-supereffective|p1a: Tyranitar
|-damage|p1a: Tyranitar|0 fnt
|faint|p1a: Tyranitar
|
|win|Axselo
|c|☆Axselo|gg
|c|☆Janis105|gg

</script>
<script type="application/json" class="data" id="replaydata-smogtours-gen3ou-799483">
{"id":"smogtours-gen3ou-799483","format":"[Gen 3] OU","players":["Janis105","Axselo"],"uploadtime":1729253772,"views":86,"formatid":"gen3ou","rating":null,"private":0,"password":null}
</script>

<script defer src="js/replays.js?9d40a366"></script>
