<!DOCTYPE html>
<meta charset="utf-8" />
<meta name="viewport" content="width=device-width" />

<title>[Gen 3] OU: DancingAlong vs. Xurkiyee - Replays - Pok&eacute;mon Showdown!</title>

<meta name="description" content="Watch a replay of a Pok&eacute;mon battle between DancingAlong and Xurkiyee! Format: [Gen 3] OU; Date: Nov 9, 2024" />
<!--

Hey, you! Looking in the source for the replay log?

You can find them in JSON format, just add `.json` at the end of a replay URL.

https://replay.pokemonshowdown.com/gen7randomdoublesbattle-865046831.json

Or, if you only need the log itself, add `.log` instead:

https://replay.pokemonshowdown.com/gen7randomdoublesbattle-865046831.log

-->

<link rel="stylesheet" href="//pokemonshowdown.com/style/global.css?0.023195364461161105" />
<link rel="stylesheet" href="//play.pokemonshowdown.com/style/font-awesome.css?0.13261647063804238" />
<link rel="stylesheet" href="//play.pokemonshowdown.com/style/battle.css?0.8753245789963631" />
<link rel="stylesheet" href="//play.pokemonshowdown.com/style/utilichart.css?0.8627959624976733" />

<!-- Global site tag (gtag.js) - Google Analytics -->
<script async src="https://www.googletagmanager.com/gtag/js?id=UA-26211653-1"></script>
<script>
  window.dataLayer = window.dataLayer || [];
  function gtag(){dataLayer.push(arguments);}
  gtag('js', new Date());

  gtag('config', 'UA-26211653-1');
</script>
<!-- End Google Analytics -->
<!-- Venatus Ad Manager - Install in <HEAD> of page -->
	<script src="https://hb.vntsm.com/v3/live/ad-manager.min.js" type="text/javascript" data-site-id="642aba63ec9a7b11c3c9c1be" data-mode="scan" async></script>
<!-- / Venatus Ad Manager -->

<style>
	@media (max-width:820px) {
		.battle {
			margin: 0 auto;
		}
		.battle-log {
			margin: 7px auto 0;
			max-width: 640px;
			height: 300px;
			position: static;
		}
	}
	.optgroup {
		display: inline-block;
		line-height: 22px;
		font-size: 10pt;
	}
	.optgroup .button {
		height: 25px;
		padding-top: 0;
		padding-bottom: 0;
	}
	.optgroup button.button {
		padding-left: 12px;
		padding-right: 12px;
	}
	.linklist {
		list-style: none;
		margin: 0.5em 0;
		padding: 0;
	}
	.linklist li {
		padding: 2px 0;
	}
	.sidebar {
		float: left;
		width: 320px;
	}
	.bar-wrapper {
		max-width: 1100px;
		margin: 0 auto;
	}
	.bar-wrapper.has-sidebar {
		max-width: 1430px;
	}
	.mainbar {
		margin: 0;
		padding-right: 1px;
	}
	.mainbar.has-sidebar {
		margin-left: 330px;
	}
	@media (min-width: 1511px) {
		.sidebar {
			width: 400px;
		}
		.bar-wrapper.has-sidebar {
			max-width: 1510px;
		}
		.mainbar.has-sidebar {
			margin-left: 410px;
		}
	}
	.section.first-section {
		margin-top: 9px;
	}
	.blocklink small {
		white-space: normal;
	}
	.button {
		vertical-align: middle;
	}
	.replay-controls {
		padding-top: 10px;
	}
	.replay-controls h1 {
		font-size: 16pt;
		font-weight: normal;
		color: #CCC;
	}
	.pagelink {
		text-align: center;
	}
	.pagelink a {
		width: 150px;
	}
	.textbox, .button {
		font-size: 11pt;
		vertical-align: middle;
	}
	@media (max-width: 450px) {
		.button {
			font-size: 9pt;
		}
	}
</style>

<div>

	<header>
		<div class="nav-wrapper"><ul class="nav">
			<li><a class="button nav-first" href="//pokemonshowdown.com/"><img src="//pokemonshowdown.com/images/pokemonshowdownbeta.png" srcset="//pokemonshowdown.com/images/pokemonshowdownbeta.png 1x, //pokemonshowdown.com/images/pokemonshowdownbeta@2x.png 2x" alt="Pok&eacute;mon Showdown" width="146" height="44" /> Home</a></li>
			<li><a class="button" href="//pokemonshowdown.com/dex/">Pok&eacute;dex</a></li>
			<li><a class="button cur" href="/">Replays</a></li>
			<li><a class="button" href="//pokemonshowdown.com/ladder/">Ladder</a></li>
			<li><a class="button nav-last" href="//pokemonshowdown.com/forums/">Forum</a></li>
			<li><a class="button greenbutton nav-first nav-last" href="//play.pokemonshowdown.com/">Play</a></li>
		</ul></div>
	</header>

	<div class="main" id="main">

		<noscript><section class="section">You need to enable JavaScript to use this page; sorry!</section></noscript>

	</div>

</div>

<script defer nomodule src="//play.pokemonshowdown.com/js/lib/ps-polyfill.js"></script>
<script defer src="//play.pokemonshowdown.com/js/lib/preact.min.js"></script>

<script defer src="//play.pokemonshowdown.com/config/config.js?2bddbc15"></script>
<script defer src="//play.pokemonshowdown.com/js/lib/jquery-1.11.0.min.js"></script>
<script defer src="//play.pokemonshowdown.com/js/lib/html-sanitizer-minified.js"></script>
<script defer src="//play.pokemonshowdown.com/js/battle-sound.js"></script>
<script defer src="//play.pokemonshowdown.com/js/battledata.js?0.7209276989879541"></script>
<script defer src="//play.pokemonshowdown.com/data/pokedex-mini.js?0.6111056340867951"></script>
<script defer src="//play.pokemonshowdown.com/data/pokedex-mini-bw.js?0.3532142036491459"></script>
<script defer src="//play.pokemonshowdown.com/data/graphics.js?0.24223875632456182"></script>
<script defer src="//play.pokemonshowdown.com/data/pokedex.js?0.38839984266356864"></script>
<script defer src="//play.pokemonshowdown.com/data/moves.js?0.21866028504024015"></script>
<script defer src="//play.pokemonshowdown.com/data/abilities.js?0.2005157953846628"></script>
<script defer src="//play.pokemonshowdown.com/data/items.js?0.9894211263848525"></script>
<script defer src="//play.pokemonshowdown.com/data/teambuilder-tables.js?0.6008791140282215"></script>
<script defer src="//play.pokemonshowdown.com/js/battle-tooltips.js?0.7580118955022959"></script>
<script defer src="//play.pokemonshowdown.com/js/battle.js?0.6057722274234274"></script>

<script defer src="js/utils.js?e31f9a17"></script>
<script defer src="js/replays-battle.js?7008c182"></script>

<!-- don't scrape this data! just add .json or .log after the URL!
Full API docs: https://github.com/smogon/pokemon-showdown-client/blob/master/WEB-API.md -->
<script type="text/plain" class="log" id="replaylog-smogtours-gen3ou-805390">
|inactive|Battle timer is ON: inactive players will automatically lose when time's up.
|t:|1731159087
|gametype|singles
|player|p1|DancingAlong|jogger|
|player|p2|Xurkiyee|waiter-gen4|
|teamsize|p1|6
|teamsize|p2|6
|gen|3
|tier|[Gen 3] OU
|rule|Sleep Clause Mod: Limit one foe put to sleep
|rule|Switch Priority Clause Mod: Faster Pokémon switch first
|rule|Species Clause: Limit one of each Pokémon
|rule|OHKO Clause: OHKO moves are banned
|rule|Evasion Items Clause: Evasion items are banned
|rule|Evasion Moves Clause: Evasion moves are banned
|rule|Endless Battle Clause: Forcing endless battles is banned
|rule|HP Percentage Mod: HP is shown in percentages
|rule|One Boost Passer Clause: Limit one Baton Passer that has a way to boost its stats
|rule|Freeze Clause Mod: Limit one foe frozen
|
|t:|1731159087
|start
|switch|p1a: Zabdos|Zapdos|100/100
|switch|p2a: Medicham|Medicham, F|100/100
|turn|1
|c|☆Xurkiyee|hf
|c|☆DancingAlong|glhf
|
|t:|1731159115
|move|p1a: Zabdos|Substitute|p1a: Zabdos
|-start|p1a: Zabdos|Substitute
|-damage|p1a: Zabdos|76/100
|move|p2a: Medicham|Rock Slide|p1a: Zabdos
|-supereffective|p1a: Zabdos
|-end|p1a: Zabdos|Substitute
|
|-heal|p1a: Zabdos|82/100|[from] item: Leftovers
|upkeep
|turn|2
|inactive|Xurkiyee has 270 seconds left.
|
|t:|1731159172
|move|p1a: Zabdos|Baton Pass|p1a: Zabdos
|
|t:|1731159177
|switch|p1a: Bossy|Metagross|100/100|[from] Baton Pass
|move|p2a: Medicham|Rock Slide|p1a: Bossy
|-resisted|p1a: Bossy
|-damage|p1a: Bossy|88/100
|
|-heal|p1a: Bossy|94/100|[from] item: Leftovers
|upkeep
|turn|3
|
|t:|1731159198
|switch|p2a: Swampert|Swampert, M|100/100
|switch|p1a: Barry|Salamence, M|100/100
|-ability|p1a: Barry|Intimidate|boost
|-unboost|p2a: Swampert|atk|1
|
|upkeep
|turn|4
|inactive|Xurkiyee has 270 seconds left.
|
|t:|1731159213
|switch|p1a: Bossy|Metagross|94/100
|move|p2a: Swampert|Protect||[still]
|-fail|p2a: Swampert
|
|-heal|p1a: Bossy|99/100|[from] item: Leftovers
|upkeep
|turn|5
|inactive|Xurkiyee has 270 seconds left.
|
|t:|1731159222
|switch|p1a: Sally|Breloom, F|100/100
|move|p2a: Swampert|Earthquake|p1a: Sally
|-resisted|p1a: Sally
|-damage|p1a: Sally|82/100
|
|-heal|p1a: Sally|88/100|[from] item: Leftovers
|upkeep
|turn|6
|inactive|Xurkiyee has 270 seconds left.
|
|t:|1731159251
|switch|p2a: Cloyster|Cloyster, M|100/100
|move|p1a: Sally|Spore|p2a: Cloyster
|-status|p2a: Cloyster|slp|[from] move: Spore
|
|-heal|p1a: Sally|94/100|[from] item: Leftovers
|upkeep
|turn|7
|
|t:|1731159260
|switch|p2a: Gengar|Gengar, F, shiny|100/100
|move|p1a: Sally|Hidden Power|p2a: Gengar
|-supereffective|p2a: Gengar
|-damage|p2a: Gengar|26/100
|
|-heal|p2a: Gengar|32/100|[from] item: Leftovers
|-heal|p1a: Sally|99/100|[from] item: Leftovers
|upkeep
|turn|8
|
|t:|1731159269
|move|p2a: Gengar|Will-O-Wisp|p1a: Sally
|-status|p1a: Sally|brn
|move|p1a: Sally|Hidden Power|p2a: Gengar
|-supereffective|p2a: Gengar
|-damage|p2a: Gengar|0 fnt
|faint|p2a: Gengar
|
|t:|1731159278
|switch|p2a: Jirachi|Jirachi|100/100
|
|-heal|p1a: Sally|100/100 brn|[from] item: Leftovers
|-damage|p1a: Sally|88/100 brn|[from] brn
|upkeep
|turn|9
|inactive|Xurkiyee has 270 seconds left.
|
|t:|1731159297
|switch|p1a: Terrore|Tyranitar, M|100/100
|-weather|Sandstorm|[from] ability: Sand Stream|[of] p1a: Terrore
|move|p2a: Jirachi|Calm Mind|p2a: Jirachi
|-boost|p2a: Jirachi|spa|1
|-boost|p2a: Jirachi|spd|1
|
|-weather|Sandstorm|[upkeep]
|upkeep
|turn|10
|
|t:|1731159309
|move|p2a: Jirachi|Hidden Power|p1a: Terrore
|-supereffective|p1a: Terrore
|-damage|p1a: Terrore|36/100
|move|p1a: Terrore|Dragon Dance|p1a: Terrore
|-boost|p1a: Terrore|atk|1
|-boost|p1a: Terrore|spe|1
|
|-weather|Sandstorm|[upkeep]
|-heal|p1a: Terrore|43/100|[from] item: Leftovers
|upkeep
|turn|11
|inactive|Xurkiyee has 270 seconds left.
|inactive|Xurkiyee has 240 seconds left.
|
|t:|1731159367
|switch|p2a: Swampert|Swampert, M|100/100
|move|p1a: Terrore|Earthquake|p2a: Swampert
|-damage|p2a: Swampert|63/100
|
|-weather|Sandstorm|[upkeep]
|-heal|p1a: Terrore|49/100|[from] item: Leftovers
|-heal|p2a: Swampert|69/100|[from] item: Leftovers
|upkeep
|turn|12
|inactive|DancingAlong has 270 seconds left.
|inactive|DancingAlong has 240 seconds left.
|inactive|Xurkiyee has 210 seconds left.
|
|t:|1731159447
|move|p1a: Terrore|Earthquake|p2a: Swampert
|-damage|p2a: Swampert|29/100
|move|p2a: Swampert|Roar|p1a: Terrore
|drag|p1a: Barry|Salamence, M|100/100
|-ability|p1a: Barry|Intimidate|boost
|-unboost|p2a: Swampert|atk|1
|
|-weather|Sandstorm|[upkeep]
|-damage|p1a: Barry|94/100|[from] Sandstorm
|-heal|p1a: Barry|100/100|[from] item: Leftovers
|-heal|p2a: Swampert|35/100|[from] item: Leftovers
|upkeep
|turn|13
|inactive|Xurkiyee has 180 seconds left.
|inactive|DancingAlong has 210 seconds left.
|
|t:|1731159506
|switch|p1a: Bossy|Metagross|99/100
|move|p2a: Swampert|Ice Beam|p1a: Bossy
|-resisted|p1a: Bossy
|-damage|p1a: Bossy|89/100
|
|-weather|Sandstorm|[upkeep]
|-heal|p1a: Bossy|95/100|[from] item: Leftovers
|-heal|p2a: Swampert|41/100|[from] item: Leftovers
|upkeep
|turn|14
|
|t:|1731159525
|move|p2a: Swampert|Protect|p2a: Swampert
|-singleturn|p2a: Swampert|Protect
|move|p1a: Bossy|Hidden Power|p2a: Swampert
|-activate|p2a: Swampert|Protect
|
|-weather|Sandstorm|[upkeep]
|-heal|p1a: Bossy|100/100|[from] item: Leftovers
|-heal|p2a: Swampert|47/100|[from] item: Leftovers
|upkeep
|turn|15
|inactive|Xurkiyee has 150 seconds left.
|
|t:|1731159571
|switch|p2a: Cloyster|Cloyster, M|100/100 slp
|move|p1a: Bossy|Hidden Power|p2a: Cloyster
|-damage|p2a: Cloyster|62/100 slp
|
|-weather|Sandstorm|[upkeep]
|-damage|p2a: Cloyster|55/100 slp|[from] Sandstorm
|-heal|p2a: Cloyster|62/100 slp|[from] item: Leftovers
|upkeep
|turn|16
|inactive|Xurkiyee has 120 seconds left.
|
|t:|1731159595
|switch|p2a: Medicham|Medicham, F|100/100
|move|p1a: Bossy|Psychic|p2a: Medicham
|-damage|p2a: Medicham|36/100
|
|-weather|Sandstorm|[upkeep]
|-damage|p2a: Medicham|30/100|[from] Sandstorm
|upkeep
|turn|17
|inactive|Xurkiyee has 120 seconds left.
|
|t:|1731159611
|move|p2a: Medicham|Brick Break|p1a: Bossy
|-damage|p1a: Bossy|60/100
|move|p1a: Bossy|Hidden Power|p2a: Medicham
|-damage|p2a: Medicham|0 fnt
|faint|p2a: Medicham
|
|t:|1731159623
|switch|p2a: Jirachi|Jirachi|100/100
|
|-weather|Sandstorm|[upkeep]
|-heal|p1a: Bossy|66/100|[from] item: Leftovers
|upkeep
|turn|18
|
|t:|1731159643
|move|p2a: Jirachi|Fire Punch|p1a: Bossy
|-supereffective|p1a: Bossy
|-damage|p1a: Bossy|13/100
|move|p1a: Bossy|Explosion|p2a: Jirachi
|-resisted|p2a: Jirachi
|-damage|p2a: Jirachi|26/100
|faint|p1a: Bossy
|
|t:|1731159656
|switch|p1a: Terrore|Tyranitar, M|49/100
|
|-weather|Sandstorm|[upkeep]
|-heal|p2a: Jirachi|32/100|[from] item: Leftovers
|-heal|p1a: Terrore|55/100|[from] item: Leftovers
|upkeep
|turn|19
|inactive|Xurkiyee has 120 seconds left.
|inactive|Xurkiyee has 90 seconds left.
|
|t:|1731159712
|switch|p2a: Swampert|Swampert, M|47/100
|move|p1a: Terrore|Dragon Dance|p1a: Terrore
|-boost|p1a: Terrore|atk|1
|-boost|p1a: Terrore|spe|1
|
|-weather|Sandstorm|[upkeep]
|-heal|p1a: Terrore|61/100|[from] item: Leftovers
|-heal|p2a: Swampert|53/100|[from] item: Leftovers
|upkeep
|turn|20
|
|t:|1731159735
|switch|p1a: Zabdos|Zapdos|82/100
|move|p2a: Swampert|Earthquake|p1a: Zabdos
|-immune|p1a: Zabdos
|
|-weather|Sandstorm|[upkeep]
|-damage|p1a: Zabdos|76/100|[from] Sandstorm
|-heal|p1a: Zabdos|82/100|[from] item: Leftovers
|-heal|p2a: Swampert|60/100|[from] item: Leftovers
|upkeep
|turn|21
|
|t:|1731159747
|switch|p2a: Jirachi|Jirachi|32/100
|move|p1a: Zabdos|Substitute|p1a: Zabdos
|-start|p1a: Zabdos|Substitute
|-damage|p1a: Zabdos|57/100
|
|-weather|Sandstorm|[upkeep]
|-damage|p1a: Zabdos|51/100|[from] Sandstorm
|-heal|p2a: Jirachi|38/100|[from] item: Leftovers
|-heal|p1a: Zabdos|57/100|[from] item: Leftovers
|upkeep
|turn|22
|
|t:|1731159753
|switch|p2a: Jolteon|Jolteon, M|100/100
|move|p1a: Zabdos|Thunderbolt|p2a: Jolteon
|-immune|p2a: Jolteon|[from] ability: Volt Absorb
|
|-weather|Sandstorm|[upkeep]
|-damage|p2a: Jolteon|95/100|[from] Sandstorm
|-damage|p1a: Zabdos|51/100|[from] Sandstorm
|-heal|p2a: Jolteon|100/100|[from] item: Leftovers
|-heal|p1a: Zabdos|57/100|[from] item: Leftovers
|upkeep
|turn|23
|
|t:|1731159760
|move|p2a: Jolteon|Thunderbolt|p1a: Zabdos
|-crit|p1a: Zabdos
|-end|p1a: Zabdos|Substitute
|move|p1a: Zabdos|Hidden Power|p2a: Jolteon
|-damage|p2a: Jolteon|69/100
|
|-weather|Sandstorm|[upkeep]
|-damage|p2a: Jolteon|63/100|[from] Sandstorm
|-damage|p1a: Zabdos|51/100|[from] Sandstorm
|-heal|p2a: Jolteon|69/100|[from] item: Leftovers
|-heal|p1a: Zabdos|57/100|[from] item: Leftovers
|upkeep
|turn|24
|
|t:|1731159767
|switch|p1a: Sassy|Swampert, M|100/100
|move|p2a: Jolteon|Substitute|p2a: Jolteon
|-start|p2a: Jolteon|Substitute
|-damage|p2a: Jolteon|44/100
|
|-weather|Sandstorm|[upkeep]
|-damage|p2a: Jolteon|39/100|[from] Sandstorm
|-heal|p2a: Jolteon|44/100|[from] item: Leftovers
|upkeep
|turn|25
|
|t:|1731159771
|move|p2a: Jolteon|Hidden Power|p1a: Sassy
|-supereffective|p1a: Sassy
|-damage|p1a: Sassy|19/100
|move|p1a: Sassy|Earthquake|p2a: Jolteon
|-supereffective|p2a: Jolteon
|-end|p2a: Jolteon|Substitute
|
|-weather|Sandstorm|[upkeep]
|-damage|p2a: Jolteon|39/100|[from] Sandstorm
|-heal|p2a: Jolteon|44/100|[from] item: Leftovers
|-heal|p1a: Sassy|25/100|[from] item: Leftovers
|upkeep
|turn|26
|
|t:|1731159778
|move|p2a: Jolteon|Hidden Power|p1a: Sassy
|-supereffective|p1a: Sassy
|-damage|p1a: Sassy|0 fnt
|faint|p1a: Sassy
|
|t:|1731159784
|switch|p1a: Barry|Salamence, M|100/100
|-ability|p1a: Barry|Intimidate|boost
|-unboost|p2a: Jolteon|atk|1
|
|-weather|Sandstorm|[upkeep]
|-damage|p2a: Jolteon|39/100|[from] Sandstorm
|-damage|p1a: Barry|94/100|[from] Sandstorm
|-heal|p2a: Jolteon|44/100|[from] item: Leftovers
|-heal|p1a: Barry|100/100|[from] item: Leftovers
|upkeep
|turn|27
|
|t:|1731159788
|move|p2a: Jolteon|Baton Pass|p2a: Jolteon
|
|t:|1731159790
|switch|p2a: Swampert|Swampert, M|60/100|[from] Baton Pass
|move|p1a: Barry|Dragon Dance|p1a: Barry
|-boost|p1a: Barry|atk|1
|-boost|p1a: Barry|spe|1
|
|-weather|Sandstorm|[upkeep]
|-damage|p1a: Barry|94/100|[from] Sandstorm
|-heal|p1a: Barry|100/100|[from] item: Leftovers
|-heal|p2a: Swampert|66/100|[from] item: Leftovers
|upkeep
|turn|28
|inactive|DancingAlong has 240 seconds left.
|
|t:|1731159813
|move|p1a: Barry|Hidden Power|p2a: Swampert
|-damage|p2a: Swampert|24/100
|move|p2a: Swampert|Ice Beam|p1a: Barry
|-supereffective|p1a: Barry
|-damage|p1a: Barry|3/100
|
|-weather|Sandstorm|[upkeep]
|-damage|p1a: Barry|0 fnt|[from] Sandstorm
|faint|p1a: Barry
|-heal|p2a: Swampert|30/100|[from] item: Leftovers
|upkeep
|
|t:|1731159827
|switch|p1a: Zabdos|Zapdos|57/100
|turn|29
|inactive|Xurkiyee has 150 seconds left.
|inactive|Xurkiyee has 120 seconds left.
|inactive|Xurkiyee has 90 seconds left.
|inactive|Xurkiyee has 60 seconds left.
|
|t:|1731159933
|move|p1a: Zabdos|Baton Pass|p1a: Zabdos
|
|t:|1731159940
|switch|p1a: Sally|Breloom, F|88/100 brn|[from] Baton Pass
|move|p2a: Swampert|Ice Beam|p1a: Sally
|-supereffective|p1a: Sally
|-damage|p1a: Sally|7/100 brn
|
|-weather|Sandstorm|[upkeep]
|-damage|p1a: Sally|1/100 brn|[from] Sandstorm
|-heal|p1a: Sally|7/100 brn|[from] item: Leftovers
|-damage|p1a: Sally|0 fnt|[from] brn
|faint|p1a: Sally
|-heal|p2a: Swampert|36/100|[from] item: Leftovers
|upkeep
|
|t:|1731159944
|switch|p1a: Zabdos|Zapdos|57/100
|turn|30
|inactive|DancingAlong has 240 seconds left.
|
|t:|1731159956
|move|p1a: Zabdos|Thunderbolt|p2a: Swampert
|-immune|p2a: Swampert
|move|p2a: Swampert|Ice Beam|p1a: Zabdos
|-supereffective|p1a: Zabdos
|-damage|p1a: Zabdos|13/100
|-status|p1a: Zabdos|frz
|
|-weather|Sandstorm|[upkeep]
|-damage|p1a: Zabdos|7/100 frz|[from] Sandstorm
|-heal|p1a: Zabdos|13/100 frz|[from] item: Leftovers
|-heal|p2a: Swampert|43/100|[from] item: Leftovers
|upkeep
|turn|31
|c|☆Xurkiyee|mb
|
|t:|1731159964
|switch|p2a: Jolteon|Jolteon, M|44/100
|cant|p1a: Zabdos|frz
|
|-weather|Sandstorm|[upkeep]
|-damage|p2a: Jolteon|39/100|[from] Sandstorm
|-damage|p1a: Zabdos|7/100 frz|[from] Sandstorm
|-heal|p2a: Jolteon|44/100|[from] item: Leftovers
|-heal|p1a: Zabdos|13/100 frz|[from] item: Leftovers
|upkeep
|turn|32
|
|t:|1731159971
|move|p2a: Jolteon|Thunderbolt|p1a: Zabdos
|-damage|p1a: Zabdos|0 fnt
|faint|p1a: Zabdos
|
|t:|1731159973
|switch|p1a: Terrore|Tyranitar, M|61/100
|
|-weather|Sandstorm|[upkeep]
|-damage|p2a: Jolteon|39/100|[from] Sandstorm
|-heal|p2a: Jolteon|44/100|[from] item: Leftovers
|-heal|p1a: Terrore|68/100|[from] item: Leftovers
|upkeep
|turn|33
|
|t:|1731159987
|move|p2a: Jolteon|Thunderbolt|p1a: Terrore
|-crit|p1a: Terrore
|-damage|p1a: Terrore|0 fnt
|faint|p1a: Terrore
|
|win|Xurkiyee
|c|☆DancingAlong|gg
|c|☆Xurkiyee|ggs
|player|p1|

</script>
<script type="application/json" class="data" id="replaydata-smogtours-gen3ou-805390">
{"id":"smogtours-gen3ou-805390","format":"[Gen 3] OU","players":["DancingAlong","Xurkiyee"],"uploadtime":1731159987,"views":32,"formatid":"gen3ou","rating":null,"private":0,"password":null}
</script>

<script defer src="js/replays.js?9d40a366"></script>
