<!DOCTYPE html>
<meta charset="utf-8" />
<meta name="viewport" content="width=device-width" />

<title>[Gen 3] OU: Thebadger1230 vs. draccuscomun - Replays - Pok&eacute;mon Showdown!</title>

<meta name="description" content="Watch a replay of a Pok&eacute;mon battle between Thebadger1230 and draccuscomun! Format: [Gen 3] OU; Date: Oct 2, 2024" />
<!--

Hey, you! Looking in the source for the replay log?

You can find them in JSON format, just add `.json` at the end of a replay URL.

https://replay.pokemonshowdown.com/gen7randomdoublesbattle-865046831.json

Or, if you only need the log itself, add `.log` instead:

https://replay.pokemonshowdown.com/gen7randomdoublesbattle-865046831.log

-->

<link rel="stylesheet" href="//pokemonshowdown.com/style/global.css?0.023195364461161105" />
<link rel="stylesheet" href="//play.pokemonshowdown.com/style/font-awesome.css?0.13261647063804238" />
<link rel="stylesheet" href="//play.pokemonshowdown.com/style/battle.css?0.8753245789963631" />
<link rel="stylesheet" href="//play.pokemonshowdown.com/style/utilichart.css?0.8627959624976733" />

<!-- Global site tag (gtag.js) - Google Analytics -->
<script async src="https://www.googletagmanager.com/gtag/js?id=UA-26211653-1"></script>
<script>
  window.dataLayer = window.dataLayer || [];
  function gtag(){dataLayer.push(arguments);}
  gtag('js', new Date());

  gtag('config', 'UA-26211653-1');
</script>
<!-- End Google Analytics -->
<!-- Venatus Ad Manager - Install in <HEAD> of page -->
	<script src="https://hb.vntsm.com/v3/live/ad-manager.min.js" type="text/javascript" data-site-id="642aba63ec9a7b11c3c9c1be" data-mode="scan" async></script>
<!-- / Venatus Ad Manager -->

<style>
	@media (max-width:820px) {
		.battle {
			margin: 0 auto;
		}
		.battle-log {
			margin: 7px auto 0;
			max-width: 640px;
			height: 300px;
			position: static;
		}
	}
	.optgroup {
		display: inline-block;
		line-height: 22px;
		font-size: 10pt;
	}
	.optgroup .button {
		height: 25px;
		padding-top: 0;
		padding-bottom: 0;
	}
	.optgroup button.button {
		padding-left: 12px;
		padding-right: 12px;
	}
	.linklist {
		list-style: none;
		margin: 0.5em 0;
		padding: 0;
	}
	.linklist li {
		padding: 2px 0;
	}
	.sidebar {
		float: left;
		width: 320px;
	}
	.bar-wrapper {
		max-width: 1100px;
		margin: 0 auto;
	}
	.bar-wrapper.has-sidebar {
		max-width: 1430px;
	}
	.mainbar {
		margin: 0;
		padding-right: 1px;
	}
	.mainbar.has-sidebar {
		margin-left: 330px;
	}
	@media (min-width: 1511px) {
		.sidebar {
			width: 400px;
		}
		.bar-wrapper.has-sidebar {
			max-width: 1510px;
		}
		.mainbar.has-sidebar {
			margin-left: 410px;
		}
	}
	.section.first-section {
		margin-top: 9px;
	}
	.blocklink small {
		white-space: normal;
	}
	.button {
		vertical-align: middle;
	}
	.replay-controls {
		padding-top: 10px;
	}
	.replay-controls h1 {
		font-size: 16pt;
		font-weight: normal;
		color: #CCC;
	}
	.pagelink {
		text-align: center;
	}
	.pagelink a {
		width: 150px;
	}
	.textbox, .button {
		font-size: 11pt;
		vertical-align: middle;
	}
	@media (max-width: 450px) {
		.button {
			font-size: 9pt;
		}
	}
</style>

<div>

	<header>
		<div class="nav-wrapper"><ul class="nav">
			<li><a class="button nav-first" href="//pokemonshowdown.com/"><img src="//pokemonshowdown.com/images/pokemonshowdownbeta.png" srcset="//pokemonshowdown.com/images/pokemonshowdownbeta.png 1x, //pokemonshowdown.com/images/pokemonshowdownbeta@2x.png 2x" alt="Pok&eacute;mon Showdown" width="146" height="44" /> Home</a></li>
			<li><a class="button" href="//pokemonshowdown.com/dex/">Pok&eacute;dex</a></li>
			<li><a class="button cur" href="/">Replays</a></li>
			<li><a class="button" href="//pokemonshowdown.com/ladder/">Ladder</a></li>
			<li><a class="button nav-last" href="//pokemonshowdown.com/forums/">Forum</a></li>
			<li><a class="button greenbutton nav-first nav-last" href="//play.pokemonshowdown.com/">Play</a></li>
		</ul></div>
	</header>

	<div class="main" id="main">

		<noscript><section class="section">You need to enable JavaScript to use this page; sorry!</section></noscript>

	</div>

</div>

<script defer nomodule src="//play.pokemonshowdown.com/js/lib/ps-polyfill.js"></script>
<script defer src="//play.pokemonshowdown.com/js/lib/preact.min.js"></script>

<script defer src="//play.pokemonshowdown.com/config/config.js?2bddbc15"></script>
<script defer src="//play.pokemonshowdown.com/js/lib/jquery-1.11.0.min.js"></script>
<script defer src="//play.pokemonshowdown.com/js/lib/html-sanitizer-minified.js"></script>
<script defer src="//play.pokemonshowdown.com/js/battle-sound.js"></script>
<script defer src="//play.pokemonshowdown.com/js/battledata.js?0.7209276989879541"></script>
<script defer src="//play.pokemonshowdown.com/data/pokedex-mini.js?0.6111056340867951"></script>
<script defer src="//play.pokemonshowdown.com/data/pokedex-mini-bw.js?0.3532142036491459"></script>
<script defer src="//play.pokemonshowdown.com/data/graphics.js?0.24223875632456182"></script>
<script defer src="//play.pokemonshowdown.com/data/pokedex.js?0.38839984266356864"></script>
<script defer src="//play.pokemonshowdown.com/data/moves.js?0.21866028504024015"></script>
<script defer src="//play.pokemonshowdown.com/data/abilities.js?0.2005157953846628"></script>
<script defer src="//play.pokemonshowdown.com/data/items.js?0.9894211263848525"></script>
<script defer src="//play.pokemonshowdown.com/data/teambuilder-tables.js?0.6008791140282215"></script>
<script defer src="//play.pokemonshowdown.com/js/battle-tooltips.js?0.7580118955022959"></script>
<script defer src="//play.pokemonshowdown.com/js/battle.js?0.6057722274234274"></script>

<script defer src="js/utils.js?e31f9a17"></script>
<script defer src="js/replays-battle.js?7008c182"></script>

<!-- don't scrape this data! just add .json or .log after the URL!
Full API docs: https://github.com/smogon/pokemon-showdown-client/blob/master/WEB-API.md -->
<script type="text/plain" class="log" id="replaylog-smogtours-gen3ou-794062">
|inactive|Battle timer is ON: inactive players will automatically lose when time's up.
|t:|1727903496
|gametype|singles
|player|p1|Thebadger1230|102|
|player|p2|draccuscomun|101|
|teamsize|p1|6
|teamsize|p2|6
|gen|3
|tier|[Gen 3] OU
|rule|Sleep Clause Mod: Limit one foe put to sleep
|rule|Switch Priority Clause Mod: Faster Pokémon switch first
|rule|Species Clause: Limit one of each Pokémon
|rule|OHKO Clause: OHKO moves are banned
|rule|Evasion Items Clause: Evasion items are banned
|rule|Evasion Moves Clause: Evasion moves are banned
|rule|Endless Battle Clause: Forcing endless battles is banned
|rule|HP Percentage Mod: HP is shown in percentages
|rule|One Boost Passer Clause: Limit one Baton Passer that has a way to boost its stats
|rule|Freeze Clause Mod: Limit one foe frozen
|
|t:|1727903496
|start
|switch|p1a: Metagross|Metagross|100/100
|switch|p2a: Salamence|Salamence, F|100/100
|-ability|p2a: Salamence|Intimidate|boost
|-fail|p1a: Metagross|unboost|[from] ability: Clear Body|[of] p1a: Metagross
|turn|1
|
|t:|1727903509
|switch|p2a: Swampert|Swampert, M|100/100
|move|p1a: Metagross|Meteor Mash|p2a: Swampert
|-resisted|p2a: Swampert
|-damage|p2a: Swampert|74/100
|-boost|p1a: Metagross|atk|1
|
|-heal|p2a: Swampert|80/100|[from] item: Leftovers
|upkeep
|turn|2
|inactive|Thebadger1230 has 270 seconds left.
|
|t:|1727903556
|move|p2a: Swampert|Protect|p2a: Swampert
|-singleturn|p2a: Swampert|Protect
|move|p1a: Metagross|Meteor Mash|p2a: Swampert
|-activate|p2a: Swampert|Protect
|
|-heal|p2a: Swampert|86/100|[from] item: Leftovers
|upkeep
|turn|3
|
|t:|1727903568
|move|p1a: Metagross|Meteor Mash|p2a: Swampert
|-resisted|p2a: Swampert
|-damage|p2a: Swampert|42/100
|move|p2a: Swampert|Earthquake|p1a: Metagross
|-supereffective|p1a: Metagross
|-damage|p1a: Metagross|40/100
|
|-heal|p2a: Swampert|48/100|[from] item: Leftovers
|upkeep
|turn|4
|
|t:|1727903577
|switch|p1a: Gyarados|Gyarados, F|100/100
|-ability|p1a: Gyarados|Intimidate|boost
|-unboost|p2a: Swampert|atk|1
|move|p2a: Swampert|Protect||[still]
|-fail|p2a: Swampert
|
|-heal|p2a: Swampert|54/100|[from] item: Leftovers
|upkeep
|turn|5
|inactive|draccuscomun has 270 seconds left.
|
|t:|1727903606
|switch|p2a: Umbreon|Umbreon, M, shiny|100/100
|move|p1a: Gyarados|Hidden Power|p2a: Umbreon
|-damage|p2a: Umbreon|74/100
|
|-heal|p2a: Umbreon|80/100|[from] item: Leftovers
|upkeep
|turn|6
|inactive|draccuscomun has 270 seconds left.
|
|t:|1727903618
|switch|p1a: Metagross|Metagross|40/100
|move|p2a: Umbreon|Curse|p2a: Umbreon
|-unboost|p2a: Umbreon|spe|1
|-boost|p2a: Umbreon|atk|1
|-boost|p2a: Umbreon|def|1
|
|-heal|p2a: Umbreon|86/100|[from] item: Leftovers
|upkeep
|turn|7
|
|t:|1727903626
|move|p1a: Metagross|Meteor Mash|p2a: Umbreon
|-damage|p2a: Umbreon|49/100
|-boost|p1a: Metagross|atk|1
|move|p2a: Umbreon|Wish|p2a: Umbreon
|
|-heal|p2a: Umbreon|55/100|[from] item: Leftovers
|upkeep
|turn|8
|
|t:|1727903635
|move|p1a: Metagross|Meteor Mash|p2a: Umbreon
|-damage|p2a: Umbreon|0 fnt
|faint|p2a: Umbreon
|
|t:|1727903645
|switch|p2a: Swampert|Swampert, M|54/100
|
|-heal|p2a: Swampert|100/100|[from] move: Wish|[wisher] Umbreon
|upkeep
|turn|9
|
|t:|1727903650
|switch|p1a: Gyarados|Gyarados, F|100/100
|-ability|p1a: Gyarados|Intimidate|boost
|-unboost|p2a: Swampert|atk|1
|move|p2a: Swampert|Earthquake|p1a: Gyarados
|-immune|p1a: Gyarados
|
|upkeep
|turn|10
|
|t:|1727903659
|switch|p2a: Salamence|Salamence, F|100/100
|-ability|p2a: Salamence|Intimidate|boost
|-unboost|p1a: Gyarados|atk|1
|move|p1a: Gyarados|Hidden Power|p2a: Salamence
|-damage|p2a: Salamence|70/100
|
|-heal|p2a: Salamence|76/100|[from] item: Leftovers
|upkeep
|turn|11
|
|t:|1727903680
|move|p2a: Salamence|Fire Blast|p1a: Gyarados
|-resisted|p1a: Gyarados
|-damage|p1a: Gyarados|81/100
|-status|p1a: Gyarados|brn
|move|p1a: Gyarados|Thunder Wave|p2a: Salamence
|-status|p2a: Salamence|par
|
|-heal|p1a: Gyarados|87/100 brn|[from] item: Leftovers
|-damage|p1a: Gyarados|75/100 brn|[from] brn
|-heal|p2a: Salamence|82/100 par|[from] item: Leftovers
|upkeep
|turn|12
|inactive|draccuscomun has 270 seconds left.
|
|t:|1727903700
|switch|p1a: Blissey|Blissey, F|100/100
|switch|p2a: Gengar|Gengar, F, shiny|100/100
|
|upkeep
|turn|13
|inactive|draccuscomun has 270 seconds left.
|
|t:|1727903721
|switch|p2a: Snorlax|Snorlax, F|100/100
|move|p1a: Blissey|Thunder Wave|p2a: Snorlax
|-status|p2a: Snorlax|par
|
|upkeep
|turn|14
|
|t:|1727903740
|switch|p1a: Metagross|Metagross|40/100
|switch|p2a: Swampert|Swampert, M|100/100
|
|upkeep
|turn|15
|
|t:|1727903749
|switch|p1a: Gyarados|Gyarados, F|75/100 brn
|-ability|p1a: Gyarados|Intimidate|boost
|-unboost|p2a: Swampert|atk|1
|move|p2a: Swampert|Ice Beam|p1a: Gyarados
|-damage|p1a: Gyarados|52/100 brn
|
|-heal|p1a: Gyarados|58/100 brn|[from] item: Leftovers
|-damage|p1a: Gyarados|46/100 brn|[from] brn
|upkeep
|turn|16
|
|t:|1727903760
|move|p2a: Swampert|Protect|p2a: Swampert
|-singleturn|p2a: Swampert|Protect
|move|p1a: Gyarados|Dragon Dance|p1a: Gyarados
|-boost|p1a: Gyarados|atk|1
|-boost|p1a: Gyarados|spe|1
|
|-heal|p1a: Gyarados|52/100 brn|[from] item: Leftovers
|-damage|p1a: Gyarados|40/100 brn|[from] brn
|upkeep
|turn|17
|
|t:|1727903768
|move|p1a: Gyarados|Hidden Power|p2a: Swampert
|-damage|p2a: Swampert|81/100
|move|p2a: Swampert|Ice Beam|p1a: Gyarados
|-damage|p1a: Gyarados|17/100 brn
|
|-heal|p1a: Gyarados|23/100 brn|[from] item: Leftovers
|-damage|p1a: Gyarados|11/100 brn|[from] brn
|-heal|p2a: Swampert|87/100|[from] item: Leftovers
|upkeep
|turn|18
|inactive|draccuscomun has 270 seconds left.
|
|t:|1727903782
|switch|p1a: Metagross|Metagross|40/100
|move|p2a: Swampert|Ice Beam|p1a: Metagross
|-resisted|p1a: Metagross
|-damage|p1a: Metagross|29/100
|
|-heal|p2a: Swampert|93/100|[from] item: Leftovers
|upkeep
|turn|19
|
|t:|1727903792
|switch|p1a: Blissey|Blissey, F|100/100
|move|p2a: Swampert|Earthquake|p1a: Blissey
|-damage|p1a: Blissey|73/100
|
|-heal|p1a: Blissey|79/100|[from] item: Leftovers
|-heal|p2a: Swampert|99/100|[from] item: Leftovers
|upkeep
|turn|20
|
|t:|1727903800
|switch|p2a: Snorlax|Snorlax, F|100/100 par
|move|p1a: Blissey|Seismic Toss|p2a: Snorlax
|-damage|p2a: Snorlax|79/100 par
|
|-heal|p1a: Blissey|86/100|[from] item: Leftovers
|-heal|p2a: Snorlax|85/100 par|[from] item: Leftovers
|upkeep
|turn|21
|
|t:|1727903808
|-singleturn|p2a: Snorlax|move: Focus Punch
|switch|p1a: Gyarados|Gyarados, F|11/100 brn
|-ability|p1a: Gyarados|Intimidate|boost
|-unboost|p2a: Snorlax|atk|1
|cant|p2a: Snorlax|par
|
|-heal|p1a: Gyarados|17/100 brn|[from] item: Leftovers
|-damage|p1a: Gyarados|4/100 brn|[from] brn
|-heal|p2a: Snorlax|91/100 par|[from] item: Leftovers
|upkeep
|turn|22
|
|t:|1727903824
|switch|p2a: Gengar|Gengar, F, shiny|100/100
|move|p1a: Gyarados|Hidden Power|p2a: Gengar
|-damage|p2a: Gengar|69/100
|
|-heal|p2a: Gengar|75/100|[from] item: Leftovers
|-heal|p1a: Gyarados|11/100 brn|[from] item: Leftovers
|-damage|p1a: Gyarados|0 fnt|[from] brn
|faint|p1a: Gyarados
|upkeep
|
|t:|1727903829
|switch|p1a: Blissey|Blissey, F|86/100
|turn|23
|
|t:|1727903836
|move|p2a: Gengar|Explosion|p1a: Blissey
|-damage|p1a: Blissey|8/100
|faint|p2a: Gengar
|
|t:|1727903845
|switch|p2a: Aerodactyl|Aerodactyl, M|100/100
|
|-heal|p1a: Blissey|14/100|[from] item: Leftovers
|upkeep
|turn|24
|
|t:|1727903871
|switch|p1a: Salamence|Salamence, F|100/100
|-ability|p1a: Salamence|Intimidate|boost
|-unboost|p2a: Aerodactyl|atk|1
|-enditem|p2a: Aerodactyl|White Herb
|-clearnegativeboost|p2a: Aerodactyl|[silent]
|move|p2a: Aerodactyl|Double-Edge|p1a: Salamence
|-damage|p1a: Salamence|54/100
|
|-heal|p1a: Salamence|60/100|[from] item: Leftovers
|upkeep
|turn|25
|
|t:|1727903886
|move|p2a: Aerodactyl|Substitute|p2a: Aerodactyl
|-start|p2a: Aerodactyl|Substitute
|-damage|p2a: Aerodactyl|76/100
|move|p1a: Salamence|Hidden Power|p2a: Aerodactyl
|-resisted|p2a: Aerodactyl
|-end|p2a: Aerodactyl|Substitute
|
|-heal|p1a: Salamence|66/100|[from] item: Leftovers
|upkeep
|turn|26
|inactive|Thebadger1230 has 270 seconds left.
|inactive|Thebadger1230 has 240 seconds left.
|
|t:|1727903955
|switch|p1a: Metagross|Metagross|29/100
|move|p2a: Aerodactyl|Rock Slide|p1a: Metagross|[miss]
|-miss|p2a: Aerodactyl|p1a: Metagross
|
|upkeep
|turn|27
|
|t:|1727903971
|switch|p1a: Salamence|Salamence, F|66/100
|-ability|p1a: Salamence|Intimidate|boost
|-unboost|p2a: Aerodactyl|atk|1
|move|p2a: Aerodactyl|Earthquake|p1a: Salamence
|-immune|p1a: Salamence
|
|-heal|p1a: Salamence|72/100|[from] item: Leftovers
|upkeep
|turn|28
|
|t:|1727903981
|switch|p2a: Swampert|Swampert, M|99/100
|move|p1a: Salamence|Hidden Power|p2a: Swampert
|-damage|p2a: Swampert|73/100
|
|-heal|p1a: Salamence|78/100|[from] item: Leftovers
|-heal|p2a: Swampert|79/100|[from] item: Leftovers
|upkeep
|turn|29
|inactive|Thebadger1230 has 240 seconds left.
|
|t:|1727903990
|switch|p1a: Magneton|Magneton|100/100
|move|p2a: Swampert|Earthquake|p1a: Magneton
|-supereffective|p1a: Magneton
|-damage|p1a: Magneton|0 fnt
|faint|p1a: Magneton
|inactive|Thebadger1230 has 240 seconds left.
|
|t:|1727904011
|switch|p1a: Metagross|Metagross|29/100
|
|-heal|p2a: Swampert|85/100|[from] item: Leftovers
|upkeep
|turn|30
|
|t:|1727904015
|move|p2a: Swampert|Protect|p2a: Swampert
|-singleturn|p2a: Swampert|Protect
|move|p1a: Metagross|Meteor Mash|p2a: Swampert
|-activate|p2a: Swampert|Protect
|
|-heal|p2a: Swampert|91/100|[from] item: Leftovers
|upkeep
|turn|31
|inactive|Thebadger1230 has 240 seconds left.
|
|t:|1727904030
|move|p1a: Metagross|Meteor Mash|p2a: Swampert|[miss]
|-miss|p1a: Metagross|p2a: Swampert
|move|p2a: Swampert|Earthquake|p1a: Metagross
|-supereffective|p1a: Metagross
|-damage|p1a: Metagross|0 fnt
|faint|p1a: Metagross
|
|t:|1727904036
|switch|p1a: Blissey|Blissey, F|14/100
|
|-heal|p1a: Blissey|21/100|[from] item: Leftovers
|-heal|p2a: Swampert|97/100|[from] item: Leftovers
|upkeep
|turn|32
|inactive|Thebadger1230 has 240 seconds left.
|
|t:|1727904046
|switch|p2a: Snorlax|Snorlax, F|91/100 par
|move|p1a: Blissey|Soft-Boiled|p1a: Blissey
|-heal|p1a: Blissey|71/100
|
|-heal|p1a: Blissey|77/100|[from] item: Leftovers
|-heal|p2a: Snorlax|97/100 par|[from] item: Leftovers
|upkeep
|turn|33
|
|t:|1727904055
|move|p1a: Blissey|Seismic Toss|p2a: Snorlax
|-damage|p2a: Snorlax|75/100 par
|move|p2a: Snorlax|Return|p1a: Blissey
|-damage|p1a: Blissey|28/100
|
|-heal|p1a: Blissey|34/100|[from] item: Leftovers
|-heal|p2a: Snorlax|81/100 par|[from] item: Leftovers
|upkeep
|turn|34
|
|t:|1727904065
|switch|p1a: Salamence|Salamence, F|78/100
|-ability|p1a: Salamence|Intimidate|boost
|-unboost|p2a: Snorlax|atk|1
|move|p2a: Snorlax|Return|p1a: Salamence
|-damage|p1a: Salamence|42/100
|
|-heal|p1a: Salamence|48/100|[from] item: Leftovers
|-heal|p2a: Snorlax|87/100 par|[from] item: Leftovers
|upkeep
|turn|35
|
|t:|1727904075
|switch|p2a: Salamence|Salamence, F|82/100 par
|-ability|p2a: Salamence|Intimidate|boost
|-unboost|p1a: Salamence|atk|1
|move|p1a: Salamence|Dragon Dance|p1a: Salamence
|-boost|p1a: Salamence|atk|1
|-boost|p1a: Salamence|spe|1
|
|-heal|p1a: Salamence|54/100|[from] item: Leftovers
|-heal|p2a: Salamence|88/100 par|[from] item: Leftovers
|upkeep
|turn|36
|
|t:|1727904086
|move|p1a: Salamence|Rock Slide|p2a: Salamence
|-supereffective|p2a: Salamence
|-damage|p2a: Salamence|22/100 par
|move|p2a: Salamence|Dragon Claw|p1a: Salamence
|-supereffective|p1a: Salamence
|-crit|p1a: Salamence
|-damage|p1a: Salamence|0 fnt
|faint|p1a: Salamence
|
|t:|1727904091
|switch|p1a: Heracross|Heracross, M|100/100
|
|-heal|p2a: Salamence|28/100 par|[from] item: Leftovers
|upkeep
|turn|37
|
|t:|1727904107
|switch|p2a: Swampert|Swampert, M|97/100
|move|p1a: Heracross|Substitute|p1a: Heracross
|-start|p1a: Heracross|Substitute
|-damage|p1a: Heracross|76/100
|
|-heal|p1a: Heracross|82/100|[from] item: Leftovers
|-heal|p2a: Swampert|100/100|[from] item: Leftovers
|upkeep
|turn|38
|
|t:|1727904116
|move|p1a: Heracross|Megahorn|p2a: Swampert
|-damage|p2a: Swampert|60/100
|move|p2a: Swampert|Surf|p1a: Heracross
|-end|p1a: Heracross|Substitute
|
|-heal|p1a: Heracross|88/100|[from] item: Leftovers
|-heal|p2a: Swampert|67/100|[from] item: Leftovers
|upkeep
|turn|39
|
|t:|1727904124
|move|p1a: Heracross|Megahorn|p2a: Swampert
|-damage|p2a: Swampert|26/100
|move|p2a: Swampert|Surf|p1a: Heracross
|-damage|p1a: Heracross|38/100
|
|-heal|p1a: Heracross|44/100|[from] item: Leftovers
|-heal|p2a: Swampert|32/100|[from] item: Leftovers
|upkeep
|turn|40
|
|t:|1727904133
|move|p1a: Heracross|Substitute|p1a: Heracross
|-start|p1a: Heracross|Substitute
|-damage|p1a: Heracross|19/100
|move|p2a: Swampert|Surf|p1a: Heracross
|-end|p1a: Heracross|Substitute
|
|-heal|p1a: Heracross|25/100|[from] item: Leftovers
|-heal|p2a: Swampert|38/100|[from] item: Leftovers
|upkeep
|turn|41
|
|t:|1727904142
|move|p1a: Heracross|Megahorn|p2a: Swampert
|-crit|p2a: Swampert
|-damage|p2a: Swampert|0 fnt
|faint|p2a: Swampert
|
|t:|1727904147
|switch|p2a: Aerodactyl|Aerodactyl, M|76/100
|
|-heal|p1a: Heracross|31/100|[from] item: Leftovers
|upkeep
|turn|42
|
|t:|1727904151
|move|p2a: Aerodactyl|Double-Edge|p1a: Heracross
|-damage|p1a: Heracross|0 fnt
|faint|p1a: Heracross
|
|t:|1727904153
|switch|p1a: Blissey|Blissey, F|34/100
|
|-heal|p1a: Blissey|40/100|[from] item: Leftovers
|upkeep
|turn|43
|
|t:|1727904158
|move|p2a: Aerodactyl|Double-Edge|p1a: Blissey
|-damage|p1a: Blissey|3/100
|move|p1a: Blissey|Soft-Boiled|p1a: Blissey
|-heal|p1a: Blissey|53/100
|
|-heal|p1a: Blissey|59/100|[from] item: Leftovers
|upkeep
|turn|44
|
|t:|1727904165
|move|p2a: Aerodactyl|Double-Edge|p1a: Blissey
|-damage|p1a: Blissey|21/100
|move|p1a: Blissey|Soft-Boiled|p1a: Blissey
|-heal|p1a: Blissey|71/100
|
|-heal|p1a: Blissey|77/100|[from] item: Leftovers
|upkeep
|turn|45
|
|t:|1727904173
|move|p2a: Aerodactyl|Double-Edge|p1a: Blissey
|-damage|p1a: Blissey|38/100
|move|p1a: Blissey|Soft-Boiled|p1a: Blissey
|-heal|p1a: Blissey|88/100
|
|-heal|p1a: Blissey|94/100|[from] item: Leftovers
|upkeep
|turn|46
|
|t:|1727904181
|switch|p2a: Snorlax|Snorlax, F|87/100 par
|move|p1a: Blissey|Ice Beam|p2a: Snorlax
|-damage|p2a: Snorlax|75/100 par
|
|-heal|p1a: Blissey|99/100|[from] item: Leftovers
|-heal|p2a: Snorlax|81/100 par|[from] item: Leftovers
|upkeep
|turn|47
|
|t:|1727904189
|move|p1a: Blissey|Seismic Toss|p2a: Snorlax
|-damage|p2a: Snorlax|59/100 par
|cant|p2a: Snorlax|par
|
|-heal|p1a: Blissey|100/100|[from] item: Leftovers
|-heal|p2a: Snorlax|65/100 par|[from] item: Leftovers
|upkeep
|turn|48
|
|t:|1727904197
|move|p1a: Blissey|Seismic Toss|p2a: Snorlax
|-damage|p2a: Snorlax|44/100 par
|cant|p2a: Snorlax|par
|
|-heal|p2a: Snorlax|50/100 par|[from] item: Leftovers
|upkeep
|turn|49
|
|t:|1727904203
|move|p1a: Blissey|Seismic Toss|p2a: Snorlax
|-damage|p2a: Snorlax|28/100 par
|move|p2a: Snorlax|Self-Destruct|p1a: Blissey
|-damage|p1a: Blissey|0 fnt
|faint|p2a: Snorlax
|faint|p1a: Blissey
|
|win|draccuscomun
|c|☆Thebadger1230|gg wp
|c|☆draccuscomun|gg
|c|☆draccuscomun|wp
|player|p2|
|player|p2|draccuscomun|101|
|player|p2|

</script>
<script type="application/json" class="data" id="replaydata-smogtours-gen3ou-794062">
{"id":"smogtours-gen3ou-794062","format":"[Gen 3] OU","players":["Thebadger1230","draccuscomun"],"uploadtime":1727904203,"views":99,"formatid":"gen3ou","rating":null,"private":0,"password":null}
</script>

<script defer src="js/replays.js?9d40a366"></script>
