<!DOCTYPE html>
<meta charset="utf-8" />
<meta name="viewport" content="width=device-width" />

<title>[Gen 3] OU: Jnho vs. Elian - Replays - Pok&eacute;mon Showdown!</title>

<meta name="description" content="Watch a replay of a Pok&eacute;mon battle between Jnho and Elian! Format: [Gen 3] OU; Date: Oct 27, 2024" />
<!--

Hey, you! Looking in the source for the replay log?

You can find them in JSON format, just add `.json` at the end of a replay URL.

https://replay.pokemonshowdown.com/gen7randomdoublesbattle-865046831.json

Or, if you only need the log itself, add `.log` instead:

https://replay.pokemonshowdown.com/gen7randomdoublesbattle-865046831.log

-->

<link rel="stylesheet" href="//pokemonshowdown.com/style/global.css?0.023195364461161105" />
<link rel="stylesheet" href="//play.pokemonshowdown.com/style/font-awesome.css?0.13261647063804238" />
<link rel="stylesheet" href="//play.pokemonshowdown.com/style/battle.css?0.8753245789963631" />
<link rel="stylesheet" href="//play.pokemonshowdown.com/style/utilichart.css?0.8627959624976733" />

<!-- Global site tag (gtag.js) - Google Analytics -->
<script async src="https://www.googletagmanager.com/gtag/js?id=UA-26211653-1"></script>
<script>
  window.dataLayer = window.dataLayer || [];
  function gtag(){dataLayer.push(arguments);}
  gtag('js', new Date());

  gtag('config', 'UA-26211653-1');
</script>
<!-- End Google Analytics -->
<!-- Venatus Ad Manager - Install in <HEAD> of page -->
	<script src="https://hb.vntsm.com/v3/live/ad-manager.min.js" type="text/javascript" data-site-id="642aba63ec9a7b11c3c9c1be" data-mode="scan" async></script>
<!-- / Venatus Ad Manager -->

<style>
	@media (max-width:820px) {
		.battle {
			margin: 0 auto;
		}
		.battle-log {
			margin: 7px auto 0;
			max-width: 640px;
			height: 300px;
			position: static;
		}
	}
	.optgroup {
		display: inline-block;
		line-height: 22px;
		font-size: 10pt;
	}
	.optgroup .button {
		height: 25px;
		padding-top: 0;
		padding-bottom: 0;
	}
	.optgroup button.button {
		padding-left: 12px;
		padding-right: 12px;
	}
	.linklist {
		list-style: none;
		margin: 0.5em 0;
		padding: 0;
	}
	.linklist li {
		padding: 2px 0;
	}
	.sidebar {
		float: left;
		width: 320px;
	}
	.bar-wrapper {
		max-width: 1100px;
		margin: 0 auto;
	}
	.bar-wrapper.has-sidebar {
		max-width: 1430px;
	}
	.mainbar {
		margin: 0;
		padding-right: 1px;
	}
	.mainbar.has-sidebar {
		margin-left: 330px;
	}
	@media (min-width: 1511px) {
		.sidebar {
			width: 400px;
		}
		.bar-wrapper.has-sidebar {
			max-width: 1510px;
		}
		.mainbar.has-sidebar {
			margin-left: 410px;
		}
	}
	.section.first-section {
		margin-top: 9px;
	}
	.blocklink small {
		white-space: normal;
	}
	.button {
		vertical-align: middle;
	}
	.replay-controls {
		padding-top: 10px;
	}
	.replay-controls h1 {
		font-size: 16pt;
		font-weight: normal;
		color: #CCC;
	}
	.pagelink {
		text-align: center;
	}
	.pagelink a {
		width: 150px;
	}
	.textbox, .button {
		font-size: 11pt;
		vertical-align: middle;
	}
	@media (max-width: 450px) {
		.button {
			font-size: 9pt;
		}
	}
</style>

<div>

	<header>
		<div class="nav-wrapper"><ul class="nav">
			<li><a class="button nav-first" href="//pokemonshowdown.com/"><img src="//pokemonshowdown.com/images/pokemonshowdownbeta.png" srcset="//pokemonshowdown.com/images/pokemonshowdownbeta.png 1x, //pokemonshowdown.com/images/pokemonshowdownbeta@2x.png 2x" alt="Pok&eacute;mon Showdown" width="146" height="44" /> Home</a></li>
			<li><a class="button" href="//pokemonshowdown.com/dex/">Pok&eacute;dex</a></li>
			<li><a class="button cur" href="/">Replays</a></li>
			<li><a class="button" href="//pokemonshowdown.com/ladder/">Ladder</a></li>
			<li><a class="button nav-last" href="//pokemonshowdown.com/forums/">Forum</a></li>
			<li><a class="button greenbutton nav-first nav-last" href="//play.pokemonshowdown.com/">Play</a></li>
		</ul></div>
	</header>

	<div class="main" id="main">

		<noscript><section class="section">You need to enable JavaScript to use this page; sorry!</section></noscript>

	</div>

</div>

<script defer nomodule src="//play.pokemonshowdown.com/js/lib/ps-polyfill.js"></script>
<script defer src="//play.pokemonshowdown.com/js/lib/preact.min.js"></script>

<script defer src="//play.pokemonshowdown.com/config/config.js?2bddbc15"></script>
<script defer src="//play.pokemonshowdown.com/js/lib/jquery-1.11.0.min.js"></script>
<script defer src="//play.pokemonshowdown.com/js/lib/html-sanitizer-minified.js"></script>
<script defer src="//play.pokemonshowdown.com/js/battle-sound.js"></script>
<script defer src="//play.pokemonshowdown.com/js/battledata.js?0.7209276989879541"></script>
<script defer src="//play.pokemonshowdown.com/data/pokedex-mini.js?0.6111056340867951"></script>
<script defer src="//play.pokemonshowdown.com/data/pokedex-mini-bw.js?0.3532142036491459"></script>
<script defer src="//play.pokemonshowdown.com/data/graphics.js?0.24223875632456182"></script>
<script defer src="//play.pokemonshowdown.com/data/pokedex.js?0.38839984266356864"></script>
<script defer src="//play.pokemonshowdown.com/data/moves.js?0.21866028504024015"></script>
<script defer src="//play.pokemonshowdown.com/data/abilities.js?0.2005157953846628"></script>
<script defer src="//play.pokemonshowdown.com/data/items.js?0.9894211263848525"></script>
<script defer src="//play.pokemonshowdown.com/data/teambuilder-tables.js?0.6008791140282215"></script>
<script defer src="//play.pokemonshowdown.com/js/battle-tooltips.js?0.7580118955022959"></script>
<script defer src="//play.pokemonshowdown.com/js/battle.js?0.6057722274234274"></script>

<script defer src="js/utils.js?e31f9a17"></script>
<script defer src="js/replays-battle.js?7008c182"></script>

<!-- don't scrape this data! just add .json or .log after the URL!
Full API docs: https://github.com/smogon/pokemon-showdown-client/blob/master/WEB-API.md -->
<script type="text/plain" class="log" id="replaylog-smogtours-gen3ou-802700">
|inactive|Battle timer is ON: inactive players will automatically lose when time's up.
|t:|1730060033
|gametype|singles
|player|p1|Jnho|caitlin|
|player|p2|Elian|erika-gen2|
|teamsize|p1|6
|teamsize|p2|6
|gen|3
|tier|[Gen 3] OU
|rule|Sleep Clause Mod: Limit one foe put to sleep
|rule|Switch Priority Clause Mod: Faster Pokémon switch first
|rule|Species Clause: Limit one of each Pokémon
|rule|OHKO Clause: OHKO moves are banned
|rule|Evasion Items Clause: Evasion items are banned
|rule|Evasion Moves Clause: Evasion moves are banned
|rule|Endless Battle Clause: Forcing endless battles is banned
|rule|HP Percentage Mod: HP is shown in percentages
|rule|One Boost Passer Clause: Limit one Baton Passer that has a way to boost its stats
|rule|Freeze Clause Mod: Limit one foe frozen
|
|t:|1730060033
|start
|switch|p1a: Metagross|Metagross|100/100
|switch|p2a: Calafiori|Tyranitar, F|100/100
|-weather|Sandstorm|[from] ability: Sand Stream|[of] p2a: Calafiori
|turn|1
|c|☆Elian|hf
|
|t:|1730060041
|switch|p2a: El memote|Charizard, F|100/100
|move|p1a: Metagross|Explosion|p2a: El memote
|-damage|p2a: El memote|0 fnt
|faint|p1a: Metagross
|faint|p2a: El memote
|c|☆Jnho|u2
|
|t:|1730060048
|switch|p2a: Timber|Claydol|100/100
|switch|p1a: Snorlax|Snorlax, M|100/100
|
|-weather|Sandstorm|[upkeep]
|-damage|p1a: Snorlax|94/100|[from] Sandstorm
|upkeep
|turn|2
|
|t:|1730060052
|switch|p2a: Ninjask?|Metagross|100/100
|move|p1a: Snorlax|Body Slam|p2a: Ninjask?
|-resisted|p2a: Ninjask?
|-damage|p2a: Ninjask?|75/100
|
|-weather|Sandstorm|[upkeep]
|-damage|p1a: Snorlax|88/100|[from] Sandstorm
|-heal|p2a: Ninjask?|81/100|[from] item: Leftovers
|upkeep
|turn|3
|
|t:|1730060057
|switch|p1a: Magneton|Magneton|100/100
|move|p2a: Ninjask?|Meteor Mash|p1a: Magneton
|-resisted|p1a: Magneton
|-damage|p1a: Magneton|80/100
|-boost|p2a: Ninjask?|atk|1
|
|-weather|Sandstorm|[upkeep]
|-heal|p2a: Ninjask?|87/100|[from] item: Leftovers
|upkeep
|turn|4
|
|t:|1730060060
|move|p1a: Magneton|Thunderbolt|p2a: Ninjask?
|-damage|p2a: Ninjask?|33/100
|-status|p2a: Ninjask?|par
|cant|p2a: Ninjask?|par
|
|-weather|Sandstorm|[upkeep]
|-heal|p2a: Ninjask?|40/100 par|[from] item: Leftovers
|upkeep
|turn|5
|
|t:|1730060067
|move|p1a: Magneton|Hidden Power|p2a: Ninjask?
|-resisted|p2a: Ninjask?
|-damage|p2a: Ninjask?|27/100 par
|cant|p2a: Ninjask?|par
|
|-weather|Sandstorm|[upkeep]
|-heal|p2a: Ninjask?|33/100 par|[from] item: Leftovers
|upkeep
|turn|6
|c|☆Elian|sigh
|
|t:|1730060075
|move|p1a: Magneton|Thunderbolt|p2a: Ninjask?
|-damage|p2a: Ninjask?|0 fnt
|faint|p2a: Ninjask?
|
|t:|1730060080
|switch|p2a: Calafiori|Tyranitar, F|100/100
|
|-weather|Sandstorm|[upkeep]
|upkeep
|turn|7
|
|t:|1730060084
|move|p1a: Magneton|Thunderbolt|p2a: Calafiori
|-damage|p2a: Calafiori|62/100
|move|p2a: Calafiori|Earthquake|p1a: Magneton
|-supereffective|p1a: Magneton
|-damage|p1a: Magneton|0 fnt
|faint|p1a: Magneton
|
|t:|1730060090
|switch|p1a: Snorlax|Snorlax, M|88/100
|
|-weather|Sandstorm|[upkeep]
|-damage|p1a: Snorlax|82/100|[from] Sandstorm
|-heal|p2a: Calafiori|68/100|[from] item: Leftovers
|upkeep
|turn|8
|
|t:|1730060095
|switch|p2a: Timber|Claydol|100/100
|move|p1a: Snorlax|Body Slam|p2a: Timber
|-damage|p2a: Timber|33/100
|
|-weather|Sandstorm|[upkeep]
|-damage|p1a: Snorlax|76/100|[from] Sandstorm
|-heal|p2a: Timber|39/100|[from] item: Leftovers
|upkeep
|turn|9
|
|t:|1730060102
|switch|p1a: Tyranitar|Tyranitar, M|100/100
|move|p2a: Timber|Explosion|p1a: Tyranitar
|-resisted|p1a: Tyranitar
|-damage|p1a: Tyranitar|32/100
|faint|p2a: Timber
|
|t:|1730060108
|switch|p2a: Huerta>Mbappe|Starmie|100/100
|
|-weather|Sandstorm|[upkeep]
|-damage|p2a: Huerta>Mbappe|95/100|[from] Sandstorm
|-heal|p2a: Huerta>Mbappe|100/100|[from] item: Leftovers
|upkeep
|turn|10
|
|t:|1730060111
|move|p2a: Huerta>Mbappe|Hydro Pump|p1a: Tyranitar
|-supereffective|p1a: Tyranitar
|-damage|p1a: Tyranitar|0 fnt
|faint|p1a: Tyranitar
|
|t:|1730060112
|switch|p1a: Snorlax|Snorlax, M|76/100
|
|-weather|Sandstorm|[upkeep]
|-damage|p2a: Huerta>Mbappe|95/100|[from] Sandstorm
|-damage|p1a: Snorlax|70/100|[from] Sandstorm
|-heal|p2a: Huerta>Mbappe|100/100|[from] item: Leftovers
|upkeep
|turn|11
|
|t:|1730060115
|move|p2a: Huerta>Mbappe|Hydro Pump|p1a: Snorlax
|-damage|p1a: Snorlax|41/100
|move|p1a: Snorlax|Earthquake|p2a: Huerta>Mbappe
|-damage|p2a: Huerta>Mbappe|35/100
|
|-weather|Sandstorm|[upkeep]
|-damage|p2a: Huerta>Mbappe|29/100|[from] Sandstorm
|-damage|p1a: Snorlax|35/100|[from] Sandstorm
|-heal|p2a: Huerta>Mbappe|35/100|[from] item: Leftovers
|upkeep
|turn|12
|
|t:|1730060121
|move|p2a: Huerta>Mbappe|Hydro Pump|p1a: Snorlax|[miss]
|-miss|p2a: Huerta>Mbappe|p1a: Snorlax
|move|p1a: Snorlax|Earthquake|p2a: Huerta>Mbappe
|-damage|p2a: Huerta>Mbappe|0 fnt
|faint|p2a: Huerta>Mbappe
|
|t:|1730060123
|switch|p2a: Calafiori|Tyranitar, F|68/100
|
|-weather|Sandstorm|[upkeep]
|-damage|p1a: Snorlax|29/100|[from] Sandstorm
|-heal|p2a: Calafiori|74/100|[from] item: Leftovers
|upkeep
|turn|13
|
|t:|1730060129
|move|p2a: Calafiori|Earthquake|p1a: Snorlax
|-crit|p1a: Snorlax
|-damage|p1a: Snorlax|0 fnt
|faint|p1a: Snorlax
|
|t:|1730060132
|switch|p1a: Celebi|Celebi|100/100
|
|-weather|Sandstorm|[upkeep]
|-damage|p1a: Celebi|94/100|[from] Sandstorm
|-heal|p1a: Celebi|100/100|[from] item: Leftovers
|-heal|p2a: Calafiori|80/100|[from] item: Leftovers
|upkeep
|turn|14
|
|t:|1730060134
|switch|p2a: Me at 3 am|Snorlax, F|100/100
|move|p1a: Celebi|Leech Seed|p2a: Me at 3 am
|-start|p2a: Me at 3 am|move: Leech Seed
|
|-weather|Sandstorm|[upkeep]
|-damage|p1a: Celebi|94/100|[from] Sandstorm
|-damage|p2a: Me at 3 am|94/100|[from] Sandstorm
|-heal|p1a: Celebi|100/100|[from] item: Leftovers
|-heal|p2a: Me at 3 am|100/100|[from] item: Leftovers
|-damage|p2a: Me at 3 am|88/100|[from] Leech Seed|[of] p1a: Celebi
|upkeep
|turn|15
|
|t:|1730060137
|move|p1a: Celebi|Substitute|p1a: Celebi
|-start|p1a: Celebi|Substitute
|-damage|p1a: Celebi|75/100
|move|p2a: Me at 3 am|Body Slam|p1a: Celebi
|-end|p1a: Celebi|Substitute
|
|-weather|Sandstorm|[upkeep]
|-damage|p1a: Celebi|69/100|[from] Sandstorm
|-damage|p2a: Me at 3 am|82/100|[from] Sandstorm
|-heal|p1a: Celebi|75/100|[from] item: Leftovers
|-heal|p2a: Me at 3 am|88/100|[from] item: Leftovers
|-damage|p2a: Me at 3 am|76/100|[from] Leech Seed|[of] p1a: Celebi
|-heal|p1a: Celebi|90/100|[silent]
|upkeep
|turn|16
|
|t:|1730060139
|move|p1a: Celebi|Substitute|p1a: Celebi
|-start|p1a: Celebi|Substitute
|-damage|p1a: Celebi|65/100
|move|p2a: Me at 3 am|Shadow Ball|p1a: Celebi
|-supereffective|p1a: Celebi
|-end|p1a: Celebi|Substitute
|
|-weather|Sandstorm|[upkeep]
|-damage|p1a: Celebi|59/100|[from] Sandstorm
|-damage|p2a: Me at 3 am|69/100|[from] Sandstorm
|-heal|p1a: Celebi|65/100|[from] item: Leftovers
|-heal|p2a: Me at 3 am|76/100|[from] item: Leftovers
|-damage|p2a: Me at 3 am|63/100|[from] Leech Seed|[of] p1a: Celebi
|-heal|p1a: Celebi|79/100|[silent]
|upkeep
|turn|17
|
|t:|1730060142
|move|p1a: Celebi|Substitute|p1a: Celebi
|-start|p1a: Celebi|Substitute
|-damage|p1a: Celebi|54/100
|move|p2a: Me at 3 am|Body Slam|p1a: Celebi
|-end|p1a: Celebi|Substitute
|
|-weather|Sandstorm|[upkeep]
|-damage|p1a: Celebi|48/100|[from] Sandstorm
|-damage|p2a: Me at 3 am|57/100|[from] Sandstorm
|-heal|p1a: Celebi|54/100|[from] item: Leftovers
|-heal|p2a: Me at 3 am|63/100|[from] item: Leftovers
|-damage|p2a: Me at 3 am|51/100|[from] Leech Seed|[of] p1a: Celebi
|-heal|p1a: Celebi|69/100|[silent]
|upkeep
|turn|18
|
|t:|1730060146
|move|p1a: Celebi|Substitute|p1a: Celebi
|-start|p1a: Celebi|Substitute
|-damage|p1a: Celebi|44/100
|move|p2a: Me at 3 am|Shadow Ball|p1a: Celebi
|-supereffective|p1a: Celebi
|-end|p1a: Celebi|Substitute
|
|-weather|Sandstorm|[upkeep]
|-damage|p1a: Celebi|37/100|[from] Sandstorm
|-damage|p2a: Me at 3 am|44/100|[from] Sandstorm
|-heal|p1a: Celebi|44/100|[from] item: Leftovers
|-heal|p2a: Me at 3 am|51/100|[from] item: Leftovers
|-damage|p2a: Me at 3 am|38/100|[from] Leech Seed|[of] p1a: Celebi
|-heal|p1a: Celebi|58/100|[silent]
|upkeep
|turn|19
|
|t:|1730060149
|switch|p2a: Calafiori|Tyranitar, F|80/100
|move|p1a: Celebi|Substitute|p1a: Celebi
|-start|p1a: Celebi|Substitute
|-damage|p1a: Celebi|33/100
|
|-weather|Sandstorm|[upkeep]
|-damage|p1a: Celebi|27/100|[from] Sandstorm
|-heal|p1a: Celebi|33/100|[from] item: Leftovers
|-heal|p2a: Calafiori|87/100|[from] item: Leftovers
|upkeep
|turn|20
|
|t:|1730060151
|move|p1a: Celebi|Leech Seed|p2a: Calafiori
|-start|p2a: Calafiori|move: Leech Seed
|move|p2a: Calafiori|Rock Slide|p1a: Celebi
|-end|p1a: Celebi|Substitute
|
|-weather|Sandstorm|[upkeep]
|-damage|p1a: Celebi|27/100|[from] Sandstorm
|-heal|p1a: Celebi|33/100|[from] item: Leftovers
|-heal|p2a: Calafiori|93/100|[from] item: Leftovers
|-damage|p2a: Calafiori|80/100|[from] Leech Seed|[of] p1a: Celebi
|-heal|p1a: Celebi|45/100|[silent]
|upkeep
|turn|21
|
|t:|1730060156
|switch|p2a: Me at 3 am|Snorlax, F|38/100
|move|p1a: Celebi|Substitute|p1a: Celebi
|-start|p1a: Celebi|Substitute
|-damage|p1a: Celebi|20/100
|
|-weather|Sandstorm|[upkeep]
|-damage|p1a: Celebi|14/100|[from] Sandstorm
|-damage|p2a: Me at 3 am|32/100|[from] Sandstorm
|-heal|p1a: Celebi|20/100|[from] item: Leftovers
|-heal|p2a: Me at 3 am|38/100|[from] item: Leftovers
|upkeep
|turn|22
|
|t:|1730060159
|move|p1a: Celebi|Leech Seed|p2a: Me at 3 am|[miss]
|-miss|p1a: Celebi|p2a: Me at 3 am
|move|p2a: Me at 3 am|Shadow Ball|p1a: Celebi
|-supereffective|p1a: Celebi
|-end|p1a: Celebi|Substitute
|
|-weather|Sandstorm|[upkeep]
|-damage|p1a: Celebi|14/100|[from] Sandstorm
|-damage|p2a: Me at 3 am|32/100|[from] Sandstorm
|-heal|p1a: Celebi|20/100|[from] item: Leftovers
|-heal|p2a: Me at 3 am|38/100|[from] item: Leftovers
|upkeep
|turn|23
|
|t:|1730060163
|switch|p1a: Salamence|Salamence, M|100/100
|-ability|p1a: Salamence|Intimidate|boost
|-unboost|p2a: Me at 3 am|atk|1
|move|p2a: Me at 3 am|Shadow Ball|p1a: Salamence
|-damage|p1a: Salamence|78/100
|
|-weather|Sandstorm|[upkeep]
|-damage|p1a: Salamence|71/100|[from] Sandstorm
|-damage|p2a: Me at 3 am|32/100|[from] Sandstorm
|-heal|p1a: Salamence|78/100|[from] item: Leftovers
|-heal|p2a: Me at 3 am|38/100|[from] item: Leftovers
|upkeep
|turn|24
|
|t:|1730060171
|move|p1a: Salamence|Dragon Dance|p1a: Salamence
|-boost|p1a: Salamence|atk|1
|-boost|p1a: Salamence|spe|1
|move|p2a: Me at 3 am|Self-Destruct|p1a: Salamence
|-damage|p1a: Salamence|0 fnt
|faint|p2a: Me at 3 am
|faint|p1a: Salamence
|
|t:|1730060174
|switch|p1a: Celebi|Celebi|20/100
|switch|p2a: Calafiori|Tyranitar, F|80/100
|
|-weather|Sandstorm|[upkeep]
|-damage|p1a: Celebi|14/100|[from] Sandstorm
|-heal|p1a: Celebi|20/100|[from] item: Leftovers
|-heal|p2a: Calafiori|87/100|[from] item: Leftovers
|upkeep
|turn|25
|
|t:|1730060177
|move|p1a: Celebi|Leech Seed|p2a: Calafiori
|-start|p2a: Calafiori|move: Leech Seed
|move|p2a: Calafiori|Rock Slide|p1a: Celebi
|-damage|p1a: Celebi|0 fnt
|faint|p1a: Celebi
|
|win|Elian
|c|☆Jnho|gg

</script>
<script type="application/json" class="data" id="replaydata-smogtours-gen3ou-802700">
{"id":"smogtours-gen3ou-802700","format":"[Gen 3] OU","players":["Jnho","Elian"],"uploadtime":1730060177,"views":75,"formatid":"gen3ou","rating":null,"private":0,"password":null}
</script>

<script defer src="js/replays.js?9d40a366"></script>
