<!DOCTYPE html>
<meta charset="utf-8" />
<meta name="viewport" content="width=device-width" />

<title>[Gen 3] OU: euph0riADV vs. Big_Squatto - Replays - Pok&eacute;mon Showdown!</title>

<meta name="description" content="Watch a replay of a Pok&eacute;mon battle between euph0riADV and Big_Squatto! Format: [Gen 3] OU; Date: Oct 29, 2024" />
<!--

Hey, you! Looking in the source for the replay log?

You can find them in JSON format, just add `.json` at the end of a replay URL.

https://replay.pokemonshowdown.com/gen7randomdoublesbattle-865046831.json

Or, if you only need the log itself, add `.log` instead:

https://replay.pokemonshowdown.com/gen7randomdoublesbattle-865046831.log

-->

<link rel="stylesheet" href="//pokemonshowdown.com/style/global.css?0.023195364461161105" />
<link rel="stylesheet" href="//play.pokemonshowdown.com/style/font-awesome.css?0.13261647063804238" />
<link rel="stylesheet" href="//play.pokemonshowdown.com/style/battle.css?0.8753245789963631" />
<link rel="stylesheet" href="//play.pokemonshowdown.com/style/utilichart.css?0.8627959624976733" />

<!-- Global site tag (gtag.js) - Google Analytics -->
<script async src="https://www.googletagmanager.com/gtag/js?id=UA-26211653-1"></script>
<script>
  window.dataLayer = window.dataLayer || [];
  function gtag(){dataLayer.push(arguments);}
  gtag('js', new Date());

  gtag('config', 'UA-26211653-1');
</script>
<!-- End Google Analytics -->
<!-- Venatus Ad Manager - Install in <HEAD> of page -->
	<script src="https://hb.vntsm.com/v3/live/ad-manager.min.js" type="text/javascript" data-site-id="642aba63ec9a7b11c3c9c1be" data-mode="scan" async></script>
<!-- / Venatus Ad Manager -->

<style>
	@media (max-width:820px) {
		.battle {
			margin: 0 auto;
		}
		.battle-log {
			margin: 7px auto 0;
			max-width: 640px;
			height: 300px;
			position: static;
		}
	}
	.optgroup {
		display: inline-block;
		line-height: 22px;
		font-size: 10pt;
	}
	.optgroup .button {
		height: 25px;
		padding-top: 0;
		padding-bottom: 0;
	}
	.optgroup button.button {
		padding-left: 12px;
		padding-right: 12px;
	}
	.linklist {
		list-style: none;
		margin: 0.5em 0;
		padding: 0;
	}
	.linklist li {
		padding: 2px 0;
	}
	.sidebar {
		float: left;
		width: 320px;
	}
	.bar-wrapper {
		max-width: 1100px;
		margin: 0 auto;
	}
	.bar-wrapper.has-sidebar {
		max-width: 1430px;
	}
	.mainbar {
		margin: 0;
		padding-right: 1px;
	}
	.mainbar.has-sidebar {
		margin-left: 330px;
	}
	@media (min-width: 1511px) {
		.sidebar {
			width: 400px;
		}
		.bar-wrapper.has-sidebar {
			max-width: 1510px;
		}
		.mainbar.has-sidebar {
			margin-left: 410px;
		}
	}
	.section.first-section {
		margin-top: 9px;
	}
	.blocklink small {
		white-space: normal;
	}
	.button {
		vertical-align: middle;
	}
	.replay-controls {
		padding-top: 10px;
	}
	.replay-controls h1 {
		font-size: 16pt;
		font-weight: normal;
		color: #CCC;
	}
	.pagelink {
		text-align: center;
	}
	.pagelink a {
		width: 150px;
	}
	.textbox, .button {
		font-size: 11pt;
		vertical-align: middle;
	}
	@media (max-width: 450px) {
		.button {
			font-size: 9pt;
		}
	}
</style>

<div>

	<header>
		<div class="nav-wrapper"><ul class="nav">
			<li><a class="button nav-first" href="//pokemonshowdown.com/"><img src="//pokemonshowdown.com/images/pokemonshowdownbeta.png" srcset="//pokemonshowdown.com/images/pokemonshowdownbeta.png 1x, //pokemonshowdown.com/images/pokemonshowdownbeta@2x.png 2x" alt="Pok&eacute;mon Showdown" width="146" height="44" /> Home</a></li>
			<li><a class="button" href="//pokemonshowdown.com/dex/">Pok&eacute;dex</a></li>
			<li><a class="button cur" href="/">Replays</a></li>
			<li><a class="button" href="//pokemonshowdown.com/ladder/">Ladder</a></li>
			<li><a class="button nav-last" href="//pokemonshowdown.com/forums/">Forum</a></li>
			<li><a class="button greenbutton nav-first nav-last" href="//play.pokemonshowdown.com/">Play</a></li>
		</ul></div>
	</header>

	<div class="main" id="main">

		<noscript><section class="section">You need to enable JavaScript to use this page; sorry!</section></noscript>

	</div>

</div>

<script defer nomodule src="//play.pokemonshowdown.com/js/lib/ps-polyfill.js"></script>
<script defer src="//play.pokemonshowdown.com/js/lib/preact.min.js"></script>

<script defer src="//play.pokemonshowdown.com/config/config.js?2bddbc15"></script>
<script defer src="//play.pokemonshowdown.com/js/lib/jquery-1.11.0.min.js"></script>
<script defer src="//play.pokemonshowdown.com/js/lib/html-sanitizer-minified.js"></script>
<script defer src="//play.pokemonshowdown.com/js/battle-sound.js"></script>
<script defer src="//play.pokemonshowdown.com/js/battledata.js?0.7209276989879541"></script>
<script defer src="//play.pokemonshowdown.com/data/pokedex-mini.js?0.6111056340867951"></script>
<script defer src="//play.pokemonshowdown.com/data/pokedex-mini-bw.js?0.3532142036491459"></script>
<script defer src="//play.pokemonshowdown.com/data/graphics.js?0.24223875632456182"></script>
<script defer src="//play.pokemonshowdown.com/data/pokedex.js?0.38839984266356864"></script>
<script defer src="//play.pokemonshowdown.com/data/moves.js?0.21866028504024015"></script>
<script defer src="//play.pokemonshowdown.com/data/abilities.js?0.2005157953846628"></script>
<script defer src="//play.pokemonshowdown.com/data/items.js?0.9894211263848525"></script>
<script defer src="//play.pokemonshowdown.com/data/teambuilder-tables.js?0.6008791140282215"></script>
<script defer src="//play.pokemonshowdown.com/js/battle-tooltips.js?0.7580118955022959"></script>
<script defer src="//play.pokemonshowdown.com/js/battle.js?0.6057722274234274"></script>

<script defer src="js/utils.js?e31f9a17"></script>
<script defer src="js/replays-battle.js?7008c182"></script>

<!-- don't scrape this data! just add .json or .log after the URL!
Full API docs: https://github.com/smogon/pokemon-showdown-client/blob/master/WEB-API.md -->
<script type="text/plain" class="log" id="replaylog-smogtours-gen3ou-803193">
|inactive|Battle timer is ON: inactive players will automatically lose when time's up.
|t:|1730160180
|gametype|singles
|player|p1|euph0riADV|whitney|
|player|p2|Big_Squatto|barry|
|teamsize|p1|6
|teamsize|p2|6
|gen|3
|tier|[Gen 3] OU
|rule|Sleep Clause Mod: Limit one foe put to sleep
|rule|Switch Priority Clause Mod: Faster Pokémon switch first
|rule|Species Clause: Limit one of each Pokémon
|rule|OHKO Clause: OHKO moves are banned
|rule|Evasion Items Clause: Evasion items are banned
|rule|Evasion Moves Clause: Evasion moves are banned
|rule|Endless Battle Clause: Forcing endless battles is banned
|rule|HP Percentage Mod: HP is shown in percentages
|rule|One Boost Passer Clause: Limit one Baton Passer that has a way to boost its stats
|rule|Freeze Clause Mod: Limit one foe frozen
|
|t:|1730160180
|start
|switch|p1a: Drift|Zapdos|100/100
|switch|p2a: Salamence|Salamence, M|100/100
|-ability|p2a: Salamence|Intimidate|boost
|-unboost|p1a: Drift|atk|1
|turn|1
|c|☆euph0riADV|hf
|c|☆Big_Squatto|u2
|
|t:|1730160201
|move|p2a: Salamence|Rock Slide|p1a: Drift
|-supereffective|p1a: Drift
|-damage|p1a: Drift|9/100
|move|p1a: Drift|Substitute|p1a: Drift
|-fail|p1a: Drift|move: Substitute|[weak]
|
|-heal|p1a: Drift|15/100|[from] item: Leftovers
|upkeep
|turn|2
|
|t:|1730160215
|switch|p2a: Skarmory|Skarmory, M, shiny|100/100
|switch|p1a: Puddle|Swampert, M|100/100
|
|upkeep
|turn|3
|
|t:|1730160242
|switch|p1a: Drift|Zapdos|15/100
|move|p2a: Skarmory|Spikes|p1a: Drift
|-sidestart|p1: euph0riADV|Spikes
|
|-heal|p1a: Drift|21/100|[from] item: Leftovers
|upkeep
|turn|4
|
|t:|1730160251
|switch|p2a: Blissey|Blissey, F|100/100
|move|p1a: Drift|Thunderbolt|p2a: Blissey
|-damage|p2a: Blissey|80/100
|
|-heal|p1a: Drift|28/100|[from] item: Leftovers
|-heal|p2a: Blissey|86/100|[from] item: Leftovers
|upkeep
|turn|5
|
|t:|1730160269
|switch|p1a: Puddle|Swampert, M|100/100
|-damage|p1a: Puddle|88/100|[from] Spikes
|move|p2a: Blissey|Ice Beam|p1a: Puddle
|-damage|p1a: Puddle|68/100
|
|-heal|p2a: Blissey|92/100|[from] item: Leftovers
|-heal|p1a: Puddle|74/100|[from] item: Leftovers
|upkeep
|turn|6
|
|t:|1730160279
|switch|p2a: Gyarados|Gyarados, F|100/100
|-ability|p2a: Gyarados|Intimidate|boost
|-unboost|p1a: Puddle|atk|1
|move|p1a: Puddle|Earthquake|p2a: Gyarados
|-immune|p2a: Gyarados
|
|-heal|p1a: Puddle|80/100|[from] item: Leftovers
|upkeep
|turn|7
|inactive|euph0riADV has 270 seconds left.
|
|t:|1730160313
|switch|p2a: Blissey|Blissey, F|92/100
|move|p1a: Puddle|Rain Dance|p1a: Puddle
|-weather|RainDance
|
|-weather|RainDance|[upkeep]
|-heal|p2a: Blissey|98/100|[from] item: Leftovers
|-heal|p1a: Puddle|86/100|[from] item: Leftovers
|upkeep
|turn|8
|
|t:|1730160321
|move|p2a: Blissey|Thunder Wave|p1a: Puddle
|-immune|p1a: Puddle
|move|p1a: Puddle|Earthquake|p2a: Blissey
|-damage|p2a: Blissey|71/100
|
|-weather|RainDance|[upkeep]
|-heal|p2a: Blissey|77/100|[from] item: Leftovers
|-heal|p1a: Puddle|93/100|[from] item: Leftovers
|upkeep
|turn|9
|
|t:|1730160329
|move|p2a: Blissey|Ice Beam|p1a: Puddle
|-damage|p1a: Puddle|70/100
|move|p1a: Puddle|Surf|p2a: Blissey
|-damage|p2a: Blissey|59/100
|
|-weather|RainDance|[upkeep]
|-heal|p2a: Blissey|65/100|[from] item: Leftovers
|-heal|p1a: Puddle|77/100|[from] item: Leftovers
|upkeep
|turn|10
|
|t:|1730160346
|move|p2a: Blissey|Thunder Wave|p1a: Puddle
|-immune|p1a: Puddle
|move|p1a: Puddle|Earthquake|p2a: Blissey
|-damage|p2a: Blissey|41/100
|
|-weather|RainDance|[upkeep]
|-heal|p2a: Blissey|47/100|[from] item: Leftovers
|-heal|p1a: Puddle|83/100|[from] item: Leftovers
|upkeep
|turn|11
|
|t:|1730160355
|move|p2a: Blissey|Soft-Boiled|p2a: Blissey
|-heal|p2a: Blissey|97/100
|move|p1a: Puddle|Earthquake|p2a: Blissey
|-damage|p2a: Blissey|73/100
|
|-weather|none
|-heal|p2a: Blissey|79/100|[from] item: Leftovers
|-heal|p1a: Puddle|89/100|[from] item: Leftovers
|upkeep
|turn|12
|
|t:|1730160368
|move|p2a: Blissey|Soft-Boiled|p2a: Blissey
|-heal|p2a: Blissey|100/100
|move|p1a: Puddle|Earthquake|p2a: Blissey
|-damage|p2a: Blissey|77/100
|
|-heal|p2a: Blissey|83/100|[from] item: Leftovers
|-heal|p1a: Puddle|95/100|[from] item: Leftovers
|upkeep
|turn|13
|
|t:|1730160376
|move|p1a: Puddle|Earthquake|p2a: Blissey
|-damage|p2a: Blissey|59/100
|move|p2a: Blissey|Counter|p1a: Puddle
|-damage|p1a: Puddle|17/100
|
|-heal|p2a: Blissey|65/100|[from] item: Leftovers
|-heal|p1a: Puddle|23/100|[from] item: Leftovers
|upkeep
|turn|14
|
|t:|1730160383
|switch|p1a: Knot|Dugtrio, M, shiny|100/100
|-damage|p1a: Knot|88/100|[from] Spikes
|move|p2a: Blissey|Soft-Boiled|p2a: Blissey
|-heal|p2a: Blissey|100/100
|
|upkeep
|turn|15
|
|t:|1730160390
|move|p1a: Knot|Beat Up|p2a: Blissey
|-damage|p2a: Blissey|90/100
|-damage|p2a: Blissey|79/100
|-damage|p2a: Blissey|67/100
|-damage|p2a: Blissey|55/100
|-damage|p2a: Blissey|43/100
|-damage|p2a: Blissey|35/100
|-hitcount|p2a: Blissey|6
|move|p2a: Blissey|Ice Beam|p1a: Knot
|-supereffective|p1a: Knot
|-damage|p1a: Knot|14/100
|-status|p1a: Knot|frz
|
|-heal|p2a: Blissey|41/100|[from] item: Leftovers
|upkeep
|turn|16
|c|☆Big_Squatto|mb
|
|t:|1730160415
|switch|p1a: Book|Celebi|100/100
|-damage|p1a: Book|88/100|[from] Spikes
|move|p2a: Blissey|Ice Beam|p1a: Book
|-supereffective|p1a: Book
|-damage|p1a: Book|43/100
|
|-heal|p1a: Book|49/100|[from] item: Leftovers
|-heal|p2a: Blissey|47/100|[from] item: Leftovers
|upkeep
|turn|17
|
|t:|1730160424
|move|p1a: Book|Leech Seed|p2a: Blissey|[miss]
|-miss|p1a: Book|p2a: Blissey
|move|p2a: Blissey|Ice Beam|p1a: Book
|-supereffective|p1a: Book
|-damage|p1a: Book|7/100
|
|-heal|p1a: Book|13/100|[from] item: Leftovers
|-heal|p2a: Blissey|53/100|[from] item: Leftovers
|upkeep
|turn|18
|
|t:|1730160435
|switch|p2a: Salamence|Salamence, M|100/100
|-ability|p2a: Salamence|Intimidate|boost
|-unboost|p1a: Book|atk|1
|move|p1a: Book|Leech Seed|p2a: Salamence
|-start|p2a: Salamence|move: Leech Seed
|
|-damage|p2a: Salamence|88/100|[from] Leech Seed|[of] p1a: Book
|-heal|p1a: Book|23/100|[silent]
|-heal|p1a: Book|29/100|[from] item: Leftovers
|upkeep
|turn|19
|
|t:|1730160443
|switch|p1a: Knot|Dugtrio, M, shiny|14/100 frz
|-damage|p1a: Knot|2/100 frz|[from] Spikes
|move|p2a: Salamence|Hidden Power|p1a: Knot
|-crit|p1a: Knot
|-damage|p1a: Knot|0 fnt
|faint|p1a: Knot
|inactive|euph0riADV has 270 seconds left.
|
|t:|1730160488
|switch|p1a: Bubble Dream|Kingdra, F|100/100
|-damage|p1a: Bubble Dream|88/100|[from] Spikes
|
|-damage|p2a: Salamence|76/100|[from] Leech Seed|[of] p1a: Bubble Dream
|-heal|p1a: Bubble Dream|99/100|[silent]
|-heal|p1a: Bubble Dream|100/100|[from] item: Leftovers
|upkeep
|turn|20
|
|t:|1730160497
|switch|p2a: Blissey|Blissey, F|53/100
|move|p1a: Bubble Dream|Rain Dance|p1a: Bubble Dream
|-weather|RainDance
|
|-weather|RainDance|[upkeep]
|-heal|p2a: Blissey|59/100|[from] item: Leftovers
|upkeep
|turn|21
|
|t:|1730160502
|move|p1a: Bubble Dream|Hydro Pump|p2a: Blissey
|-damage|p2a: Blissey|24/100
|move|p2a: Blissey|Soft-Boiled|p2a: Blissey
|-heal|p2a: Blissey|74/100
|
|-weather|RainDance|[upkeep]
|-heal|p2a: Blissey|80/100|[from] item: Leftovers
|upkeep
|turn|22
|
|t:|1730160510
|move|p1a: Bubble Dream|Substitute|p1a: Bubble Dream
|-start|p1a: Bubble Dream|Substitute
|-damage|p1a: Bubble Dream|76/100
|move|p2a: Blissey|Soft-Boiled|p2a: Blissey
|-heal|p2a: Blissey|100/100
|
|-weather|RainDance|[upkeep]
|-heal|p1a: Bubble Dream|82/100|[from] item: Leftovers
|upkeep
|turn|23
|
|t:|1730160517
|move|p1a: Bubble Dream|Ice Beam|p2a: Blissey
|-damage|p2a: Blissey|89/100
|move|p2a: Blissey|Ice Beam|p1a: Bubble Dream
|-crit|p1a: Bubble Dream
|-end|p1a: Bubble Dream|Substitute
|
|-weather|RainDance|[upkeep]
|-heal|p1a: Bubble Dream|88/100|[from] item: Leftovers
|-heal|p2a: Blissey|95/100|[from] item: Leftovers
|upkeep
|turn|24
|
|t:|1730160527
|switch|p1a: Perfect Pillow|Ludicolo, M, shiny|100/100
|-damage|p1a: Perfect Pillow|88/100|[from] Spikes
|move|p2a: Blissey|Ice Beam|p1a: Perfect Pillow
|-damage|p1a: Perfect Pillow|62/100
|
|-weather|none
|-heal|p1a: Perfect Pillow|68/100|[from] item: Leftovers
|-heal|p2a: Blissey|100/100|[from] item: Leftovers
|upkeep
|turn|25
|
|t:|1730160549
|move|p1a: Perfect Pillow|Leech Seed|p2a: Blissey|[miss]
|-miss|p1a: Perfect Pillow|p2a: Blissey
|move|p2a: Blissey|Thunder Wave|p1a: Perfect Pillow
|-status|p1a: Perfect Pillow|par
|
|-heal|p1a: Perfect Pillow|74/100 par|[from] item: Leftovers
|upkeep
|turn|26
|
|t:|1730160560
|switch|p2a: Skarmory|Skarmory, M, shiny|100/100
|cant|p1a: Perfect Pillow|par
|
|-heal|p1a: Perfect Pillow|80/100 par|[from] item: Leftovers
|upkeep
|turn|27
|
|t:|1730160568
|switch|p1a: Drift|Zapdos|28/100
|move|p2a: Skarmory|Spikes|p1a: Drift
|-sidestart|p1: euph0riADV|Spikes
|
|-heal|p1a: Drift|34/100|[from] item: Leftovers
|upkeep
|turn|28
|
|t:|1730160575
|move|p1a: Drift|Substitute|p1a: Drift
|-start|p1a: Drift|Substitute
|-damage|p1a: Drift|9/100
|move|p2a: Skarmory|Roar|p1a: Drift
|drag|p1a: Perfect Pillow|Ludicolo, M, shiny|80/100 par
|-damage|p1a: Perfect Pillow|64/100 par|[from] Spikes
|
|-heal|p1a: Perfect Pillow|69/100 par|[from] item: Leftovers
|upkeep
|turn|29
|
|t:|1730160584
|move|p2a: Skarmory|Spikes|p1a: Perfect Pillow
|-sidestart|p1: euph0riADV|Spikes
|cant|p1a: Perfect Pillow|par
|
|-heal|p1a: Perfect Pillow|75/100 par|[from] item: Leftovers
|upkeep
|turn|30
|
|t:|1730160589
|move|p1a: Perfect Pillow|Leech Seed|p2a: Skarmory
|-start|p2a: Skarmory|move: Leech Seed
|move|p2a: Skarmory|Roar|p1a: Perfect Pillow
|drag|p1a: Book|Celebi|29/100
|-damage|p1a: Book|4/100|[from] Spikes
|
|-heal|p1a: Book|11/100|[from] item: Leftovers
|-damage|p2a: Skarmory|88/100|[from] Leech Seed|[of] p1a: Book
|-heal|p1a: Book|21/100|[silent]
|upkeep
|turn|31
|
|t:|1730160598
|switch|p2a: Salamence|Salamence, M|76/100
|-ability|p2a: Salamence|Intimidate|boost
|-unboost|p1a: Book|atk|1
|move|p1a: Book|Calm Mind|p1a: Book
|-boost|p1a: Book|spa|1
|-boost|p1a: Book|spd|1
|
|-heal|p1a: Book|27/100|[from] item: Leftovers
|upkeep
|turn|32
|
|t:|1730160621
|switch|p1a: Bubble Dream|Kingdra, F|88/100
|-damage|p1a: Bubble Dream|63/100|[from] Spikes
|move|p2a: Salamence|Hidden Power|p1a: Bubble Dream
|-crit|p1a: Bubble Dream
|-damage|p1a: Bubble Dream|0 fnt
|faint|p1a: Bubble Dream
|
|t:|1730160627
|switch|p1a: Perfect Pillow|Ludicolo, M, shiny|75/100 par
|-damage|p1a: Perfect Pillow|51/100 par|[from] Spikes
|
|-heal|p1a: Perfect Pillow|57/100 par|[from] item: Leftovers
|upkeep
|turn|33
|
|t:|1730160632
|move|p2a: Salamence|Hidden Power|p1a: Perfect Pillow
|-supereffective|p1a: Perfect Pillow
|-damage|p1a: Perfect Pillow|0 fnt
|faint|p1a: Perfect Pillow
|
|t:|1730160637
|switch|p1a: Drift|Zapdos|9/100
|
|-heal|p1a: Drift|15/100|[from] item: Leftovers
|upkeep
|turn|34
|
|t:|1730160641
|move|p2a: Salamence|Hidden Power|p1a: Drift
|-resisted|p1a: Drift
|-damage|p1a: Drift|0 fnt
|faint|p1a: Drift
|
|t:|1730160643
|switch|p1a: Puddle|Swampert, M|23/100
|-damage|p1a: Puddle|0 fnt|[from] Spikes
|faint|p1a: Puddle
|
|t:|1730160644
|switch|p1a: Book|Celebi|27/100
|-damage|p1a: Book|2/100|[from] Spikes
|
|-heal|p1a: Book|8/100|[from] item: Leftovers
|upkeep
|turn|35
|c|☆euph0riADV|gg
|c|☆Big_Squatto|gg
|
|t:|1730160651
|move|p2a: Salamence|Hidden Power|p1a: Book
|-supereffective|p1a: Book
|-damage|p1a: Book|0 fnt
|faint|p1a: Book
|
|win|Big_Squatto

</script>
<script type="application/json" class="data" id="replaydata-smogtours-gen3ou-803193">
{"id":"smogtours-gen3ou-803193","format":"[Gen 3] OU","players":["euph0riADV","Big_Squatto"],"uploadtime":1730160651,"views":59,"formatid":"gen3ou","rating":null,"private":0,"password":null}
</script>

<script defer src="js/replays.js?9d40a366"></script>
