<!DOCTYPE html>
<meta charset="utf-8" />
<meta name="viewport" content="width=device-width" />

<title>[Gen 3] OU: Xenocles vs. tamafuyu - Replays - Pok&eacute;mon Showdown!</title>

<meta name="description" content="Watch a replay of a Pok&eacute;mon battle between Xenocles and tamafuyu! Format: [Gen 3] OU; Date: Oct 4, 2024" />
<!--

Hey, you! Looking in the source for the replay log?

You can find them in JSON format, just add `.json` at the end of a replay URL.

https://replay.pokemonshowdown.com/gen7randomdoublesbattle-865046831.json

Or, if you only need the log itself, add `.log` instead:

https://replay.pokemonshowdown.com/gen7randomdoublesbattle-865046831.log

-->

<link rel="stylesheet" href="//pokemonshowdown.com/style/global.css?0.023195364461161105" />
<link rel="stylesheet" href="//play.pokemonshowdown.com/style/font-awesome.css?0.13261647063804238" />
<link rel="stylesheet" href="//play.pokemonshowdown.com/style/battle.css?0.8753245789963631" />
<link rel="stylesheet" href="//play.pokemonshowdown.com/style/utilichart.css?0.8627959624976733" />

<!-- Global site tag (gtag.js) - Google Analytics -->
<script async src="https://www.googletagmanager.com/gtag/js?id=UA-26211653-1"></script>
<script>
  window.dataLayer = window.dataLayer || [];
  function gtag(){dataLayer.push(arguments);}
  gtag('js', new Date());

  gtag('config', 'UA-26211653-1');
</script>
<!-- End Google Analytics -->
<!-- Venatus Ad Manager - Install in <HEAD> of page -->
	<script src="https://hb.vntsm.com/v3/live/ad-manager.min.js" type="text/javascript" data-site-id="642aba63ec9a7b11c3c9c1be" data-mode="scan" async></script>
<!-- / Venatus Ad Manager -->

<style>
	@media (max-width:820px) {
		.battle {
			margin: 0 auto;
		}
		.battle-log {
			margin: 7px auto 0;
			max-width: 640px;
			height: 300px;
			position: static;
		}
	}
	.optgroup {
		display: inline-block;
		line-height: 22px;
		font-size: 10pt;
	}
	.optgroup .button {
		height: 25px;
		padding-top: 0;
		padding-bottom: 0;
	}
	.optgroup button.button {
		padding-left: 12px;
		padding-right: 12px;
	}
	.linklist {
		list-style: none;
		margin: 0.5em 0;
		padding: 0;
	}
	.linklist li {
		padding: 2px 0;
	}
	.sidebar {
		float: left;
		width: 320px;
	}
	.bar-wrapper {
		max-width: 1100px;
		margin: 0 auto;
	}
	.bar-wrapper.has-sidebar {
		max-width: 1430px;
	}
	.mainbar {
		margin: 0;
		padding-right: 1px;
	}
	.mainbar.has-sidebar {
		margin-left: 330px;
	}
	@media (min-width: 1511px) {
		.sidebar {
			width: 400px;
		}
		.bar-wrapper.has-sidebar {
			max-width: 1510px;
		}
		.mainbar.has-sidebar {
			margin-left: 410px;
		}
	}
	.section.first-section {
		margin-top: 9px;
	}
	.blocklink small {
		white-space: normal;
	}
	.button {
		vertical-align: middle;
	}
	.replay-controls {
		padding-top: 10px;
	}
	.replay-controls h1 {
		font-size: 16pt;
		font-weight: normal;
		color: #CCC;
	}
	.pagelink {
		text-align: center;
	}
	.pagelink a {
		width: 150px;
	}
	.textbox, .button {
		font-size: 11pt;
		vertical-align: middle;
	}
	@media (max-width: 450px) {
		.button {
			font-size: 9pt;
		}
	}
</style>

<div>

	<header>
		<div class="nav-wrapper"><ul class="nav">
			<li><a class="button nav-first" href="//pokemonshowdown.com/"><img src="//pokemonshowdown.com/images/pokemonshowdownbeta.png" srcset="//pokemonshowdown.com/images/pokemonshowdownbeta.png 1x, //pokemonshowdown.com/images/pokemonshowdownbeta@2x.png 2x" alt="Pok&eacute;mon Showdown" width="146" height="44" /> Home</a></li>
			<li><a class="button" href="//pokemonshowdown.com/dex/">Pok&eacute;dex</a></li>
			<li><a class="button cur" href="/">Replays</a></li>
			<li><a class="button" href="//pokemonshowdown.com/ladder/">Ladder</a></li>
			<li><a class="button nav-last" href="//pokemonshowdown.com/forums/">Forum</a></li>
			<li><a class="button greenbutton nav-first nav-last" href="//play.pokemonshowdown.com/">Play</a></li>
		</ul></div>
	</header>

	<div class="main" id="main">

		<noscript><section class="section">You need to enable JavaScript to use this page; sorry!</section></noscript>

	</div>

</div>

<script defer nomodule src="//play.pokemonshowdown.com/js/lib/ps-polyfill.js"></script>
<script defer src="//play.pokemonshowdown.com/js/lib/preact.min.js"></script>

<script defer src="//play.pokemonshowdown.com/config/config.js?2bddbc15"></script>
<script defer src="//play.pokemonshowdown.com/js/lib/jquery-1.11.0.min.js"></script>
<script defer src="//play.pokemonshowdown.com/js/lib/html-sanitizer-minified.js"></script>
<script defer src="//play.pokemonshowdown.com/js/battle-sound.js"></script>
<script defer src="//play.pokemonshowdown.com/js/battledata.js?0.7209276989879541"></script>
<script defer src="//play.pokemonshowdown.com/data/pokedex-mini.js?0.6111056340867951"></script>
<script defer src="//play.pokemonshowdown.com/data/pokedex-mini-bw.js?0.3532142036491459"></script>
<script defer src="//play.pokemonshowdown.com/data/graphics.js?0.24223875632456182"></script>
<script defer src="//play.pokemonshowdown.com/data/pokedex.js?0.38839984266356864"></script>
<script defer src="//play.pokemonshowdown.com/data/moves.js?0.21866028504024015"></script>
<script defer src="//play.pokemonshowdown.com/data/abilities.js?0.2005157953846628"></script>
<script defer src="//play.pokemonshowdown.com/data/items.js?0.9894211263848525"></script>
<script defer src="//play.pokemonshowdown.com/data/teambuilder-tables.js?0.6008791140282215"></script>
<script defer src="//play.pokemonshowdown.com/js/battle-tooltips.js?0.7580118955022959"></script>
<script defer src="//play.pokemonshowdown.com/js/battle.js?0.6057722274234274"></script>

<script defer src="js/utils.js?e31f9a17"></script>
<script defer src="js/replays-battle.js?7008c182"></script>

<!-- don't scrape this data! just add .json or .log after the URL!
Full API docs: https://github.com/smogon/pokemon-showdown-client/blob/master/WEB-API.md -->
<script type="text/plain" class="log" id="replaylog-smogtours-gen3ou-794661">
|inactive|Battle timer is ON: inactive players will automatically lose when time's up.
|t:|1728069186
|gametype|singles
|player|p1|Xenocles|burglar|
|player|p2|tamafuyu|rosa-masters|
|teamsize|p1|6
|teamsize|p2|6
|gen|3
|tier|[Gen 3] OU
|rule|Sleep Clause Mod: Limit one foe put to sleep
|rule|Switch Priority Clause Mod: Faster Pokémon switch first
|rule|Species Clause: Limit one of each Pokémon
|rule|OHKO Clause: OHKO moves are banned
|rule|Evasion Items Clause: Evasion items are banned
|rule|Evasion Moves Clause: Evasion moves are banned
|rule|Endless Battle Clause: Forcing endless battles is banned
|rule|HP Percentage Mod: HP is shown in percentages
|rule|One Boost Passer Clause: Limit one Baton Passer that has a way to boost its stats
|rule|Freeze Clause Mod: Limit one foe frozen
|
|t:|1728069186
|start
|switch|p1a: Tyranitar|Tyranitar, F|100/100
|switch|p2a: The Waiter|Zapdos|100/100
|-weather|Sandstorm|[from] ability: Sand Stream|[of] p1a: Tyranitar
|turn|1
|inactive|Xenocles also wants the timer to be on.
|inactive|tamafuyu also wants the timer to be on.
|c|☆tamafuyu|glhf
|c|☆Xenocles|you too
|
|t:|1728069207
|move|p2a: The Waiter|Baton Pass|p2a: The Waiter
|
|t:|1728069213
|switch|p2a: AAAATTATAGG|Swampert, F|100/100|[from] Baton Pass
|move|p1a: Tyranitar|Rock Slide|p2a: AAAATTATAGG
|-resisted|p2a: AAAATTATAGG
|-damage|p2a: AAAATTATAGG|87/100
|
|-weather|Sandstorm|[upkeep]
|-heal|p2a: AAAATTATAGG|94/100|[from] item: Leftovers
|upkeep
|turn|2
|
|t:|1728069233
|switch|p1a: Skarmory|Skarmory, M|100/100
|move|p2a: AAAATTATAGG|Ice Beam|p1a: Skarmory
|-damage|p1a: Skarmory|82/100
|
|-weather|Sandstorm|[upkeep]
|-heal|p1a: Skarmory|88/100|[from] item: Leftovers
|-heal|p2a: AAAATTATAGG|99/100|[from] item: Leftovers
|upkeep
|turn|3
|
|t:|1728069237
|switch|p2a: The Waiter|Zapdos|100/100
|move|p1a: Skarmory|Spikes|p2a: The Waiter
|-sidestart|p2: tamafuyu|Spikes
|
|-weather|Sandstorm|[upkeep]
|-damage|p2a: The Waiter|94/100|[from] Sandstorm
|-heal|p2a: The Waiter|100/100|[from] item: Leftovers
|-heal|p1a: Skarmory|94/100|[from] item: Leftovers
|upkeep
|turn|4
|
|t:|1728069244
|switch|p1a: Swampert|Swampert, F|100/100
|move|p2a: The Waiter|Thunderbolt|p1a: Swampert
|-immune|p1a: Swampert
|
|-weather|Sandstorm|[upkeep]
|-damage|p2a: The Waiter|94/100|[from] Sandstorm
|-heal|p2a: The Waiter|100/100|[from] item: Leftovers
|upkeep
|turn|5
|
|t:|1728069260
|switch|p1a: Zapdos|Zapdos|100/100
|move|p2a: The Waiter|Baton Pass|p2a: The Waiter
|
|t:|1728069265
|switch|p2a: Tyranocif|Tyranitar, F|100/100|[from] Baton Pass
|-damage|p2a: Tyranocif|88/100|[from] Spikes
|
|-weather|Sandstorm|[upkeep]
|-damage|p1a: Zapdos|94/100|[from] Sandstorm
|-heal|p1a: Zapdos|100/100|[from] item: Leftovers
|-heal|p2a: Tyranocif|94/100|[from] item: Leftovers
|upkeep
|turn|6
|
|t:|1728069269
|-singleturn|p2a: Tyranocif|move: Focus Punch
|move|p1a: Zapdos|Baton Pass|p1a: Zapdos
|
|t:|1728069275
|switch|p1a: Gengar|Gengar, F|100/100|[from] Baton Pass
|move|p2a: Tyranocif|Focus Punch|p1a: Gengar
|-immune|p1a: Gengar
|
|-weather|Sandstorm|[upkeep]
|-damage|p1a: Gengar|94/100|[from] Sandstorm
|-heal|p1a: Gengar|100/100|[from] item: Leftovers
|-heal|p2a: Tyranocif|100/100|[from] item: Leftovers
|upkeep
|turn|7
|
|t:|1728069286
|switch|p2a: Celeb111111|Celebi|100/100
|-damage|p2a: Celeb111111|88/100|[from] Spikes
|move|p1a: Gengar|Will-O-Wisp|p2a: Celeb111111
|-status|p2a: Celeb111111|brn
|
|-weather|Sandstorm|[upkeep]
|-damage|p1a: Gengar|94/100|[from] Sandstorm
|-damage|p2a: Celeb111111|82/100 brn|[from] Sandstorm
|-heal|p1a: Gengar|100/100|[from] item: Leftovers
|-heal|p2a: Celeb111111|88/100 brn|[from] item: Leftovers
|-damage|p2a: Celeb111111|76/100 brn|[from] brn
|upkeep
|turn|8
|
|t:|1728069295
|switch|p1a: Skarmory|Skarmory, M|94/100
|move|p2a: Celeb111111|Leech Seed|p1a: Skarmory
|-start|p1a: Skarmory|move: Leech Seed
|
|-weather|Sandstorm|[upkeep]
|-damage|p2a: Celeb111111|70/100 brn|[from] Sandstorm
|-heal|p2a: Celeb111111|76/100 brn|[from] item: Leftovers
|-damage|p2a: Celeb111111|63/100 brn|[from] brn
|-heal|p1a: Skarmory|99/100|[from] item: Leftovers
|-damage|p1a: Skarmory|87/100|[from] Leech Seed|[of] p2a: Celeb111111
|-heal|p2a: Celeb111111|74/100 brn|[silent]
|upkeep
|turn|9
|
|t:|1728069302
|switch|p1a: Tyranitar|Tyranitar, F|100/100
|move|p2a: Celeb111111|Baton Pass|p2a: Celeb111111
|
|t:|1728069309
|-curestatus|p2a: Celeb111111|brn|[from] ability: Natural Cure
|switch|p2a: The Method|Dugtrio, F|100/100|[from] Baton Pass
|-damage|p2a: The Method|88/100|[from] Spikes
|
|-weather|Sandstorm|[upkeep]
|upkeep
|turn|10
|
|t:|1728069319
|move|p2a: The Method|Earthquake|p1a: Tyranitar
|-supereffective|p1a: Tyranitar
|-damage|p1a: Tyranitar|18/100
|move|p1a: Tyranitar|Earthquake|p2a: The Method
|-damage|p2a: The Method|1/100
|
|-weather|Sandstorm|[upkeep]
|-heal|p1a: Tyranitar|25/100|[from] item: Leftovers
|upkeep
|turn|11
|
|t:|1728069323
|move|p2a: The Method|Earthquake|p1a: Tyranitar
|-supereffective|p1a: Tyranitar
|-damage|p1a: Tyranitar|0 fnt
|faint|p1a: Tyranitar
|
|t:|1728069326
|switch|p1a: Skarmory|Skarmory, M|87/100
|
|-weather|Sandstorm|[upkeep]
|-heal|p1a: Skarmory|93/100|[from] item: Leftovers
|upkeep
|turn|12
|
|t:|1728069329
|switch|p2a: Celeb111111|Celebi|74/100
|-damage|p2a: Celeb111111|61/100|[from] Spikes
|move|p1a: Skarmory|Spikes|p2a: Celeb111111
|-sidestart|p2: tamafuyu|Spikes
|
|-weather|Sandstorm|[upkeep]
|-damage|p2a: Celeb111111|55/100|[from] Sandstorm
|-heal|p2a: Celeb111111|61/100|[from] item: Leftovers
|-heal|p1a: Skarmory|99/100|[from] item: Leftovers
|upkeep
|turn|13
|
|t:|1728069338
|move|p2a: Celeb111111|Leech Seed|p1a: Skarmory
|-start|p1a: Skarmory|move: Leech Seed
|move|p1a: Skarmory|Spikes|p2a: Celeb111111
|-sidestart|p2: tamafuyu|Spikes
|
|-weather|Sandstorm|[upkeep]
|-damage|p2a: Celeb111111|55/100|[from] Sandstorm
|-heal|p2a: Celeb111111|61/100|[from] item: Leftovers
|-heal|p1a: Skarmory|100/100|[from] item: Leftovers
|-damage|p1a: Skarmory|88/100|[from] Leech Seed|[of] p2a: Celeb111111
|-heal|p2a: Celeb111111|71/100|[silent]
|upkeep
|turn|14
|
|t:|1728069344
|switch|p2a: The Method|Dugtrio, F|1/100
|-damage|p2a: The Method|0 fnt|[from] Spikes
|faint|p2a: The Method
|
|t:|1728069346
|switch|p2a: Starman|Starmie|100/100
|-damage|p2a: Starman|76/100|[from] Spikes
|
|-weather|Sandstorm|[upkeep]
|-damage|p2a: Starman|70/100|[from] Sandstorm
|-heal|p2a: Starman|76/100|[from] item: Leftovers
|-heal|p1a: Skarmory|94/100|[from] item: Leftovers
|-damage|p1a: Skarmory|82/100|[from] Leech Seed|[of] p2a: Starman
|-heal|p2a: Starman|91/100|[silent]
|upkeep
|turn|15
|
|t:|1728069354
|switch|p1a: Zapdos|Zapdos|100/100
|move|p2a: Starman|Thunderbolt|p1a: Zapdos
|-damage|p1a: Zapdos|74/100
|
|-weather|Sandstorm|[upkeep]
|-damage|p2a: Starman|85/100|[from] Sandstorm
|-damage|p1a: Zapdos|68/100|[from] Sandstorm
|-heal|p2a: Starman|91/100|[from] item: Leftovers
|-heal|p1a: Zapdos|74/100|[from] item: Leftovers
|upkeep
|turn|16
|
|t:|1728069365
|switch|p2a: Celeb111111|Celebi|71/100
|-damage|p2a: Celeb111111|46/100|[from] Spikes
|move|p1a: Zapdos|Thunderbolt|p2a: Celeb111111
|-resisted|p2a: Celeb111111
|-damage|p2a: Celeb111111|31/100
|
|-weather|Sandstorm|[upkeep]
|-damage|p1a: Zapdos|68/100|[from] Sandstorm
|-damage|p2a: Celeb111111|25/100|[from] Sandstorm
|-heal|p1a: Zapdos|74/100|[from] item: Leftovers
|-heal|p2a: Celeb111111|31/100|[from] item: Leftovers
|upkeep
|turn|17
|
|t:|1728069370
|move|p1a: Zapdos|Hidden Power|p2a: Celeb111111
|-supereffective|p2a: Celeb111111
|-damage|p2a: Celeb111111|1/100
|move|p2a: Celeb111111|Recover|p2a: Celeb111111
|-heal|p2a: Celeb111111|51/100
|
|-weather|Sandstorm|[upkeep]
|-damage|p1a: Zapdos|68/100|[from] Sandstorm
|-damage|p2a: Celeb111111|45/100|[from] Sandstorm
|-heal|p1a: Zapdos|74/100|[from] item: Leftovers
|-heal|p2a: Celeb111111|51/100|[from] item: Leftovers
|upkeep
|turn|18
|
|t:|1728069379
|switch|p1a: Aerodactyl|Aerodactyl, F|100/100
|move|p2a: Celeb111111|Recover|p2a: Celeb111111
|-heal|p2a: Celeb111111|100/100
|
|-weather|Sandstorm|[upkeep]
|-damage|p2a: Celeb111111|94/100|[from] Sandstorm
|-heal|p2a: Celeb111111|100/100|[from] item: Leftovers
|upkeep
|turn|19
|
|t:|1728069384
|move|p1a: Aerodactyl|Double-Edge|p2a: Celeb111111
|-damage|p2a: Celeb111111|60/100
|move|p2a: Celeb111111|Baton Pass|p2a: Celeb111111
|
|t:|1728069388
|switch|p2a: AAAATTATAGG|Swampert, F|99/100|[from] Baton Pass
|-damage|p2a: AAAATTATAGG|75/100|[from] Spikes
|
|-weather|Sandstorm|[upkeep]
|-heal|p2a: AAAATTATAGG|81/100|[from] item: Leftovers
|upkeep
|turn|20
|
|t:|1728069395
|switch|p1a: Swampert|Swampert, F|100/100
|move|p2a: AAAATTATAGG|Hydro Pump|p1a: Swampert
|-damage|p1a: Swampert|68/100
|
|-weather|Sandstorm|[upkeep]
|-heal|p1a: Swampert|74/100|[from] item: Leftovers
|-heal|p2a: AAAATTATAGG|87/100|[from] item: Leftovers
|upkeep
|turn|21
|
|t:|1728069406
|move|p1a: Swampert|Toxic|p2a: AAAATTATAGG
|-status|p2a: AAAATTATAGG|tox
|move|p2a: AAAATTATAGG|Hydro Pump|p1a: Swampert
|-damage|p1a: Swampert|44/100
|
|-weather|Sandstorm|[upkeep]
|-heal|p1a: Swampert|50/100|[from] item: Leftovers
|-heal|p2a: AAAATTATAGG|93/100 tox|[from] item: Leftovers
|-damage|p2a: AAAATTATAGG|87/100 tox|[from] psn
|upkeep
|turn|22
|
|t:|1728069415
|switch|p2a: The Waiter|Zapdos|100/100
|move|p1a: Swampert|Protect||[still]
|-fail|p1a: Swampert
|
|-weather|Sandstorm|[upkeep]
|-damage|p2a: The Waiter|94/100|[from] Sandstorm
|-heal|p2a: The Waiter|100/100|[from] item: Leftovers
|-heal|p1a: Swampert|56/100|[from] item: Leftovers
|upkeep
|turn|23
|
|t:|1728069420
|move|p1a: Swampert|Protect|p1a: Swampert
|-singleturn|p1a: Swampert|Protect
|move|p2a: The Waiter|Hidden Power|p1a: Swampert
|-activate|p1a: Swampert|Protect
|
|-weather|Sandstorm|[upkeep]
|-damage|p2a: The Waiter|94/100|[from] Sandstorm
|-heal|p2a: The Waiter|100/100|[from] item: Leftovers
|-heal|p1a: Swampert|63/100|[from] item: Leftovers
|upkeep
|turn|24
|
|t:|1728069440
|move|p2a: The Waiter|Hidden Power|p1a: Swampert
|-supereffective|p1a: Swampert
|-crit|p1a: Swampert
|-damage|p1a: Swampert|0 fnt
|faint|p1a: Swampert
|
|t:|1728069443
|switch|p1a: Aerodactyl|Aerodactyl, F|100/100
|
|-weather|Sandstorm|[upkeep]
|-damage|p2a: The Waiter|94/100|[from] Sandstorm
|-heal|p2a: The Waiter|100/100|[from] item: Leftovers
|upkeep
|turn|25
|
|t:|1728069457
|switch|p2a: AAAATTATAGG|Swampert, F|87/100 tox
|-damage|p2a: AAAATTATAGG|62/100 tox|[from] Spikes
|move|p1a: Aerodactyl|Double-Edge|p2a: AAAATTATAGG
|-damage|p2a: AAAATTATAGG|28/100 tox
|
|-weather|Sandstorm|[upkeep]
|-heal|p2a: AAAATTATAGG|34/100 tox|[from] item: Leftovers
|-damage|p2a: AAAATTATAGG|28/100 tox|[from] psn
|upkeep
|turn|26
|
|t:|1728069466
|move|p1a: Aerodactyl|Double-Edge|p2a: AAAATTATAGG
|-damage|p2a: AAAATTATAGG|0 fnt
|faint|p2a: AAAATTATAGG
|
|t:|1728069467
|switch|p2a: Starman|Starmie|91/100
|-damage|p2a: Starman|67/100|[from] Spikes
|
|-weather|Sandstorm|[upkeep]
|-damage|p2a: Starman|60/100|[from] Sandstorm
|-heal|p2a: Starman|67/100|[from] item: Leftovers
|upkeep
|turn|27
|inactive|Xenocles has 270 seconds left.
|
|t:|1728069501
|move|p1a: Aerodactyl|Double-Edge|p2a: Starman
|-damage|p2a: Starman|0 fnt
|faint|p2a: Starman
|
|t:|1728069508
|switch|p2a: Tyranocif|Tyranitar, F|100/100
|-damage|p2a: Tyranocif|76/100|[from] Spikes
|
|-weather|Sandstorm|[upkeep]
|-heal|p2a: Tyranocif|82/100|[from] item: Leftovers
|upkeep
|turn|28
|
|t:|1728069510
|switch|p1a: Skarmory|Skarmory, M|82/100
|move|p2a: Tyranocif|Rock Slide|p1a: Skarmory
|-damage|p1a: Skarmory|49/100
|
|-weather|Sandstorm|[upkeep]
|-heal|p1a: Skarmory|55/100|[from] item: Leftovers
|-heal|p2a: Tyranocif|88/100|[from] item: Leftovers
|upkeep
|turn|29
|
|t:|1728069516
|-singleturn|p2a: Tyranocif|move: Focus Punch
|move|p2a: Tyranocif|Focus Punch|p1a: Skarmory
|-damage|p1a: Skarmory|10/100
|move|p1a: Skarmory|Roar|p2a: Tyranocif
|drag|p2a: The Waiter|Zapdos|100/100
|
|-weather|Sandstorm|[upkeep]
|-damage|p2a: The Waiter|94/100|[from] Sandstorm
|-heal|p2a: The Waiter|100/100|[from] item: Leftovers
|-heal|p1a: Skarmory|16/100|[from] item: Leftovers
|upkeep
|turn|30
|
|t:|1728069522
|move|p1a: Skarmory|Protect|p1a: Skarmory
|-singleturn|p1a: Skarmory|Protect
|move|p2a: The Waiter|Thunderbolt|p1a: Skarmory
|-activate|p1a: Skarmory|Protect
|
|-weather|Sandstorm|[upkeep]
|-damage|p2a: The Waiter|94/100|[from] Sandstorm
|-heal|p2a: The Waiter|100/100|[from] item: Leftovers
|-heal|p1a: Skarmory|22/100|[from] item: Leftovers
|upkeep
|turn|31
|
|t:|1728069525
|move|p2a: The Waiter|Thunderbolt|p1a: Skarmory
|-supereffective|p1a: Skarmory
|-damage|p1a: Skarmory|0 fnt
|faint|p1a: Skarmory
|
|t:|1728069528
|switch|p1a: Aerodactyl|Aerodactyl, F|100/100
|
|-weather|Sandstorm|[upkeep]
|-damage|p2a: The Waiter|94/100|[from] Sandstorm
|-heal|p2a: The Waiter|100/100|[from] item: Leftovers
|upkeep
|turn|32
|
|t:|1728069530
|move|p1a: Aerodactyl|Rock Slide|p2a: The Waiter
|-supereffective|p2a: The Waiter
|-damage|p2a: The Waiter|0 fnt
|faint|p2a: The Waiter
|
|t:|1728069533
|switch|p2a: Tyranocif|Tyranitar, F|88/100
|-damage|p2a: Tyranocif|63/100|[from] Spikes
|
|-weather|Sandstorm|[upkeep]
|-heal|p2a: Tyranocif|69/100|[from] item: Leftovers
|upkeep
|turn|33
|inactive|Xenocles has 270 seconds left.
|
|t:|1728069574
|switch|p1a: Gengar|Gengar, F|100/100
|move|p2a: Tyranocif|Rock Slide|p1a: Gengar
|-damage|p1a: Gengar|13/100
|
|-weather|Sandstorm|[upkeep]
|-damage|p1a: Gengar|7/100|[from] Sandstorm
|-heal|p1a: Gengar|13/100|[from] item: Leftovers
|-heal|p2a: Tyranocif|76/100|[from] item: Leftovers
|upkeep
|turn|34
|
|t:|1728069585
|move|p1a: Gengar|Will-O-Wisp|p2a: Tyranocif
|-status|p2a: Tyranocif|brn
|move|p2a: Tyranocif|Rock Slide|p1a: Gengar
|-damage|p1a: Gengar|0 fnt
|faint|p1a: Gengar
|
|t:|1728069590
|switch|p1a: Aerodactyl|Aerodactyl, F|100/100
|
|-weather|Sandstorm|[upkeep]
|-heal|p2a: Tyranocif|82/100 brn|[from] item: Leftovers
|-damage|p2a: Tyranocif|69/100 brn|[from] brn
|upkeep
|turn|35
|
|t:|1728069593
|move|p1a: Aerodactyl|Earthquake|p2a: Tyranocif
|-supereffective|p2a: Tyranocif
|-damage|p2a: Tyranocif|5/100 brn
|move|p2a: Tyranocif|Rock Slide|p1a: Aerodactyl
|-supereffective|p1a: Aerodactyl
|-damage|p1a: Aerodactyl|26/100
|
|-weather|Sandstorm|[upkeep]
|-heal|p2a: Tyranocif|11/100 brn|[from] item: Leftovers
|-damage|p2a: Tyranocif|0 fnt|[from] brn
|faint|p2a: Tyranocif
|upkeep
|
|t:|1728069598
|switch|p2a: Celeb111111|Celebi|60/100
|-damage|p2a: Celeb111111|35/100|[from] Spikes
|turn|36
|
|t:|1728069603
|switch|p1a: Zapdos|Zapdos|74/100
|move|p2a: Celeb111111|Leech Seed|p1a: Zapdos
|-start|p1a: Zapdos|move: Leech Seed
|
|-weather|Sandstorm|[upkeep]
|-damage|p1a: Zapdos|68/100|[from] Sandstorm
|-damage|p2a: Celeb111111|28/100|[from] Sandstorm
|-heal|p1a: Zapdos|74/100|[from] item: Leftovers
|-damage|p1a: Zapdos|62/100|[from] Leech Seed|[of] p2a: Celeb111111
|-heal|p2a: Celeb111111|40/100|[silent]
|-heal|p2a: Celeb111111|46/100|[from] item: Leftovers
|upkeep
|turn|37
|
|t:|1728069612
|switch|p1a: Aerodactyl|Aerodactyl, F|26/100
|move|p2a: Celeb111111|Recover|p2a: Celeb111111
|-heal|p2a: Celeb111111|96/100
|
|-weather|Sandstorm|[upkeep]
|-damage|p2a: Celeb111111|90/100|[from] Sandstorm
|-heal|p2a: Celeb111111|96/100|[from] item: Leftovers
|upkeep
|turn|38
|
|t:|1728069614
|move|p1a: Aerodactyl|Hidden Power|p2a: Celeb111111
|-supereffective|p2a: Celeb111111
|-damage|p2a: Celeb111111|24/100
|move|p2a: Celeb111111|Psychic|p1a: Aerodactyl
|-crit|p1a: Aerodactyl
|-damage|p1a: Aerodactyl|0 fnt
|faint|p1a: Aerodactyl
|
|t:|1728069617
|switch|p1a: Zapdos|Zapdos|62/100
|
|-weather|Sandstorm|[upkeep]
|-damage|p1a: Zapdos|56/100|[from] Sandstorm
|-damage|p2a: Celeb111111|18/100|[from] Sandstorm
|-heal|p1a: Zapdos|62/100|[from] item: Leftovers
|-heal|p2a: Celeb111111|24/100|[from] item: Leftovers
|upkeep
|turn|39
|
|t:|1728069620
|move|p1a: Zapdos|Hidden Power|p2a: Celeb111111
|-supereffective|p2a: Celeb111111
|-damage|p2a: Celeb111111|0 fnt
|faint|p2a: Celeb111111
|
|win|Xenocles
|c|☆tamafuyu|gg
|c|☆Xenocles|gg

</script>
<script type="application/json" class="data" id="replaydata-smogtours-gen3ou-794661">
{"id":"smogtours-gen3ou-794661","format":"[Gen 3] OU","players":["Xenocles","tamafuyu"],"uploadtime":1728069620,"views":106,"formatid":"gen3ou","rating":null,"private":0,"password":null}
</script>

<script defer src="js/replays.js?9d40a366"></script>
