<!DOCTYPE html>
<meta charset="utf-8" />
<meta name="viewport" content="width=device-width" />

<title>[Gen 3] OU: kaesespaetzle vs. DiamondDiancie25 - Replays - Pok&eacute;mon Showdown!</title>

<meta name="description" content="Watch a replay of a Pok&eacute;mon battle between kaesespaetzle and DiamondDiancie25! Format: [Gen 3] OU; Date: Oct 23, 2024" />
<!--

Hey, you! Looking in the source for the replay log?

You can find them in JSON format, just add `.json` at the end of a replay URL.

https://replay.pokemonshowdown.com/gen7randomdoublesbattle-865046831.json

Or, if you only need the log itself, add `.log` instead:

https://replay.pokemonshowdown.com/gen7randomdoublesbattle-865046831.log

-->

<link rel="stylesheet" href="//pokemonshowdown.com/style/global.css?0.023195364461161105" />
<link rel="stylesheet" href="//play.pokemonshowdown.com/style/font-awesome.css?0.13261647063804238" />
<link rel="stylesheet" href="//play.pokemonshowdown.com/style/battle.css?0.8753245789963631" />
<link rel="stylesheet" href="//play.pokemonshowdown.com/style/utilichart.css?0.8627959624976733" />

<!-- Global site tag (gtag.js) - Google Analytics -->
<script async src="https://www.googletagmanager.com/gtag/js?id=UA-26211653-1"></script>
<script>
  window.dataLayer = window.dataLayer || [];
  function gtag(){dataLayer.push(arguments);}
  gtag('js', new Date());

  gtag('config', 'UA-26211653-1');
</script>
<!-- End Google Analytics -->
<!-- Venatus Ad Manager - Install in <HEAD> of page -->
	<script src="https://hb.vntsm.com/v3/live/ad-manager.min.js" type="text/javascript" data-site-id="642aba63ec9a7b11c3c9c1be" data-mode="scan" async></script>
<!-- / Venatus Ad Manager -->

<style>
	@media (max-width:820px) {
		.battle {
			margin: 0 auto;
		}
		.battle-log {
			margin: 7px auto 0;
			max-width: 640px;
			height: 300px;
			position: static;
		}
	}
	.optgroup {
		display: inline-block;
		line-height: 22px;
		font-size: 10pt;
	}
	.optgroup .button {
		height: 25px;
		padding-top: 0;
		padding-bottom: 0;
	}
	.optgroup button.button {
		padding-left: 12px;
		padding-right: 12px;
	}
	.linklist {
		list-style: none;
		margin: 0.5em 0;
		padding: 0;
	}
	.linklist li {
		padding: 2px 0;
	}
	.sidebar {
		float: left;
		width: 320px;
	}
	.bar-wrapper {
		max-width: 1100px;
		margin: 0 auto;
	}
	.bar-wrapper.has-sidebar {
		max-width: 1430px;
	}
	.mainbar {
		margin: 0;
		padding-right: 1px;
	}
	.mainbar.has-sidebar {
		margin-left: 330px;
	}
	@media (min-width: 1511px) {
		.sidebar {
			width: 400px;
		}
		.bar-wrapper.has-sidebar {
			max-width: 1510px;
		}
		.mainbar.has-sidebar {
			margin-left: 410px;
		}
	}
	.section.first-section {
		margin-top: 9px;
	}
	.blocklink small {
		white-space: normal;
	}
	.button {
		vertical-align: middle;
	}
	.replay-controls {
		padding-top: 10px;
	}
	.replay-controls h1 {
		font-size: 16pt;
		font-weight: normal;
		color: #CCC;
	}
	.pagelink {
		text-align: center;
	}
	.pagelink a {
		width: 150px;
	}
	.textbox, .button {
		font-size: 11pt;
		vertical-align: middle;
	}
	@media (max-width: 450px) {
		.button {
			font-size: 9pt;
		}
	}
</style>

<div>

	<header>
		<div class="nav-wrapper"><ul class="nav">
			<li><a class="button nav-first" href="//pokemonshowdown.com/"><img src="//pokemonshowdown.com/images/pokemonshowdownbeta.png" srcset="//pokemonshowdown.com/images/pokemonshowdownbeta.png 1x, //pokemonshowdown.com/images/pokemonshowdownbeta@2x.png 2x" alt="Pok&eacute;mon Showdown" width="146" height="44" /> Home</a></li>
			<li><a class="button" href="//pokemonshowdown.com/dex/">Pok&eacute;dex</a></li>
			<li><a class="button cur" href="/">Replays</a></li>
			<li><a class="button" href="//pokemonshowdown.com/ladder/">Ladder</a></li>
			<li><a class="button nav-last" href="//pokemonshowdown.com/forums/">Forum</a></li>
			<li><a class="button greenbutton nav-first nav-last" href="//play.pokemonshowdown.com/">Play</a></li>
		</ul></div>
	</header>

	<div class="main" id="main">

		<noscript><section class="section">You need to enable JavaScript to use this page; sorry!</section></noscript>

	</div>

</div>

<script defer nomodule src="//play.pokemonshowdown.com/js/lib/ps-polyfill.js"></script>
<script defer src="//play.pokemonshowdown.com/js/lib/preact.min.js"></script>

<script defer src="//play.pokemonshowdown.com/config/config.js?2bddbc15"></script>
<script defer src="//play.pokemonshowdown.com/js/lib/jquery-1.11.0.min.js"></script>
<script defer src="//play.pokemonshowdown.com/js/lib/html-sanitizer-minified.js"></script>
<script defer src="//play.pokemonshowdown.com/js/battle-sound.js"></script>
<script defer src="//play.pokemonshowdown.com/js/battledata.js?0.7209276989879541"></script>
<script defer src="//play.pokemonshowdown.com/data/pokedex-mini.js?0.6111056340867951"></script>
<script defer src="//play.pokemonshowdown.com/data/pokedex-mini-bw.js?0.3532142036491459"></script>
<script defer src="//play.pokemonshowdown.com/data/graphics.js?0.24223875632456182"></script>
<script defer src="//play.pokemonshowdown.com/data/pokedex.js?0.38839984266356864"></script>
<script defer src="//play.pokemonshowdown.com/data/moves.js?0.21866028504024015"></script>
<script defer src="//play.pokemonshowdown.com/data/abilities.js?0.2005157953846628"></script>
<script defer src="//play.pokemonshowdown.com/data/items.js?0.9894211263848525"></script>
<script defer src="//play.pokemonshowdown.com/data/teambuilder-tables.js?0.6008791140282215"></script>
<script defer src="//play.pokemonshowdown.com/js/battle-tooltips.js?0.7580118955022959"></script>
<script defer src="//play.pokemonshowdown.com/js/battle.js?0.6057722274234274"></script>

<script defer src="js/utils.js?e31f9a17"></script>
<script defer src="js/replays-battle.js?7008c182"></script>

<!-- don't scrape this data! just add .json or .log after the URL!
Full API docs: https://github.com/smogon/pokemon-showdown-client/blob/master/WEB-API.md -->
<script type="text/plain" class="log" id="replaylog-smogtours-gen3ou-801359">
|inactive|Battle timer is ON: inactive players will automatically lose when time's up.
|t:|1729686272
|gametype|singles
|player|p1|kaesespaetzle|102|
|player|p2|DiamondDiancie25|psychic-gen4|
|teamsize|p1|6
|teamsize|p2|6
|gen|3
|tier|[Gen 3] OU
|rule|Sleep Clause Mod: Limit one foe put to sleep
|rule|Switch Priority Clause Mod: Faster Pokémon switch first
|rule|Species Clause: Limit one of each Pokémon
|rule|OHKO Clause: OHKO moves are banned
|rule|Evasion Items Clause: Evasion items are banned
|rule|Evasion Moves Clause: Evasion moves are banned
|rule|Endless Battle Clause: Forcing endless battles is banned
|rule|HP Percentage Mod: HP is shown in percentages
|rule|One Boost Passer Clause: Limit one Baton Passer that has a way to boost its stats
|rule|Freeze Clause Mod: Limit one foe frozen
|
|t:|1729686272
|start
|switch|p1a: Medicham|Medicham, M|100/100
|switch|p2a: Salamence|Salamence, M|100/100
|-ability|p2a: Salamence|Intimidate|boost
|-unboost|p1a: Medicham|atk|1
|turn|1
|inactive|DiamondDiancie25 has 270 seconds left.
|c|☆kaesespaetzle|hf
|c|☆DiamondDiancie25|u2
|
|t:|1729686332
|switch|p1a: Aerodactyl|Aerodactyl, F|100/100
|move|p2a: Salamence|Fire Blast|p1a: Aerodactyl|[miss]
|-miss|p2a: Salamence|p1a: Aerodactyl
|
|upkeep
|turn|2
|inactive|DiamondDiancie25 has 270 seconds left.
|inactive|DiamondDiancie25 has 240 seconds left.
|
|t:|1729686410
|switch|p2a: Swampert|Swampert, F|100/100
|move|p1a: Aerodactyl|Earthquake|p2a: Swampert
|-damage|p2a: Swampert|54/100
|
|-heal|p2a: Swampert|61/100|[from] item: Leftovers
|upkeep
|turn|3
|
|t:|1729686433
|switch|p1a: Medicham|Medicham, M|100/100
|move|p2a: Swampert|Toxic|p1a: Medicham
|-status|p1a: Medicham|tox
|
|-damage|p1a: Medicham|94/100 tox|[from] psn
|-heal|p2a: Swampert|67/100|[from] item: Leftovers
|upkeep
|turn|4
|
|t:|1729686448
|switch|p2a: Salamence|Salamence, M|100/100
|-ability|p2a: Salamence|Intimidate|boost
|-unboost|p1a: Medicham|atk|1
|move|p1a: Medicham|Bulk Up|p1a: Medicham
|-boost|p1a: Medicham|atk|1
|-boost|p1a: Medicham|def|1
|
|-heal|p1a: Medicham|100/100 tox|[from] item: Leftovers
|-damage|p1a: Medicham|88/100 tox|[from] psn
|upkeep
|turn|5
|
|t:|1729686460
|move|p2a: Salamence|Dragon Claw|p1a: Medicham
|-crit|p1a: Medicham
|-damage|p1a: Medicham|0 fnt
|faint|p1a: Medicham
|
|t:|1729686472
|switch|p1a: Aerodactyl|Aerodactyl, F|100/100
|
|upkeep
|turn|6
|inactive|DiamondDiancie25 has 210 seconds left.
|
|t:|1729686498
|move|p1a: Aerodactyl|Double-Edge|p2a: Salamence
|-damage|p2a: Salamence|36/100
|move|p2a: Salamence|Rock Slide|p1a: Aerodactyl
|-supereffective|p1a: Aerodactyl
|-damage|p1a: Aerodactyl|23/100
|
|upkeep
|turn|7
|inactive|DiamondDiancie25 has 210 seconds left.
|
|t:|1729686510
|switch|p1a: Swampert|Swampert, F|100/100
|switch|p2a: Tyranitar|Tyranitar, F|100/100
|-weather|Sandstorm|[from] ability: Sand Stream|[of] p2a: Tyranitar
|
|-weather|Sandstorm|[upkeep]
|upkeep
|turn|8
|inactive|DiamondDiancie25 has 210 seconds left.
|inactive|DiamondDiancie25 has 180 seconds left.
|
|t:|1729686548
|switch|p2a: Celebi|Celebi|100/100
|move|p1a: Swampert|Ice Beam|p2a: Celebi
|-supereffective|p2a: Celebi
|-damage|p2a: Celebi|53/100
|
|-weather|Sandstorm|[upkeep]
|-damage|p2a: Celebi|47/100|[from] Sandstorm
|-heal|p2a: Celebi|53/100|[from] item: Leftovers
|upkeep
|turn|9
|inactive|DiamondDiancie25 has 180 seconds left.
|inactive|kaesespaetzle has 270 seconds left.
|
|t:|1729686584
|switch|p1a: Blissey|Blissey, F|100/100
|move|p2a: Celebi|Calm Mind|p2a: Celebi
|-boost|p2a: Celebi|spa|1
|-boost|p2a: Celebi|spd|1
|
|-weather|Sandstorm|[upkeep]
|-damage|p2a: Celebi|47/100|[from] Sandstorm
|-damage|p1a: Blissey|94/100|[from] Sandstorm
|-heal|p2a: Celebi|53/100|[from] item: Leftovers
|-heal|p1a: Blissey|100/100|[from] item: Leftovers
|upkeep
|turn|10
|inactive|kaesespaetzle has 270 seconds left.
|inactive|DiamondDiancie25 has 180 seconds left.
|
|t:|1729686594
|move|p2a: Celebi|Calm Mind|p2a: Celebi
|-boost|p2a: Celebi|spa|1
|-boost|p2a: Celebi|spd|1
|move|p1a: Blissey|Ice Beam|p2a: Celebi
|-supereffective|p2a: Celebi
|-damage|p2a: Celebi|33/100
|
|-weather|Sandstorm|[upkeep]
|-damage|p2a: Celebi|27/100|[from] Sandstorm
|-damage|p1a: Blissey|94/100|[from] Sandstorm
|-heal|p2a: Celebi|33/100|[from] item: Leftovers
|-heal|p1a: Blissey|100/100|[from] item: Leftovers
|upkeep
|turn|11
|
|t:|1729686604
|move|p2a: Celebi|Calm Mind|p2a: Celebi
|-boost|p2a: Celebi|spa|1
|-boost|p2a: Celebi|spd|1
|move|p1a: Blissey|Ice Beam|p2a: Celebi
|-supereffective|p2a: Celebi
|-damage|p2a: Celebi|15/100
|
|-weather|Sandstorm|[upkeep]
|-damage|p2a: Celebi|9/100|[from] Sandstorm
|-damage|p1a: Blissey|94/100|[from] Sandstorm
|-heal|p2a: Celebi|15/100|[from] item: Leftovers
|-heal|p1a: Blissey|100/100|[from] item: Leftovers
|upkeep
|turn|12
|
|t:|1729686614
|move|p2a: Celebi|Giga Drain|p1a: Blissey
|-damage|p1a: Blissey|73/100
|-heal|p2a: Celebi|37/100|[from] drain|[of] p1a: Blissey
|move|p1a: Blissey|Ice Beam|p2a: Celebi
|-supereffective|p2a: Celebi
|-damage|p2a: Celebi|20/100
|
|-weather|Sandstorm|[upkeep]
|-damage|p2a: Celebi|14/100|[from] Sandstorm
|-damage|p1a: Blissey|67/100|[from] Sandstorm
|-heal|p2a: Celebi|20/100|[from] item: Leftovers
|-heal|p1a: Blissey|73/100|[from] item: Leftovers
|upkeep
|turn|13
|
|t:|1729686627
|move|p2a: Celebi|Giga Drain|p1a: Blissey
|-damage|p1a: Blissey|45/100
|-heal|p2a: Celebi|43/100|[from] drain|[of] p1a: Blissey
|move|p1a: Blissey|Ice Beam|p2a: Celebi
|-supereffective|p2a: Celebi
|-damage|p2a: Celebi|27/100
|
|-weather|Sandstorm|[upkeep]
|-damage|p2a: Celebi|21/100|[from] Sandstorm
|-damage|p1a: Blissey|38/100|[from] Sandstorm
|-heal|p2a: Celebi|27/100|[from] item: Leftovers
|-heal|p1a: Blissey|45/100|[from] item: Leftovers
|upkeep
|turn|14
|
|t:|1729686638
|move|p2a: Celebi|Calm Mind|p2a: Celebi
|-boost|p2a: Celebi|spa|1
|-boost|p2a: Celebi|spd|1
|move|p1a: Blissey|Soft-Boiled|p1a: Blissey
|-heal|p1a: Blissey|95/100
|
|-weather|Sandstorm|[upkeep]
|-damage|p2a: Celebi|21/100|[from] Sandstorm
|-damage|p1a: Blissey|88/100|[from] Sandstorm
|-heal|p2a: Celebi|27/100|[from] item: Leftovers
|-heal|p1a: Blissey|95/100|[from] item: Leftovers
|upkeep
|turn|15
|
|t:|1729686648
|move|p2a: Celebi|Psychic|p1a: Blissey
|-damage|p1a: Blissey|45/100
|move|p1a: Blissey|Calm Mind|p1a: Blissey
|-boost|p1a: Blissey|spa|1
|-boost|p1a: Blissey|spd|1
|
|-weather|Sandstorm|[upkeep]
|-damage|p2a: Celebi|21/100|[from] Sandstorm
|-damage|p1a: Blissey|38/100|[from] Sandstorm
|-heal|p2a: Celebi|27/100|[from] item: Leftovers
|-heal|p1a: Blissey|45/100|[from] item: Leftovers
|upkeep
|turn|16
|
|t:|1729686658
|move|p2a: Celebi|Psychic|p1a: Blissey
|-damage|p1a: Blissey|9/100
|move|p1a: Blissey|Soft-Boiled|p1a: Blissey
|-heal|p1a: Blissey|59/100
|
|-weather|Sandstorm|[upkeep]
|-damage|p2a: Celebi|21/100|[from] Sandstorm
|-damage|p1a: Blissey|53/100|[from] Sandstorm
|-heal|p2a: Celebi|27/100|[from] item: Leftovers
|-heal|p1a: Blissey|59/100|[from] item: Leftovers
|upkeep
|turn|17
|
|t:|1729686667
|move|p2a: Celebi|Calm Mind|p2a: Celebi
|-boost|p2a: Celebi|spa|1
|-boost|p2a: Celebi|spd|1
|move|p1a: Blissey|Soft-Boiled|p1a: Blissey
|-heal|p1a: Blissey|100/100
|
|-weather|Sandstorm|[upkeep]
|-damage|p2a: Celebi|21/100|[from] Sandstorm
|-damage|p1a: Blissey|94/100|[from] Sandstorm
|-heal|p2a: Celebi|27/100|[from] item: Leftovers
|-heal|p1a: Blissey|100/100|[from] item: Leftovers
|upkeep
|turn|18
|
|t:|1729686677
|move|p2a: Celebi|Psychic|p1a: Blissey
|-damage|p1a: Blissey|59/100
|move|p1a: Blissey|Calm Mind|p1a: Blissey
|-boost|p1a: Blissey|spa|1
|-boost|p1a: Blissey|spd|1
|
|-weather|Sandstorm|[upkeep]
|-damage|p2a: Celebi|21/100|[from] Sandstorm
|-damage|p1a: Blissey|53/100|[from] Sandstorm
|-heal|p2a: Celebi|27/100|[from] item: Leftovers
|-heal|p1a: Blissey|59/100|[from] item: Leftovers
|upkeep
|turn|19
|inactive|DiamondDiancie25 has 210 seconds left.
|
|t:|1729686690
|move|p2a: Celebi|Psychic|p1a: Blissey
|-damage|p1a: Blissey|30/100
|move|p1a: Blissey|Calm Mind|p1a: Blissey
|-boost|p1a: Blissey|spa|1
|-boost|p1a: Blissey|spd|1
|
|-weather|Sandstorm|[upkeep]
|-damage|p2a: Celebi|21/100|[from] Sandstorm
|-damage|p1a: Blissey|24/100|[from] Sandstorm
|-heal|p2a: Celebi|27/100|[from] item: Leftovers
|-heal|p1a: Blissey|30/100|[from] item: Leftovers
|upkeep
|turn|20
|inactive|DiamondDiancie25 has 210 seconds left.
|
|t:|1729686700
|move|p2a: Celebi|Psychic|p1a: Blissey
|-damage|p1a: Blissey|7/100
|move|p1a: Blissey|Soft-Boiled|p1a: Blissey
|-heal|p1a: Blissey|57/100
|
|-weather|Sandstorm|[upkeep]
|-damage|p2a: Celebi|21/100|[from] Sandstorm
|-damage|p1a: Blissey|51/100|[from] Sandstorm
|-heal|p2a: Celebi|27/100|[from] item: Leftovers
|-heal|p1a: Blissey|57/100|[from] item: Leftovers
|upkeep
|turn|21
|inactive|DiamondDiancie25 has 210 seconds left.
|
|t:|1729686713
|move|p2a: Celebi|Psychic|p1a: Blissey
|-damage|p1a: Blissey|34/100
|move|p1a: Blissey|Soft-Boiled|p1a: Blissey
|-heal|p1a: Blissey|84/100
|
|-weather|Sandstorm|[upkeep]
|-damage|p2a: Celebi|21/100|[from] Sandstorm
|-damage|p1a: Blissey|78/100|[from] Sandstorm
|-heal|p2a: Celebi|27/100|[from] item: Leftovers
|-heal|p1a: Blissey|84/100|[from] item: Leftovers
|upkeep
|turn|22
|inactive|DiamondDiancie25 has 210 seconds left.
|
|t:|1729686724
|switch|p2a: Tyranitar|Tyranitar, F|100/100
|move|p1a: Blissey|Calm Mind|p1a: Blissey
|-boost|p1a: Blissey|spa|1
|-boost|p1a: Blissey|spd|1
|
|-weather|Sandstorm|[upkeep]
|-damage|p1a: Blissey|78/100|[from] Sandstorm
|-heal|p1a: Blissey|84/100|[from] item: Leftovers
|upkeep
|turn|23
|
|t:|1729686740
|move|p2a: Tyranitar|Rock Slide|p1a: Blissey
|-damage|p1a: Blissey|41/100
|move|p1a: Blissey|Ice Beam|p2a: Tyranitar
|-damage|p2a: Tyranitar|29/100
|
|-weather|Sandstorm|[upkeep]
|-damage|p1a: Blissey|35/100|[from] Sandstorm
|-heal|p1a: Blissey|41/100|[from] item: Leftovers
|upkeep
|turn|24
|
|t:|1729686756
|switch|p1a: Swampert|Swampert, F|100/100
|move|p2a: Tyranitar|Earthquake|p1a: Swampert
|-damage|p1a: Swampert|61/100
|
|-weather|Sandstorm|[upkeep]
|-heal|p1a: Swampert|67/100|[from] item: Leftovers
|upkeep
|turn|25
|inactive|kaesespaetzle has 270 seconds left.
|
|t:|1729686780
|move|p2a: Tyranitar|Earthquake|p1a: Swampert
|-damage|p1a: Swampert|21/100
|move|p1a: Swampert|Earthquake|p2a: Tyranitar
|-supereffective|p2a: Tyranitar
|-crit|p2a: Tyranitar
|-damage|p2a: Tyranitar|0 fnt
|faint|p2a: Tyranitar
|inactive|DiamondDiancie25 has 210 seconds left.
|
|t:|1729686795
|switch|p2a: Salamence|Salamence, M|36/100
|-ability|p2a: Salamence|Intimidate|boost
|-unboost|p1a: Swampert|atk|1
|
|-weather|Sandstorm|[upkeep]
|-damage|p2a: Salamence|30/100|[from] Sandstorm
|-heal|p1a: Swampert|27/100|[from] item: Leftovers
|upkeep
|turn|26
|inactive|DiamondDiancie25 has 210 seconds left.
|inactive|kaesespaetzle has 270 seconds left.
|
|t:|1729686812
|move|p2a: Salamence|Dragon Claw|p1a: Swampert
|-crit|p1a: Swampert
|-damage|p1a: Swampert|0 fnt
|faint|p1a: Swampert
|
|t:|1729686815
|switch|p1a: Aerodactyl|Aerodactyl, F|23/100
|
|-weather|Sandstorm|[upkeep]
|-damage|p2a: Salamence|24/100|[from] Sandstorm
|upkeep
|turn|27
|inactive|DiamondDiancie25 has 210 seconds left.
|
|t:|1729686847
|switch|p2a: Celebi|Celebi|27/100
|move|p1a: Aerodactyl|Double-Edge|p2a: Celebi
|-crit|p2a: Celebi
|-damage|p2a: Celebi|0 fnt
|faint|p2a: Celebi
|
|t:|1729686860
|switch|p2a: Swampert|Swampert, F|67/100
|
|-weather|Sandstorm|[upkeep]
|-heal|p2a: Swampert|73/100|[from] item: Leftovers
|upkeep
|turn|28
|
|t:|1729686867
|switch|p1a: Blissey|Blissey, F|41/100
|move|p2a: Swampert|Ice Beam|p1a: Blissey
|-damage|p1a: Blissey|29/100
|
|-weather|Sandstorm|[upkeep]
|-damage|p1a: Blissey|23/100|[from] Sandstorm
|-heal|p2a: Swampert|79/100|[from] item: Leftovers
|-heal|p1a: Blissey|29/100|[from] item: Leftovers
|upkeep
|turn|29
|
|t:|1729686877
|move|p2a: Swampert|Earthquake|p1a: Blissey
|-damage|p1a: Blissey|0 fnt
|faint|p1a: Blissey
|
|t:|1729686883
|switch|p1a: Claydol|Claydol|100/100
|
|-weather|Sandstorm|[upkeep]
|-heal|p2a: Swampert|85/100|[from] item: Leftovers
|upkeep
|turn|30
|inactive|DiamondDiancie25 has 210 seconds left.
|
|t:|1729686897
|switch|p2a: Salamence|Salamence, M|24/100
|-ability|p2a: Salamence|Intimidate|boost
|-unboost|p1a: Claydol|atk|1
|move|p1a: Claydol|Earthquake|p2a: Salamence
|-immune|p2a: Salamence
|
|-weather|Sandstorm|[upkeep]
|-damage|p2a: Salamence|18/100|[from] Sandstorm
|upkeep
|turn|31
|
|t:|1729686909
|move|p2a: Salamence|Dragon Claw|p1a: Claydol
|-damage|p1a: Claydol|61/100
|move|p1a: Claydol|Shadow Ball|p2a: Salamence
|-damage|p2a: Salamence|4/100
|
|-weather|Sandstorm|[upkeep]
|-damage|p2a: Salamence|0 fnt|[from] Sandstorm
|faint|p2a: Salamence
|-heal|p1a: Claydol|67/100|[from] item: Leftovers
|upkeep
|inactive|DiamondDiancie25 has 210 seconds left.
|
|t:|1729686920
|switch|p2a: Swampert|Swampert, F|85/100
|turn|32
|inactive|kaesespaetzle has 270 seconds left.
|
|t:|1729686976
|move|p1a: Claydol|Explosion|p2a: Swampert
|-damage|p2a: Swampert|2/100
|faint|p1a: Claydol
|inactive|kaesespaetzle has 240 seconds left.
|
|t:|1729686994
|switch|p1a: Aerodactyl|Aerodactyl, F|23/100
|
|-weather|Sandstorm|[upkeep]
|-heal|p2a: Swampert|8/100|[from] item: Leftovers
|upkeep
|turn|33
|
|t:|1729687001
|move|p1a: Aerodactyl|Double-Edge|p2a: Swampert
|-damage|p2a: Swampert|0 fnt
|faint|p2a: Swampert
|
|t:|1729687006
|switch|p2a: Suicune|Suicune|100/100
|
|-weather|Sandstorm|[upkeep]
|-damage|p2a: Suicune|94/100|[from] Sandstorm
|-heal|p2a: Suicune|100/100|[from] item: Leftovers
|upkeep
|turn|34
|inactive|DiamondDiancie25 has 240 seconds left.
|
|t:|1729687015
|move|p1a: Aerodactyl|Double-Edge|p2a: Suicune
|-damage|p2a: Suicune|59/100
|move|p2a: Suicune|Ice Beam|p1a: Aerodactyl
|-supereffective|p1a: Aerodactyl
|-damage|p1a: Aerodactyl|0 fnt
|faint|p1a: Aerodactyl
|
|t:|1729687023
|switch|p1a: Tyranitar|Tyranitar, F|100/100
|
|-weather|Sandstorm|[upkeep]
|-damage|p2a: Suicune|52/100|[from] Sandstorm
|-heal|p2a: Suicune|59/100|[from] item: Leftovers
|upkeep
|turn|35
|
|t:|1729687033
|move|p2a: Suicune|Surf|p1a: Tyranitar
|-supereffective|p1a: Tyranitar
|-crit|p1a: Tyranitar
|-damage|p1a: Tyranitar|0 fnt
|faint|p1a: Tyranitar
|
|win|DiamondDiancie25
|c|☆kaesespaetzle|well
|c|☆kaesespaetzle|gg
|c|☆DiamondDiancie25|lots of crits that game good lord
|c|☆DiamondDiancie25|ggs

</script>
<script type="application/json" class="data" id="replaydata-smogtours-gen3ou-801359">
{"id":"smogtours-gen3ou-801359","format":"[Gen 3] OU","players":["kaesespaetzle","DiamondDiancie25"],"uploadtime":1729687033,"views":86,"formatid":"gen3ou","rating":null,"private":0,"password":null}
</script>

<script defer src="js/replays.js?9d40a366"></script>
