<!DOCTYPE html>
<meta charset="utf-8" />
<meta name="viewport" content="width=device-width" />

<title>[Gen 3] OU: lexitg vs. Kollin7 - Replays - Pok&eacute;mon Showdown!</title>

<meta name="description" content="Watch a replay of a Pok&eacute;mon battle between lexitg and Kollin7! Format: [Gen 3] OU; Date: Oct 19, 2024" />
<!--

Hey, you! Looking in the source for the replay log?

You can find them in JSON format, just add `.json` at the end of a replay URL.

https://replay.pokemonshowdown.com/gen7randomdoublesbattle-865046831.json

Or, if you only need the log itself, add `.log` instead:

https://replay.pokemonshowdown.com/gen7randomdoublesbattle-865046831.log

-->

<link rel="stylesheet" href="//pokemonshowdown.com/style/global.css?0.023195364461161105" />
<link rel="stylesheet" href="//play.pokemonshowdown.com/style/font-awesome.css?0.13261647063804238" />
<link rel="stylesheet" href="//play.pokemonshowdown.com/style/battle.css?0.8753245789963631" />
<link rel="stylesheet" href="//play.pokemonshowdown.com/style/utilichart.css?0.8627959624976733" />

<!-- Global site tag (gtag.js) - Google Analytics -->
<script async src="https://www.googletagmanager.com/gtag/js?id=UA-26211653-1"></script>
<script>
  window.dataLayer = window.dataLayer || [];
  function gtag(){dataLayer.push(arguments);}
  gtag('js', new Date());

  gtag('config', 'UA-26211653-1');
</script>
<!-- End Google Analytics -->
<!-- Venatus Ad Manager - Install in <HEAD> of page -->
	<script src="https://hb.vntsm.com/v3/live/ad-manager.min.js" type="text/javascript" data-site-id="642aba63ec9a7b11c3c9c1be" data-mode="scan" async></script>
<!-- / Venatus Ad Manager -->

<style>
	@media (max-width:820px) {
		.battle {
			margin: 0 auto;
		}
		.battle-log {
			margin: 7px auto 0;
			max-width: 640px;
			height: 300px;
			position: static;
		}
	}
	.optgroup {
		display: inline-block;
		line-height: 22px;
		font-size: 10pt;
	}
	.optgroup .button {
		height: 25px;
		padding-top: 0;
		padding-bottom: 0;
	}
	.optgroup button.button {
		padding-left: 12px;
		padding-right: 12px;
	}
	.linklist {
		list-style: none;
		margin: 0.5em 0;
		padding: 0;
	}
	.linklist li {
		padding: 2px 0;
	}
	.sidebar {
		float: left;
		width: 320px;
	}
	.bar-wrapper {
		max-width: 1100px;
		margin: 0 auto;
	}
	.bar-wrapper.has-sidebar {
		max-width: 1430px;
	}
	.mainbar {
		margin: 0;
		padding-right: 1px;
	}
	.mainbar.has-sidebar {
		margin-left: 330px;
	}
	@media (min-width: 1511px) {
		.sidebar {
			width: 400px;
		}
		.bar-wrapper.has-sidebar {
			max-width: 1510px;
		}
		.mainbar.has-sidebar {
			margin-left: 410px;
		}
	}
	.section.first-section {
		margin-top: 9px;
	}
	.blocklink small {
		white-space: normal;
	}
	.button {
		vertical-align: middle;
	}
	.replay-controls {
		padding-top: 10px;
	}
	.replay-controls h1 {
		font-size: 16pt;
		font-weight: normal;
		color: #CCC;
	}
	.pagelink {
		text-align: center;
	}
	.pagelink a {
		width: 150px;
	}
	.textbox, .button {
		font-size: 11pt;
		vertical-align: middle;
	}
	@media (max-width: 450px) {
		.button {
			font-size: 9pt;
		}
	}
</style>

<div>

	<header>
		<div class="nav-wrapper"><ul class="nav">
			<li><a class="button nav-first" href="//pokemonshowdown.com/"><img src="//pokemonshowdown.com/images/pokemonshowdownbeta.png" srcset="//pokemonshowdown.com/images/pokemonshowdownbeta.png 1x, //pokemonshowdown.com/images/pokemonshowdownbeta@2x.png 2x" alt="Pok&eacute;mon Showdown" width="146" height="44" /> Home</a></li>
			<li><a class="button" href="//pokemonshowdown.com/dex/">Pok&eacute;dex</a></li>
			<li><a class="button cur" href="/">Replays</a></li>
			<li><a class="button" href="//pokemonshowdown.com/ladder/">Ladder</a></li>
			<li><a class="button nav-last" href="//pokemonshowdown.com/forums/">Forum</a></li>
			<li><a class="button greenbutton nav-first nav-last" href="//play.pokemonshowdown.com/">Play</a></li>
		</ul></div>
	</header>

	<div class="main" id="main">

		<noscript><section class="section">You need to enable JavaScript to use this page; sorry!</section></noscript>

	</div>

</div>

<script defer nomodule src="//play.pokemonshowdown.com/js/lib/ps-polyfill.js"></script>
<script defer src="//play.pokemonshowdown.com/js/lib/preact.min.js"></script>

<script defer src="//play.pokemonshowdown.com/config/config.js?2bddbc15"></script>
<script defer src="//play.pokemonshowdown.com/js/lib/jquery-1.11.0.min.js"></script>
<script defer src="//play.pokemonshowdown.com/js/lib/html-sanitizer-minified.js"></script>
<script defer src="//play.pokemonshowdown.com/js/battle-sound.js"></script>
<script defer src="//play.pokemonshowdown.com/js/battledata.js?0.7209276989879541"></script>
<script defer src="//play.pokemonshowdown.com/data/pokedex-mini.js?0.6111056340867951"></script>
<script defer src="//play.pokemonshowdown.com/data/pokedex-mini-bw.js?0.3532142036491459"></script>
<script defer src="//play.pokemonshowdown.com/data/graphics.js?0.24223875632456182"></script>
<script defer src="//play.pokemonshowdown.com/data/pokedex.js?0.38839984266356864"></script>
<script defer src="//play.pokemonshowdown.com/data/moves.js?0.21866028504024015"></script>
<script defer src="//play.pokemonshowdown.com/data/abilities.js?0.2005157953846628"></script>
<script defer src="//play.pokemonshowdown.com/data/items.js?0.9894211263848525"></script>
<script defer src="//play.pokemonshowdown.com/data/teambuilder-tables.js?0.6008791140282215"></script>
<script defer src="//play.pokemonshowdown.com/js/battle-tooltips.js?0.7580118955022959"></script>
<script defer src="//play.pokemonshowdown.com/js/battle.js?0.6057722274234274"></script>

<script defer src="js/utils.js?e31f9a17"></script>
<script defer src="js/replays-battle.js?7008c182"></script>

<!-- don't scrape this data! just add .json or .log after the URL!
Full API docs: https://github.com/smogon/pokemon-showdown-client/blob/master/WEB-API.md -->
<script type="text/plain" class="log" id="replaylog-smogtours-gen3ou-799926">
|inactive|Battle timer is ON: inactive players will automatically lose when time's up.
|t:|1729354555
|gametype|singles
|player|p1|lexitg|265|
|player|p2|Kollin7|hiker-gen2|
|teamsize|p1|6
|teamsize|p2|6
|gen|3
|tier|[Gen 3] OU
|rule|Sleep Clause Mod: Limit one foe put to sleep
|rule|Switch Priority Clause Mod: Faster Pokémon switch first
|rule|Species Clause: Limit one of each Pokémon
|rule|OHKO Clause: OHKO moves are banned
|rule|Evasion Items Clause: Evasion items are banned
|rule|Evasion Moves Clause: Evasion moves are banned
|rule|Endless Battle Clause: Forcing endless battles is banned
|rule|HP Percentage Mod: HP is shown in percentages
|rule|One Boost Passer Clause: Limit one Baton Passer that has a way to boost its stats
|rule|Freeze Clause Mod: Limit one foe frozen
|
|t:|1729354555
|start
|switch|p1a: Salamence|Salamence, M|100/100
|switch|p2a: Tyranitar|Tyranitar, M|100/100
|-ability|p1a: Salamence|Intimidate|boost
|-unboost|p2a: Tyranitar|atk|1
|-weather|Sandstorm|[from] ability: Sand Stream|[of] p2a: Tyranitar
|turn|1
|inactive|Kollin7 also wants the timer to be on.
|
|t:|1729354577
|move|p1a: Salamence|Brick Break|p2a: Tyranitar
|-supereffective|p2a: Tyranitar
|-damage|p2a: Tyranitar|0 fnt
|faint|p2a: Tyranitar
|
|t:|1729354592
|switch|p2a: Skarmory|Skarmory, M|100/100
|
|-weather|Sandstorm|[upkeep]
|-damage|p1a: Salamence|94/100|[from] Sandstorm
|upkeep
|turn|2
|
|t:|1729354605
|switch|p1a: Magneton|Magneton|100/100
|switch|p2a: Moltres|Moltres|100/100
|
|-weather|Sandstorm|[upkeep]
|-damage|p2a: Moltres|94/100|[from] Sandstorm
|-heal|p2a: Moltres|100/100|[from] item: Leftovers
|upkeep
|turn|3
|
|t:|1729354609
|switch|p1a: Blissey|Blissey, F|100/100
|move|p2a: Moltres|Fire Blast|p1a: Blissey
|-damage|p1a: Blissey|77/100
|
|-weather|Sandstorm|[upkeep]
|-damage|p2a: Moltres|94/100|[from] Sandstorm
|-damage|p1a: Blissey|71/100|[from] Sandstorm
|-heal|p2a: Moltres|100/100|[from] item: Leftovers
|-heal|p1a: Blissey|77/100|[from] item: Leftovers
|upkeep
|turn|4
|
|t:|1729354617
|switch|p2a: Celebi|Celebi|100/100
|move|p1a: Blissey|Wish|p1a: Blissey
|
|-weather|Sandstorm|[upkeep]
|-damage|p2a: Celebi|94/100|[from] Sandstorm
|-damage|p1a: Blissey|71/100|[from] Sandstorm
|-heal|p2a: Celebi|100/100|[from] item: Leftovers
|-heal|p1a: Blissey|77/100|[from] item: Leftovers
|upkeep
|turn|5
|
|t:|1729354625
|switch|p1a: Salamence|Salamence, M|94/100
|-ability|p1a: Salamence|Intimidate|boost
|-unboost|p2a: Celebi|atk|1
|move|p2a: Celebi|Toxic|p1a: Salamence
|-status|p1a: Salamence|tox
|
|-heal|p1a: Salamence|100/100 tox|[from] move: Wish|[wisher] Blissey
|-weather|Sandstorm|[upkeep]
|-damage|p1a: Salamence|94/100 tox|[from] Sandstorm
|-damage|p2a: Celebi|94/100|[from] Sandstorm
|-damage|p1a: Salamence|88/100 tox|[from] psn
|-heal|p2a: Celebi|100/100|[from] item: Leftovers
|upkeep
|turn|6
|
|t:|1729354637
|switch|p2a: Skarmory|Skarmory, M|100/100
|move|p1a: Salamence|Hidden Power|p2a: Skarmory
|-resisted|p2a: Skarmory
|-damage|p2a: Skarmory|77/100
|
|-weather|Sandstorm|[upkeep]
|-damage|p1a: Salamence|82/100 tox|[from] Sandstorm
|-damage|p1a: Salamence|70/100 tox|[from] psn
|-heal|p2a: Skarmory|83/100|[from] item: Leftovers
|upkeep
|turn|7
|
|t:|1729354649
|switch|p1a: Blissey|Blissey, F|77/100
|switch|p2a: Moltres|Moltres|100/100
|
|-weather|Sandstorm|[upkeep]
|-damage|p2a: Moltres|94/100|[from] Sandstorm
|-damage|p1a: Blissey|71/100|[from] Sandstorm
|-heal|p2a: Moltres|100/100|[from] item: Leftovers
|-heal|p1a: Blissey|77/100|[from] item: Leftovers
|upkeep
|turn|8
|
|t:|1729354653
|switch|p2a: Celebi|Celebi|100/100
|move|p1a: Blissey|Wish|p1a: Blissey
|
|-weather|Sandstorm|[upkeep]
|-damage|p2a: Celebi|94/100|[from] Sandstorm
|-damage|p1a: Blissey|71/100|[from] Sandstorm
|-heal|p2a: Celebi|100/100|[from] item: Leftovers
|-heal|p1a: Blissey|77/100|[from] item: Leftovers
|upkeep
|turn|9
|
|t:|1729354662
|move|p2a: Celebi|Leech Seed|p1a: Blissey
|-start|p1a: Blissey|move: Leech Seed
|move|p1a: Blissey|Ice Beam|p2a: Celebi
|-supereffective|p2a: Celebi
|-damage|p2a: Celebi|66/100
|
|-heal|p1a: Blissey|100/100|[from] move: Wish|[wisher] Blissey
|-weather|Sandstorm|[upkeep]
|-damage|p2a: Celebi|60/100|[from] Sandstorm
|-damage|p1a: Blissey|94/100|[from] Sandstorm
|-heal|p2a: Celebi|66/100|[from] item: Leftovers
|-heal|p1a: Blissey|100/100|[from] item: Leftovers
|-damage|p1a: Blissey|88/100|[from] Leech Seed|[of] p2a: Celebi
|-heal|p2a: Celebi|86/100|[silent]
|upkeep
|turn|10
|
|t:|1729354672
|move|p2a: Celebi|Leech Seed||[still]
|-fail|p2a: Celebi
|move|p1a: Blissey|Wish|p1a: Blissey
|
|-weather|Sandstorm|[upkeep]
|-damage|p2a: Celebi|80/100|[from] Sandstorm
|-damage|p1a: Blissey|82/100|[from] Sandstorm
|-heal|p2a: Celebi|86/100|[from] item: Leftovers
|-heal|p1a: Blissey|88/100|[from] item: Leftovers
|-damage|p1a: Blissey|76/100|[from] Leech Seed|[of] p2a: Celebi
|-heal|p2a: Celebi|100/100|[silent]
|upkeep
|turn|11
|
|t:|1729354679
|switch|p1a: Salamence|Salamence, M|70/100 tox
|-ability|p1a: Salamence|Intimidate|boost
|-unboost|p2a: Celebi|atk|1
|move|p2a: Celebi|Leech Seed|p1a: Salamence
|-start|p1a: Salamence|move: Leech Seed
|
|-heal|p1a: Salamence|100/100 tox|[from] move: Wish|[wisher] Blissey
|-weather|Sandstorm|[upkeep]
|-damage|p1a: Salamence|94/100 tox|[from] Sandstorm
|-damage|p2a: Celebi|94/100|[from] Sandstorm
|-damage|p1a: Salamence|82/100 tox|[from] Leech Seed|[of] p2a: Celebi
|-heal|p2a: Celebi|100/100|[silent]
|-damage|p1a: Salamence|76/100 tox|[from] psn
|upkeep
|turn|12
|
|t:|1729354708
|switch|p1a: Magneton|Magneton|100/100
|move|p2a: Celebi|Recover||[still]
|-fail|p2a: Celebi|heal
|
|-weather|Sandstorm|[upkeep]
|-damage|p2a: Celebi|94/100|[from] Sandstorm
|-heal|p2a: Celebi|100/100|[from] item: Leftovers
|upkeep
|turn|13
|
|t:|1729354715
|move|p1a: Magneton|Toxic|p2a: Celebi|[miss]
|-miss|p1a: Magneton|p2a: Celebi
|move|p2a: Celebi|Leech Seed|p1a: Magneton
|-start|p1a: Magneton|move: Leech Seed
|
|-weather|Sandstorm|[upkeep]
|-damage|p2a: Celebi|94/100|[from] Sandstorm
|-damage|p1a: Magneton|88/100|[from] Leech Seed|[of] p2a: Celebi
|-heal|p2a: Celebi|100/100|[silent]
|upkeep
|turn|14
|
|t:|1729354720
|switch|p1a: Blissey|Blissey, F|76/100
|move|p2a: Celebi|Leech Seed|p1a: Blissey
|-start|p1a: Blissey|move: Leech Seed
|
|-weather|Sandstorm|[upkeep]
|-damage|p2a: Celebi|94/100|[from] Sandstorm
|-damage|p1a: Blissey|69/100|[from] Sandstorm
|-heal|p2a: Celebi|100/100|[from] item: Leftovers
|-heal|p1a: Blissey|76/100|[from] item: Leftovers
|-damage|p1a: Blissey|63/100|[from] Leech Seed|[of] p2a: Celebi
|upkeep
|turn|15
|
|t:|1729354724
|switch|p2a: Skarmory|Skarmory, M|83/100
|move|p1a: Blissey|Soft-Boiled|p1a: Blissey
|-heal|p1a: Blissey|100/100
|
|-weather|Sandstorm|[upkeep]
|-damage|p1a: Blissey|94/100|[from] Sandstorm
|-heal|p2a: Skarmory|89/100|[from] item: Leftovers
|-heal|p1a: Blissey|100/100|[from] item: Leftovers
|-damage|p1a: Blissey|88/100|[from] Leech Seed|[of] p2a: Skarmory
|-heal|p2a: Skarmory|100/100|[silent]
|upkeep
|turn|16
|
|t:|1729354730
|switch|p2a: Celebi|Celebi|100/100
|move|p1a: Blissey|Wish|p1a: Blissey
|
|-weather|Sandstorm|[upkeep]
|-damage|p2a: Celebi|94/100|[from] Sandstorm
|-damage|p1a: Blissey|82/100|[from] Sandstorm
|-heal|p2a: Celebi|100/100|[from] item: Leftovers
|-heal|p1a: Blissey|88/100|[from] item: Leftovers
|-damage|p1a: Blissey|76/100|[from] Leech Seed|[of] p2a: Celebi
|upkeep
|turn|17
|
|t:|1729354739
|switch|p2a: Skarmory|Skarmory, M|100/100
|switch|p1a: Salamence|Salamence, M|76/100 tox
|-ability|p1a: Salamence|Intimidate|boost
|-unboost|p2a: Skarmory|atk|1
|
|-heal|p1a: Salamence|100/100 tox|[from] move: Wish|[wisher] Blissey
|-weather|Sandstorm|[upkeep]
|-damage|p1a: Salamence|94/100 tox|[from] Sandstorm
|-damage|p1a: Salamence|88/100 tox|[from] psn
|upkeep
|turn|18
|
|t:|1729354745
|move|p1a: Salamence|Rock Slide|p2a: Skarmory
|-damage|p2a: Skarmory|68/100
|move|p2a: Skarmory|Spikes|p1a: Salamence
|-sidestart|p1: lexitg|Spikes
|
|-weather|Sandstorm|[upkeep]
|-damage|p1a: Salamence|82/100 tox|[from] Sandstorm
|-damage|p1a: Salamence|70/100 tox|[from] psn
|-heal|p2a: Skarmory|74/100|[from] item: Leftovers
|upkeep
|turn|19
|
|t:|1729354752
|switch|p1a: Skarmory|Skarmory, M|100/100
|switch|p2a: Flygon|Flygon, F|100/100
|
|-weather|Sandstorm|[upkeep]
|upkeep
|turn|20
|
|t:|1729354768
|switch|p2a: Moltres|Moltres|100/100
|move|p1a: Skarmory|Toxic|p2a: Moltres
|-status|p2a: Moltres|tox
|
|-weather|Sandstorm|[upkeep]
|-damage|p2a: Moltres|94/100 tox|[from] Sandstorm
|-heal|p2a: Moltres|100/100 tox|[from] item: Leftovers
|-damage|p2a: Moltres|94/100 tox|[from] psn
|upkeep
|turn|21
|
|t:|1729354771
|switch|p1a: Blissey|Blissey, F|76/100
|-damage|p1a: Blissey|63/100|[from] Spikes
|move|p2a: Moltres|Fire Blast|p1a: Blissey
|-damage|p1a: Blissey|39/100
|
|-weather|Sandstorm|[upkeep]
|-damage|p2a: Moltres|88/100 tox|[from] Sandstorm
|-damage|p1a: Blissey|32/100|[from] Sandstorm
|-heal|p2a: Moltres|94/100 tox|[from] item: Leftovers
|-damage|p2a: Moltres|82/100 tox|[from] psn
|-heal|p1a: Blissey|39/100|[from] item: Leftovers
|upkeep
|turn|22
|
|t:|1729354782
|move|p2a: Moltres|Fire Blast|p1a: Blissey
|-damage|p1a: Blissey|15/100
|move|p1a: Blissey|Soft-Boiled|p1a: Blissey
|-heal|p1a: Blissey|65/100
|
|-weather|Sandstorm|[upkeep]
|-damage|p2a: Moltres|76/100 tox|[from] Sandstorm
|-damage|p1a: Blissey|59/100|[from] Sandstorm
|-heal|p2a: Moltres|82/100 tox|[from] item: Leftovers
|-damage|p2a: Moltres|63/100 tox|[from] psn
|-heal|p1a: Blissey|65/100|[from] item: Leftovers
|upkeep
|turn|23
|
|t:|1729354789
|switch|p2a: Celebi|Celebi|100/100
|move|p1a: Blissey|Soft-Boiled|p1a: Blissey
|-heal|p1a: Blissey|100/100
|
|-weather|Sandstorm|[upkeep]
|-damage|p2a: Celebi|94/100|[from] Sandstorm
|-damage|p1a: Blissey|94/100|[from] Sandstorm
|-heal|p2a: Celebi|100/100|[from] item: Leftovers
|-heal|p1a: Blissey|100/100|[from] item: Leftovers
|upkeep
|turn|24
|
|t:|1729354794
|move|p2a: Celebi|Leech Seed|p1a: Blissey
|-start|p1a: Blissey|move: Leech Seed
|move|p1a: Blissey|Wish|p1a: Blissey
|
|-weather|Sandstorm|[upkeep]
|-damage|p2a: Celebi|94/100|[from] Sandstorm
|-damage|p1a: Blissey|94/100|[from] Sandstorm
|-heal|p2a: Celebi|100/100|[from] item: Leftovers
|-heal|p1a: Blissey|100/100|[from] item: Leftovers
|-damage|p1a: Blissey|88/100|[from] Leech Seed|[of] p2a: Celebi
|upkeep
|turn|25
|
|t:|1729354806
|switch|p2a: Skarmory|Skarmory, M|74/100
|switch|p1a: Magneton|Magneton|88/100
|-damage|p1a: Magneton|76/100|[from] Spikes
|
|-heal|p1a: Magneton|100/100|[from] move: Wish|[wisher] Blissey
|-weather|Sandstorm|[upkeep]
|-heal|p2a: Skarmory|80/100|[from] item: Leftovers
|upkeep
|turn|26
|
|t:|1729354814
|move|p1a: Magneton|Thunderbolt|p2a: Skarmory
|-supereffective|p2a: Skarmory
|-damage|p2a: Skarmory|0 fnt
|faint|p2a: Skarmory
|
|t:|1729354829
|switch|p2a: Flygon|Flygon, F|100/100
|
|-weather|Sandstorm|[upkeep]
|upkeep
|turn|27
|
|t:|1729354845
|switch|p2a: Gengar|Gengar, F|100/100
|switch|p1a: Zapdos|Zapdos|100/100
|
|-weather|Sandstorm|[upkeep]
|-damage|p2a: Gengar|94/100|[from] Sandstorm
|-damage|p1a: Zapdos|94/100|[from] Sandstorm
|-heal|p2a: Gengar|100/100|[from] item: Leftovers
|-heal|p1a: Zapdos|100/100|[from] item: Leftovers
|upkeep
|turn|28
|
|t:|1729354860
|switch|p2a: Celebi|Celebi|100/100
|move|p1a: Zapdos|Thunderbolt|p2a: Celebi
|-resisted|p2a: Celebi
|-damage|p2a: Celebi|88/100
|
|-weather|Sandstorm|[upkeep]
|-damage|p2a: Celebi|81/100|[from] Sandstorm
|-damage|p1a: Zapdos|94/100|[from] Sandstorm
|-heal|p2a: Celebi|88/100|[from] item: Leftovers
|-heal|p1a: Zapdos|100/100|[from] item: Leftovers
|upkeep
|turn|29
|
|t:|1729354866
|move|p2a: Celebi|Leech Seed|p1a: Zapdos
|-start|p1a: Zapdos|move: Leech Seed
|move|p1a: Zapdos|Toxic|p2a: Celebi
|-status|p2a: Celebi|tox
|
|-weather|Sandstorm|[upkeep]
|-damage|p2a: Celebi|81/100 tox|[from] Sandstorm
|-damage|p1a: Zapdos|94/100|[from] Sandstorm
|-heal|p2a: Celebi|88/100 tox|[from] item: Leftovers
|-damage|p2a: Celebi|81/100 tox|[from] psn
|-heal|p1a: Zapdos|100/100|[from] item: Leftovers
|-damage|p1a: Zapdos|88/100|[from] Leech Seed|[of] p2a: Celebi
|-heal|p2a: Celebi|93/100 tox|[silent]
|upkeep
|turn|30
|
|t:|1729354871
|-curestatus|p2a: Celebi|tox|[from] ability: Natural Cure
|switch|p2a: Gengar|Gengar, F|100/100
|switch|p1a: Blissey|Blissey, F|88/100
|-damage|p1a: Blissey|76/100|[from] Spikes
|
|-weather|Sandstorm|[upkeep]
|-damage|p2a: Gengar|94/100|[from] Sandstorm
|-damage|p1a: Blissey|69/100|[from] Sandstorm
|-heal|p2a: Gengar|100/100|[from] item: Leftovers
|-heal|p1a: Blissey|76/100|[from] item: Leftovers
|upkeep
|turn|31
|
|t:|1729354880
|switch|p1a: Magneton|Magneton|100/100
|-damage|p1a: Magneton|88/100|[from] Spikes
|move|p2a: Gengar|Taunt|p1a: Magneton
|-start|p1a: Magneton|move: Taunt
|
|-weather|Sandstorm|[upkeep]
|-damage|p2a: Gengar|94/100|[from] Sandstorm
|-heal|p2a: Gengar|100/100|[from] item: Leftovers
|upkeep
|turn|32
|
|t:|1729354884
|switch|p2a: Celebi|Celebi|93/100
|move|p1a: Magneton|Thunderbolt|p2a: Celebi
|-resisted|p2a: Celebi
|-damage|p2a: Celebi|77/100
|
|-weather|Sandstorm|[upkeep]
|-damage|p2a: Celebi|71/100|[from] Sandstorm
|-end|p1a: Magneton|move: Taunt|[silent]
|-heal|p2a: Celebi|77/100|[from] item: Leftovers
|upkeep
|turn|33
|
|t:|1729354890
|move|p1a: Magneton|Protect|p1a: Magneton
|-singleturn|p1a: Magneton|Protect
|move|p2a: Celebi|Leech Seed|p1a: Magneton
|-activate|p1a: Magneton|Protect
|
|-weather|Sandstorm|[upkeep]
|-damage|p2a: Celebi|71/100|[from] Sandstorm
|-heal|p2a: Celebi|77/100|[from] item: Leftovers
|upkeep
|turn|34
|
|t:|1729354903
|move|p1a: Magneton|Toxic|p2a: Celebi|[miss]
|-miss|p1a: Magneton|p2a: Celebi
|move|p2a: Celebi|Leech Seed|p1a: Magneton
|-start|p1a: Magneton|move: Leech Seed
|
|-weather|Sandstorm|[upkeep]
|-damage|p2a: Celebi|71/100|[from] Sandstorm
|-damage|p1a: Magneton|76/100|[from] Leech Seed|[of] p2a: Celebi
|-heal|p2a: Celebi|78/100|[silent]
|-heal|p2a: Celebi|84/100|[from] item: Leftovers
|upkeep
|turn|35
|
|t:|1729354910
|switch|p1a: Blissey|Blissey, F|76/100
|-damage|p1a: Blissey|63/100|[from] Spikes
|switch|p2a: Gengar|Gengar, F|100/100
|
|-weather|Sandstorm|[upkeep]
|-damage|p2a: Gengar|94/100|[from] Sandstorm
|-damage|p1a: Blissey|57/100|[from] Sandstorm
|-heal|p2a: Gengar|100/100|[from] item: Leftovers
|-heal|p1a: Blissey|63/100|[from] item: Leftovers
|upkeep
|turn|36
|
|t:|1729354917
|switch|p1a: Magneton|Magneton|76/100
|-damage|p1a: Magneton|63/100|[from] Spikes
|move|p2a: Gengar|Will-O-Wisp|p1a: Magneton
|-status|p1a: Magneton|brn
|
|-weather|Sandstorm|[upkeep]
|-damage|p2a: Gengar|94/100|[from] Sandstorm
|-heal|p2a: Gengar|100/100|[from] item: Leftovers
|-damage|p1a: Magneton|51/100 brn|[from] brn
|upkeep
|turn|37
|
|t:|1729354927
|switch|p2a: Celebi|Celebi|84/100
|move|p1a: Magneton|Toxic|p2a: Celebi
|-status|p2a: Celebi|tox
|
|-weather|Sandstorm|[upkeep]
|-damage|p2a: Celebi|78/100 tox|[from] Sandstorm
|-damage|p1a: Magneton|39/100 brn|[from] brn
|-heal|p2a: Celebi|84/100 tox|[from] item: Leftovers
|-damage|p2a: Celebi|78/100 tox|[from] psn
|upkeep
|turn|38
|
|t:|1729354935
|move|p1a: Magneton|Protect|p1a: Magneton
|-singleturn|p1a: Magneton|Protect
|move|p2a: Celebi|Recover|p2a: Celebi
|-heal|p2a: Celebi|100/100 tox
|
|-weather|Sandstorm|[upkeep]
|-damage|p2a: Celebi|94/100 tox|[from] Sandstorm
|-damage|p1a: Magneton|26/100 brn|[from] brn
|-heal|p2a: Celebi|100/100 tox|[from] item: Leftovers
|-damage|p2a: Celebi|88/100 tox|[from] psn
|upkeep
|turn|39
|
|t:|1729354939
|-curestatus|p2a: Celebi|tox|[from] ability: Natural Cure
|switch|p2a: Flygon|Flygon, F|100/100
|move|p1a: Magneton|Hidden Power|p2a: Flygon
|-resisted|p2a: Flygon
|-damage|p2a: Flygon|83/100
|
|-weather|Sandstorm|[upkeep]
|-heal|p2a: Flygon|89/100|[from] item: Leftovers
|-damage|p1a: Magneton|14/100 brn|[from] brn
|upkeep
|turn|40
|
|t:|1729354948
|move|p2a: Flygon|Earthquake|p1a: Magneton
|-supereffective|p1a: Magneton
|-damage|p1a: Magneton|0 fnt
|faint|p1a: Magneton
|
|t:|1729354957
|switch|p1a: Blissey|Blissey, F|63/100
|-damage|p1a: Blissey|51/100|[from] Spikes
|
|-weather|Sandstorm|[upkeep]
|-damage|p1a: Blissey|45/100|[from] Sandstorm
|-heal|p2a: Flygon|95/100|[from] item: Leftovers
|-heal|p1a: Blissey|51/100|[from] item: Leftovers
|upkeep
|turn|41
|
|t:|1729354965
|move|p2a: Flygon|Earthquake|p1a: Blissey
|-damage|p1a: Blissey|9/100
|move|p1a: Blissey|Soft-Boiled|p1a: Blissey
|-heal|p1a: Blissey|59/100
|
|-weather|Sandstorm|[upkeep]
|-damage|p1a: Blissey|53/100|[from] Sandstorm
|-heal|p2a: Flygon|100/100|[from] item: Leftovers
|-heal|p1a: Blissey|59/100|[from] item: Leftovers
|upkeep
|turn|42
|
|t:|1729354974
|switch|p2a: Celebi|Celebi|88/100
|move|p1a: Blissey|Soft-Boiled|p1a: Blissey
|-heal|p1a: Blissey|100/100
|
|-weather|Sandstorm|[upkeep]
|-damage|p2a: Celebi|82/100|[from] Sandstorm
|-damage|p1a: Blissey|94/100|[from] Sandstorm
|-heal|p2a: Celebi|88/100|[from] item: Leftovers
|-heal|p1a: Blissey|100/100|[from] item: Leftovers
|upkeep
|turn|43
|
|t:|1729354983
|move|p2a: Celebi|Toxic|p1a: Blissey|[miss]
|-miss|p2a: Celebi|p1a: Blissey
|move|p1a: Blissey|Wish|p1a: Blissey
|
|-weather|Sandstorm|[upkeep]
|-damage|p2a: Celebi|82/100|[from] Sandstorm
|-damage|p1a: Blissey|94/100|[from] Sandstorm
|-heal|p2a: Celebi|88/100|[from] item: Leftovers
|-heal|p1a: Blissey|100/100|[from] item: Leftovers
|upkeep
|turn|44
|
|t:|1729354994
|move|p2a: Celebi|Leech Seed|p1a: Blissey
|-start|p1a: Blissey|move: Leech Seed
|move|p1a: Blissey|Ice Beam|p2a: Celebi
|-supereffective|p2a: Celebi
|-damage|p2a: Celebi|53/100
|
|-weather|Sandstorm|[upkeep]
|-damage|p2a: Celebi|47/100|[from] Sandstorm
|-damage|p1a: Blissey|94/100|[from] Sandstorm
|-heal|p2a: Celebi|53/100|[from] item: Leftovers
|-heal|p1a: Blissey|100/100|[from] item: Leftovers
|-damage|p1a: Blissey|88/100|[from] Leech Seed|[of] p2a: Celebi
|-heal|p2a: Celebi|73/100|[silent]
|upkeep
|turn|45
|
|t:|1729354999
|move|p2a: Celebi|Toxic|p1a: Blissey
|-status|p1a: Blissey|tox
|move|p1a: Blissey|Wish|p1a: Blissey
|
|-weather|Sandstorm|[upkeep]
|-damage|p2a: Celebi|67/100|[from] Sandstorm
|-damage|p1a: Blissey|82/100 tox|[from] Sandstorm
|-heal|p2a: Celebi|73/100|[from] item: Leftovers
|-heal|p1a: Blissey|88/100 tox|[from] item: Leftovers
|-damage|p1a: Blissey|76/100 tox|[from] Leech Seed|[of] p2a: Celebi
|-heal|p2a: Celebi|93/100|[silent]
|-damage|p1a: Blissey|69/100 tox|[from] psn
|upkeep
|turn|46
|
|t:|1729355013
|switch|p2a: Gengar|Gengar, F|100/100
|-curestatus|p1a: Blissey|tox|[from] ability: Natural Cure
|switch|p1a: Salamence|Salamence, M|70/100 tox
|-ability|p1a: Salamence|Intimidate|boost
|-unboost|p2a: Gengar|atk|1
|
|-heal|p1a: Salamence|100/100 tox|[from] move: Wish|[wisher] Blissey
|-weather|Sandstorm|[upkeep]
|-damage|p2a: Gengar|94/100|[from] Sandstorm
|-damage|p1a: Salamence|94/100 tox|[from] Sandstorm
|-heal|p2a: Gengar|100/100|[from] item: Leftovers
|-damage|p1a: Salamence|88/100 tox|[from] psn
|upkeep
|turn|47
|
|t:|1729355033
|switch|p1a: Swampert|Swampert, F|100/100
|-damage|p1a: Swampert|88/100|[from] Spikes
|move|p2a: Gengar|Thunderbolt|p1a: Swampert
|-immune|p1a: Swampert
|
|-weather|Sandstorm|[upkeep]
|-damage|p2a: Gengar|94/100|[from] Sandstorm
|-heal|p2a: Gengar|100/100|[from] item: Leftovers
|-heal|p1a: Swampert|94/100|[from] item: Leftovers
|upkeep
|turn|48
|inactive|lexitg has 270 seconds left.
|
|t:|1729355084
|move|p2a: Gengar|Will-O-Wisp|p1a: Swampert|[miss]
|-miss|p2a: Gengar|p1a: Swampert
|move|p1a: Swampert|Curse|p1a: Swampert
|-unboost|p1a: Swampert|spe|1
|-boost|p1a: Swampert|atk|1
|-boost|p1a: Swampert|def|1
|
|-weather|Sandstorm|[upkeep]
|-damage|p2a: Gengar|94/100|[from] Sandstorm
|-heal|p2a: Gengar|100/100|[from] item: Leftovers
|-heal|p1a: Swampert|100/100|[from] item: Leftovers
|upkeep
|turn|49
|
|t:|1729355089
|move|p1a: Swampert|Protect|p1a: Swampert
|-singleturn|p1a: Swampert|Protect
|move|p2a: Gengar|Giga Drain|p1a: Swampert
|-activate|p1a: Swampert|Protect
|
|-weather|Sandstorm|[upkeep]
|-damage|p2a: Gengar|94/100|[from] Sandstorm
|-heal|p2a: Gengar|100/100|[from] item: Leftovers
|upkeep
|turn|50
|
|t:|1729355107
|move|p2a: Gengar|Will-O-Wisp|p1a: Swampert
|-status|p1a: Swampert|brn
|move|p1a: Swampert|Rock Slide|p2a: Gengar
|-damage|p2a: Gengar|75/100
|
|-weather|Sandstorm|[upkeep]
|-damage|p2a: Gengar|69/100|[from] Sandstorm
|-heal|p2a: Gengar|75/100|[from] item: Leftovers
|-damage|p1a: Swampert|88/100 brn|[from] brn
|upkeep
|turn|51
|
|t:|1729355133
|switch|p1a: Salamence|Salamence, M|88/100 tox
|-ability|p1a: Salamence|Intimidate|boost
|-unboost|p2a: Gengar|atk|1
|move|p2a: Gengar|Will-O-Wisp|p1a: Salamence|[miss]
|-miss|p2a: Gengar|p1a: Salamence
|
|-weather|Sandstorm|[upkeep]
|-damage|p2a: Gengar|69/100|[from] Sandstorm
|-damage|p1a: Salamence|82/100 tox|[from] Sandstorm
|-heal|p2a: Gengar|75/100|[from] item: Leftovers
|-damage|p1a: Salamence|76/100 tox|[from] psn
|upkeep
|turn|52
|
|t:|1729355140
|switch|p2a: Flygon|Flygon, F|100/100
|move|p1a: Salamence|Hidden Power|p2a: Flygon
|-damage|p2a: Flygon|18/100
|
|-weather|Sandstorm|[upkeep]
|-damage|p1a: Salamence|70/100 tox|[from] Sandstorm
|-heal|p2a: Flygon|24/100|[from] item: Leftovers
|-damage|p1a: Salamence|58/100 tox|[from] psn
|upkeep
|turn|53
|
|t:|1729355152
|switch|p1a: Swampert|Swampert, F|88/100 brn
|-damage|p1a: Swampert|76/100 brn|[from] Spikes
|move|p2a: Flygon|Rock Slide|p1a: Swampert
|-resisted|p1a: Swampert
|-damage|p1a: Swampert|68/100 brn
|
|-weather|Sandstorm|[upkeep]
|-heal|p2a: Flygon|30/100|[from] item: Leftovers
|-heal|p1a: Swampert|74/100 brn|[from] item: Leftovers
|-damage|p1a: Swampert|62/100 brn|[from] brn
|upkeep
|turn|54
|
|t:|1729355162
|switch|p2a: Gengar|Gengar, F|75/100
|move|p1a: Swampert|Rock Slide|p2a: Gengar
|-damage|p2a: Gengar|59/100
|
|-weather|Sandstorm|[upkeep]
|-damage|p2a: Gengar|53/100|[from] Sandstorm
|-heal|p2a: Gengar|59/100|[from] item: Leftovers
|-heal|p1a: Swampert|68/100 brn|[from] item: Leftovers
|-damage|p1a: Swampert|55/100 brn|[from] brn
|upkeep
|turn|55
|
|t:|1729355173
|move|p1a: Swampert|Protect|p1a: Swampert
|-singleturn|p1a: Swampert|Protect
|move|p2a: Gengar|Will-O-Wisp|p1a: Swampert
|-activate|p1a: Swampert|Protect
|
|-weather|Sandstorm|[upkeep]
|-damage|p2a: Gengar|53/100|[from] Sandstorm
|-heal|p2a: Gengar|59/100|[from] item: Leftovers
|-heal|p1a: Swampert|62/100 brn|[from] item: Leftovers
|-damage|p1a: Swampert|49/100 brn|[from] brn
|upkeep
|turn|56
|inactive|lexitg has 270 seconds left.
|inactive|lexitg has 240 seconds left.
|
|t:|1729355213
|move|p2a: Gengar|Will-O-Wisp|p1a: Swampert|[miss]
|-miss|p2a: Gengar|p1a: Swampert
|move|p1a: Swampert|Rock Slide|p2a: Gengar
|-crit|p2a: Gengar
|-damage|p2a: Gengar|27/100
|
|-weather|Sandstorm|[upkeep]
|-damage|p2a: Gengar|21/100|[from] Sandstorm
|-heal|p2a: Gengar|27/100|[from] item: Leftovers
|-heal|p1a: Swampert|55/100 brn|[from] item: Leftovers
|-damage|p1a: Swampert|43/100 brn|[from] brn
|upkeep
|turn|57
|
|t:|1729355217
|move|p1a: Swampert|Protect|p1a: Swampert
|-singleturn|p1a: Swampert|Protect
|move|p2a: Gengar|Giga Drain|p1a: Swampert
|-activate|p1a: Swampert|Protect
|
|-weather|Sandstorm|[upkeep]
|-damage|p2a: Gengar|21/100|[from] Sandstorm
|-heal|p2a: Gengar|27/100|[from] item: Leftovers
|-heal|p1a: Swampert|49/100 brn|[from] item: Leftovers
|-damage|p1a: Swampert|37/100 brn|[from] brn
|upkeep
|turn|58
|
|t:|1729355228
|move|p2a: Gengar|Giga Drain|p1a: Swampert
|-supereffective|p1a: Swampert
|-crit|p1a: Swampert
|-damage|p1a: Swampert|0 fnt
|-heal|p2a: Gengar|52/100|[from] drain|[of] p1a: Swampert
|faint|p1a: Swampert
|inactive|lexitg has 240 seconds left.
|
|t:|1729355247
|switch|p1a: Zapdos|Zapdos|88/100
|
|-weather|Sandstorm|[upkeep]
|-damage|p2a: Gengar|46/100|[from] Sandstorm
|-damage|p1a: Zapdos|82/100|[from] Sandstorm
|-heal|p2a: Gengar|52/100|[from] item: Leftovers
|-heal|p1a: Zapdos|88/100|[from] item: Leftovers
|upkeep
|turn|59
|inactive|lexitg has 240 seconds left.
|
|t:|1729355257
|switch|p2a: Celebi|Celebi|93/100
|move|p1a: Zapdos|Roar|p2a: Celebi
|drag|p2a: Flygon|Flygon, F|30/100
|
|-weather|Sandstorm|[upkeep]
|-damage|p1a: Zapdos|82/100|[from] Sandstorm
|-heal|p2a: Flygon|36/100|[from] item: Leftovers
|-heal|p1a: Zapdos|88/100|[from] item: Leftovers
|upkeep
|turn|60
|
|t:|1729355267
|switch|p2a: Celebi|Celebi|93/100
|move|p1a: Zapdos|Toxic|p2a: Celebi|[miss]
|-miss|p1a: Zapdos|p2a: Celebi
|
|-weather|Sandstorm|[upkeep]
|-damage|p2a: Celebi|87/100|[from] Sandstorm
|-damage|p1a: Zapdos|82/100|[from] Sandstorm
|-heal|p2a: Celebi|93/100|[from] item: Leftovers
|-heal|p1a: Zapdos|88/100|[from] item: Leftovers
|upkeep
|turn|61
|
|t:|1729355271
|switch|p1a: Blissey|Blissey, F|69/100
|-damage|p1a: Blissey|57/100|[from] Spikes
|move|p2a: Celebi|Leech Seed|p1a: Blissey
|-start|p1a: Blissey|move: Leech Seed
|
|-weather|Sandstorm|[upkeep]
|-damage|p2a: Celebi|87/100|[from] Sandstorm
|-damage|p1a: Blissey|51/100|[from] Sandstorm
|-heal|p2a: Celebi|93/100|[from] item: Leftovers
|-heal|p1a: Blissey|57/100|[from] item: Leftovers
|-damage|p1a: Blissey|45/100|[from] Leech Seed|[of] p2a: Celebi
|-heal|p2a: Celebi|100/100|[silent]
|upkeep
|turn|62
|
|t:|1729355277
|switch|p2a: Gengar|Gengar, F|52/100
|move|p1a: Blissey|Soft-Boiled|p1a: Blissey
|-heal|p1a: Blissey|95/100
|
|-weather|Sandstorm|[upkeep]
|-damage|p2a: Gengar|46/100|[from] Sandstorm
|-damage|p1a: Blissey|88/100|[from] Sandstorm
|-heal|p2a: Gengar|52/100|[from] item: Leftovers
|-heal|p1a: Blissey|95/100|[from] item: Leftovers
|-damage|p1a: Blissey|82/100|[from] Leech Seed|[of] p2a: Gengar
|-heal|p2a: Gengar|80/100|[silent]
|upkeep
|turn|63
|inactive|lexitg has 270 seconds left.
|
|t:|1729355299
|switch|p1a: Salamence|Salamence, M|58/100 tox
|-ability|p1a: Salamence|Intimidate|boost
|-unboost|p2a: Gengar|atk|1
|move|p2a: Gengar|Thunderbolt|p1a: Salamence
|-damage|p1a: Salamence|19/100 tox
|
|-weather|Sandstorm|[upkeep]
|-damage|p2a: Gengar|74/100|[from] Sandstorm
|-damage|p1a: Salamence|13/100 tox|[from] Sandstorm
|-heal|p2a: Gengar|80/100|[from] item: Leftovers
|-damage|p1a: Salamence|7/100 tox|[from] psn
|upkeep
|turn|64
|inactive|lexitg has 270 seconds left.
|
|t:|1729355309
|move|p2a: Gengar|Thunderbolt|p1a: Salamence
|-damage|p1a: Salamence|0 fnt
|faint|p1a: Salamence
|
|t:|1729355321
|switch|p1a: Blissey|Blissey, F|82/100
|-damage|p1a: Blissey|70/100|[from] Spikes
|
|-weather|Sandstorm|[upkeep]
|-damage|p2a: Gengar|74/100|[from] Sandstorm
|-damage|p1a: Blissey|63/100|[from] Sandstorm
|-heal|p2a: Gengar|80/100|[from] item: Leftovers
|-heal|p1a: Blissey|70/100|[from] item: Leftovers
|upkeep
|turn|65
|inactive|Kollin7 has 270 seconds left.
|
|t:|1729355370
|move|p2a: Gengar|Will-O-Wisp|p1a: Blissey
|-status|p1a: Blissey|brn
|move|p1a: Blissey|Ice Beam|p2a: Gengar
|-damage|p2a: Gengar|52/100
|
|-weather|Sandstorm|[upkeep]
|-damage|p2a: Gengar|46/100|[from] Sandstorm
|-damage|p1a: Blissey|63/100 brn|[from] Sandstorm
|-heal|p2a: Gengar|52/100|[from] item: Leftovers
|-heal|p1a: Blissey|70/100 brn|[from] item: Leftovers
|-damage|p1a: Blissey|57/100 brn|[from] brn
|upkeep
|turn|66
|inactive|lexitg has 270 seconds left.
|inactive|Kollin7 has 240 seconds left.
|
|t:|1729355395
|switch|p2a: Celebi|Celebi|100/100
|-curestatus|p1a: Blissey|brn|[from] ability: Natural Cure
|switch|p1a: Zapdos|Zapdos|88/100
|
|-weather|Sandstorm|[upkeep]
|-damage|p2a: Celebi|94/100|[from] Sandstorm
|-damage|p1a: Zapdos|82/100|[from] Sandstorm
|-heal|p2a: Celebi|100/100|[from] item: Leftovers
|-heal|p1a: Zapdos|88/100|[from] item: Leftovers
|upkeep
|turn|67
|inactive|Kollin7 has 240 seconds left.
|
|t:|1729355406
|move|p2a: Celebi|Leech Seed|p1a: Zapdos|[miss]
|-miss|p2a: Celebi|p1a: Zapdos
|move|p1a: Zapdos|Toxic|p2a: Celebi
|-status|p2a: Celebi|tox
|
|-weather|Sandstorm|[upkeep]
|-damage|p2a: Celebi|94/100 tox|[from] Sandstorm
|-damage|p1a: Zapdos|82/100|[from] Sandstorm
|-heal|p2a: Celebi|100/100 tox|[from] item: Leftovers
|-damage|p2a: Celebi|94/100 tox|[from] psn
|-heal|p1a: Zapdos|88/100|[from] item: Leftovers
|upkeep
|turn|68
|
|t:|1729355418
|move|p2a: Celebi|Leech Seed|p1a: Zapdos
|-start|p1a: Zapdos|move: Leech Seed
|move|p1a: Zapdos|Thunderbolt|p2a: Celebi
|-resisted|p2a: Celebi
|-damage|p2a: Celebi|79/100 tox
|
|-weather|Sandstorm|[upkeep]
|-damage|p2a: Celebi|73/100 tox|[from] Sandstorm
|-damage|p1a: Zapdos|82/100|[from] Sandstorm
|-heal|p2a: Celebi|79/100 tox|[from] item: Leftovers
|-damage|p2a: Celebi|67/100 tox|[from] psn
|-heal|p1a: Zapdos|88/100|[from] item: Leftovers
|-damage|p1a: Zapdos|76/100|[from] Leech Seed|[of] p2a: Celebi
|-heal|p2a: Celebi|79/100 tox|[silent]
|upkeep
|turn|69
|inactive|Kollin7 has 240 seconds left.
|
|t:|1729355438
|move|p2a: Celebi|Toxic|p1a: Zapdos
|-status|p1a: Zapdos|tox
|move|p1a: Zapdos|Roar|p2a: Celebi
|-curestatus|p2a: Celebi|tox|[from] ability: Natural Cure
|drag|p2a: Moltres|Moltres|63/100 tox
|
|-weather|Sandstorm|[upkeep]
|-damage|p2a: Moltres|57/100 tox|[from] Sandstorm
|-damage|p1a: Zapdos|70/100 tox|[from] Sandstorm
|-heal|p2a: Moltres|63/100 tox|[from] item: Leftovers
|-damage|p2a: Moltres|57/100 tox|[from] psn
|-heal|p1a: Zapdos|76/100 tox|[from] item: Leftovers
|-damage|p1a: Zapdos|64/100 tox|[from] Leech Seed|[of] p2a: Moltres
|-heal|p2a: Moltres|72/100 tox|[silent]
|-damage|p1a: Zapdos|58/100 tox|[from] psn
|upkeep
|turn|70
|inactive|Kollin7 has 240 seconds left.
|
|t:|1729355455
|switch|p1a: Skarmory|Skarmory, M|100/100
|move|p2a: Moltres|Fire Blast|p1a: Skarmory
|-supereffective|p1a: Skarmory
|-damage|p1a: Skarmory|0 fnt
|faint|p1a: Skarmory
|
|t:|1729355459
|switch|p1a: Blissey|Blissey, F|57/100
|-damage|p1a: Blissey|45/100|[from] Spikes
|
|-weather|Sandstorm|[upkeep]
|-damage|p2a: Moltres|65/100 tox|[from] Sandstorm
|-damage|p1a: Blissey|39/100|[from] Sandstorm
|-heal|p2a: Moltres|72/100 tox|[from] item: Leftovers
|-damage|p2a: Moltres|59/100 tox|[from] psn
|-heal|p1a: Blissey|45/100|[from] item: Leftovers
|upkeep
|turn|71
|
|t:|1729355467
|switch|p2a: Celebi|Celebi|79/100
|move|p1a: Blissey|Soft-Boiled|p1a: Blissey
|-heal|p1a: Blissey|95/100
|
|-weather|Sandstorm|[upkeep]
|-damage|p2a: Celebi|73/100|[from] Sandstorm
|-damage|p1a: Blissey|89/100|[from] Sandstorm
|-heal|p2a: Celebi|79/100|[from] item: Leftovers
|-heal|p1a: Blissey|95/100|[from] item: Leftovers
|upkeep
|turn|72
|
|t:|1729355480
|switch|p1a: Zapdos|Zapdos|58/100 tox
|move|p2a: Celebi|Recover|p2a: Celebi
|-heal|p2a: Celebi|100/100
|
|-weather|Sandstorm|[upkeep]
|-damage|p2a: Celebi|94/100|[from] Sandstorm
|-damage|p1a: Zapdos|52/100 tox|[from] Sandstorm
|-heal|p2a: Celebi|100/100|[from] item: Leftovers
|-heal|p1a: Zapdos|58/100 tox|[from] item: Leftovers
|-damage|p1a: Zapdos|52/100 tox|[from] psn
|upkeep
|turn|73
|
|t:|1729355493
|move|p2a: Celebi|Hidden Power|p1a: Zapdos
|-resisted|p1a: Zapdos
|-crit|p1a: Zapdos
|-damage|p1a: Zapdos|33/100 tox
|move|p1a: Zapdos|Rest|p1a: Zapdos
|-status|p1a: Zapdos|slp|[from] move: Rest
|-heal|p1a: Zapdos|100/100 slp|[silent]
|
|-weather|Sandstorm|[upkeep]
|-damage|p2a: Celebi|94/100|[from] Sandstorm
|-damage|p1a: Zapdos|94/100 slp|[from] Sandstorm
|-heal|p2a: Celebi|100/100|[from] item: Leftovers
|-heal|p1a: Zapdos|100/100 slp|[from] item: Leftovers
|upkeep
|turn|74
|
|t:|1729355499
|switch|p2a: Flygon|Flygon, F|36/100
|cant|p1a: Zapdos|slp
|
|-weather|Sandstorm|[upkeep]
|-damage|p1a: Zapdos|94/100 slp|[from] Sandstorm
|-heal|p2a: Flygon|42/100|[from] item: Leftovers
|-heal|p1a: Zapdos|100/100 slp|[from] item: Leftovers
|upkeep
|turn|75
|
|t:|1729355505
|switch|p1a: Blissey|Blissey, F|95/100
|-damage|p1a: Blissey|82/100|[from] Spikes
|move|p2a: Flygon|Rock Slide|p1a: Blissey
|-damage|p1a: Blissey|61/100
|
|-weather|Sandstorm|[upkeep]
|-damage|p1a: Blissey|55/100|[from] Sandstorm
|-heal|p2a: Flygon|48/100|[from] item: Leftovers
|-heal|p1a: Blissey|61/100|[from] item: Leftovers
|upkeep
|turn|76
|
|t:|1729355512
|switch|p2a: Celebi|Celebi|100/100
|move|p1a: Blissey|Soft-Boiled|p1a: Blissey
|-heal|p1a: Blissey|100/100
|
|-weather|Sandstorm|[upkeep]
|-damage|p2a: Celebi|94/100|[from] Sandstorm
|-damage|p1a: Blissey|94/100|[from] Sandstorm
|-heal|p2a: Celebi|100/100|[from] item: Leftovers
|-heal|p1a: Blissey|100/100|[from] item: Leftovers
|upkeep
|turn|77
|
|t:|1729355517
|switch|p1a: Zapdos|Zapdos|100/100 slp
|move|p2a: Celebi|Toxic|p1a: Zapdos|[miss]
|-miss|p2a: Celebi|p1a: Zapdos
|
|-weather|Sandstorm|[upkeep]
|-damage|p2a: Celebi|94/100|[from] Sandstorm
|-damage|p1a: Zapdos|94/100 slp|[from] Sandstorm
|-heal|p2a: Celebi|100/100|[from] item: Leftovers
|-heal|p1a: Zapdos|100/100 slp|[from] item: Leftovers
|upkeep
|turn|78
|
|t:|1729355523
|switch|p2a: Flygon|Flygon, F|48/100
|cant|p1a: Zapdos|slp
|
|-weather|Sandstorm|[upkeep]
|-damage|p1a: Zapdos|94/100 slp|[from] Sandstorm
|-heal|p2a: Flygon|54/100|[from] item: Leftovers
|-heal|p1a: Zapdos|100/100 slp|[from] item: Leftovers
|upkeep
|turn|79
|
|t:|1729355526
|switch|p1a: Blissey|Blissey, F|100/100
|-damage|p1a: Blissey|88/100|[from] Spikes
|move|p2a: Flygon|Rock Slide|p1a: Blissey
|-damage|p1a: Blissey|67/100
|
|-weather|Sandstorm|[upkeep]
|-damage|p1a: Blissey|61/100|[from] Sandstorm
|-heal|p2a: Flygon|60/100|[from] item: Leftovers
|-heal|p1a: Blissey|67/100|[from] item: Leftovers
|upkeep
|turn|80
|
|t:|1729355535
|switch|p2a: Celebi|Celebi|100/100
|move|p1a: Blissey|Ice Beam|p2a: Celebi
|-supereffective|p2a: Celebi
|-damage|p2a: Celebi|65/100
|
|-weather|Sandstorm|[upkeep]
|-damage|p2a: Celebi|59/100|[from] Sandstorm
|-damage|p1a: Blissey|61/100|[from] Sandstorm
|-heal|p2a: Celebi|65/100|[from] item: Leftovers
|-heal|p1a: Blissey|67/100|[from] item: Leftovers
|upkeep
|turn|81
|
|t:|1729355540
|move|p2a: Celebi|Recover|p2a: Celebi
|-heal|p2a: Celebi|100/100
|move|p1a: Blissey|Soft-Boiled|p1a: Blissey
|-heal|p1a: Blissey|100/100
|
|-weather|Sandstorm|[upkeep]
|-damage|p2a: Celebi|94/100|[from] Sandstorm
|-damage|p1a: Blissey|94/100|[from] Sandstorm
|-heal|p2a: Celebi|100/100|[from] item: Leftovers
|-heal|p1a: Blissey|100/100|[from] item: Leftovers
|upkeep
|turn|82
|
|t:|1729355546
|switch|p1a: Zapdos|Zapdos|100/100 slp
|move|p2a: Celebi|Toxic||[still]
|-fail|p2a: Celebi
|
|-weather|Sandstorm|[upkeep]
|-damage|p2a: Celebi|94/100|[from] Sandstorm
|-damage|p1a: Zapdos|94/100 slp|[from] Sandstorm
|-heal|p2a: Celebi|100/100|[from] item: Leftovers
|-heal|p1a: Zapdos|100/100 slp|[from] item: Leftovers
|upkeep
|turn|83
|
|t:|1729355557
|move|p2a: Celebi|Hidden Power|p1a: Zapdos
|-resisted|p1a: Zapdos
|-damage|p1a: Zapdos|91/100 slp
|-curestatus|p1a: Zapdos|slp|[msg]
|move|p1a: Zapdos|Toxic|p2a: Celebi
|-status|p2a: Celebi|tox
|
|-weather|Sandstorm|[upkeep]
|-damage|p2a: Celebi|94/100 tox|[from] Sandstorm
|-damage|p1a: Zapdos|85/100|[from] Sandstorm
|-heal|p2a: Celebi|100/100 tox|[from] item: Leftovers
|-damage|p2a: Celebi|94/100 tox|[from] psn
|-heal|p1a: Zapdos|91/100|[from] item: Leftovers
|upkeep
|turn|84
|
|t:|1729355570
|move|p2a: Celebi|Toxic|p1a: Zapdos|[miss]
|-miss|p2a: Celebi|p1a: Zapdos
|move|p1a: Zapdos|Thunderbolt|p2a: Celebi
|-resisted|p2a: Celebi
|-damage|p2a: Celebi|81/100 tox
|
|-weather|Sandstorm|[upkeep]
|-damage|p2a: Celebi|75/100 tox|[from] Sandstorm
|-damage|p1a: Zapdos|85/100|[from] Sandstorm
|-heal|p2a: Celebi|81/100 tox|[from] item: Leftovers
|-damage|p2a: Celebi|69/100 tox|[from] psn
|-heal|p1a: Zapdos|91/100|[from] item: Leftovers
|upkeep
|turn|85
|
|t:|1729355583
|move|p2a: Celebi|Toxic|p1a: Zapdos
|-status|p1a: Zapdos|tox
|move|p1a: Zapdos|Thunderbolt|p2a: Celebi
|-resisted|p2a: Celebi
|-damage|p2a: Celebi|55/100 tox
|
|-weather|Sandstorm|[upkeep]
|-damage|p2a: Celebi|49/100 tox|[from] Sandstorm
|-damage|p1a: Zapdos|85/100 tox|[from] Sandstorm
|-heal|p2a: Celebi|55/100 tox|[from] item: Leftovers
|-damage|p2a: Celebi|37/100 tox|[from] psn
|-heal|p1a: Zapdos|91/100 tox|[from] item: Leftovers
|-damage|p1a: Zapdos|85/100 tox|[from] psn
|upkeep
|turn|86
|
|t:|1729355596
|move|p2a: Celebi|Recover|p2a: Celebi
|-heal|p2a: Celebi|87/100 tox
|move|p1a: Zapdos|Thunderbolt|p2a: Celebi
|-resisted|p2a: Celebi
|-damage|p2a: Celebi|73/100 tox
|
|-weather|Sandstorm|[upkeep]
|-damage|p2a: Celebi|67/100 tox|[from] Sandstorm
|-damage|p1a: Zapdos|79/100 tox|[from] Sandstorm
|-heal|p2a: Celebi|73/100 tox|[from] item: Leftovers
|-damage|p2a: Celebi|48/100 tox|[from] psn
|-heal|p1a: Zapdos|85/100 tox|[from] item: Leftovers
|-damage|p1a: Zapdos|73/100 tox|[from] psn
|upkeep
|turn|87
|
|t:|1729355611
|-curestatus|p2a: Celebi|tox|[from] ability: Natural Cure
|switch|p2a: Moltres|Moltres|59/100 tox
|move|p1a: Zapdos|Rest|p1a: Zapdos
|-status|p1a: Zapdos|slp|[from] move: Rest
|-heal|p1a: Zapdos|100/100 slp|[silent]
|
|-weather|Sandstorm|[upkeep]
|-damage|p2a: Moltres|53/100 tox|[from] Sandstorm
|-damage|p1a: Zapdos|94/100 slp|[from] Sandstorm
|-heal|p2a: Moltres|59/100 tox|[from] item: Leftovers
|-damage|p2a: Moltres|53/100 tox|[from] psn
|-heal|p1a: Zapdos|100/100 slp|[from] item: Leftovers
|upkeep
|turn|88
|
|t:|1729355625
|switch|p2a: Celebi|Celebi|48/100
|switch|p1a: Blissey|Blissey, F|100/100
|-damage|p1a: Blissey|88/100|[from] Spikes
|
|-weather|Sandstorm|[upkeep]
|-damage|p2a: Celebi|42/100|[from] Sandstorm
|-damage|p1a: Blissey|82/100|[from] Sandstorm
|-heal|p2a: Celebi|48/100|[from] item: Leftovers
|-heal|p1a: Blissey|88/100|[from] item: Leftovers
|upkeep
|turn|89
|
|t:|1729355630
|switch|p1a: Zapdos|Zapdos|100/100 slp
|move|p2a: Celebi|Recover|p2a: Celebi
|-heal|p2a: Celebi|98/100
|
|-weather|Sandstorm|[upkeep]
|-damage|p2a: Celebi|92/100|[from] Sandstorm
|-damage|p1a: Zapdos|94/100 slp|[from] Sandstorm
|-heal|p2a: Celebi|98/100|[from] item: Leftovers
|-heal|p1a: Zapdos|100/100 slp|[from] item: Leftovers
|upkeep
|turn|90
|
|t:|1729355640
|switch|p2a: Flygon|Flygon, F|60/100
|cant|p1a: Zapdos|slp
|
|-weather|Sandstorm|[upkeep]
|-damage|p1a: Zapdos|94/100 slp|[from] Sandstorm
|-heal|p2a: Flygon|66/100|[from] item: Leftovers
|-heal|p1a: Zapdos|100/100 slp|[from] item: Leftovers
|upkeep
|turn|91
|
|t:|1729355654
|switch|p1a: Blissey|Blissey, F|88/100
|-damage|p1a: Blissey|76/100|[from] Spikes
|move|p2a: Flygon|Rock Slide|p1a: Blissey
|-crit|p1a: Blissey
|-damage|p1a: Blissey|31/100
|
|-weather|Sandstorm|[upkeep]
|-damage|p1a: Blissey|25/100|[from] Sandstorm
|-heal|p2a: Flygon|72/100|[from] item: Leftovers
|-heal|p1a: Blissey|31/100|[from] item: Leftovers
|upkeep
|turn|92
|
|t:|1729355658
|move|p2a: Flygon|Earthquake|p1a: Blissey
|-damage|p1a: Blissey|0 fnt
|faint|p1a: Blissey
|c|☆lexitg|rip
|c|☆lexitg|gg
|c|☆lexitg|wp
|
|t:|1729355671
|switch|p1a: Zapdos|Zapdos|100/100 slp
|
|-weather|Sandstorm|[upkeep]
|-damage|p1a: Zapdos|94/100 slp|[from] Sandstorm
|-heal|p2a: Flygon|78/100|[from] item: Leftovers
|-heal|p1a: Zapdos|100/100 slp|[from] item: Leftovers
|upkeep
|turn|93
|
|t:|1729355675
|move|p2a: Flygon|Rock Slide|p1a: Zapdos
|-supereffective|p1a: Zapdos
|-damage|p1a: Zapdos|55/100 slp
|cant|p1a: Zapdos|slp
|
|-weather|Sandstorm|[upkeep]
|-damage|p1a: Zapdos|49/100 slp|[from] Sandstorm
|-heal|p2a: Flygon|84/100|[from] item: Leftovers
|-heal|p1a: Zapdos|55/100 slp|[from] item: Leftovers
|upkeep
|turn|94
|
|t:|1729355678
|move|p2a: Flygon|Rock Slide|p1a: Zapdos
|-supereffective|p1a: Zapdos
|-damage|p1a: Zapdos|13/100 slp
|-curestatus|p1a: Zapdos|slp|[msg]
|move|p1a: Zapdos|Toxic|p2a: Flygon
|-status|p2a: Flygon|tox
|
|-weather|Sandstorm|[upkeep]
|-damage|p1a: Zapdos|7/100|[from] Sandstorm
|-heal|p2a: Flygon|90/100 tox|[from] item: Leftovers
|-damage|p2a: Flygon|84/100 tox|[from] psn
|-heal|p1a: Zapdos|13/100|[from] item: Leftovers
|upkeep
|turn|95
|
|t:|1729355684
|move|p2a: Flygon|Rock Slide|p1a: Zapdos|[miss]
|-miss|p2a: Flygon|p1a: Zapdos
|move|p1a: Zapdos|Rest|p1a: Zapdos
|-status|p1a: Zapdos|slp|[from] move: Rest
|-heal|p1a: Zapdos|100/100 slp|[silent]
|
|-weather|Sandstorm|[upkeep]
|-damage|p1a: Zapdos|94/100 slp|[from] Sandstorm
|-heal|p2a: Flygon|90/100 tox|[from] item: Leftovers
|-damage|p2a: Flygon|78/100 tox|[from] psn
|-heal|p1a: Zapdos|100/100 slp|[from] item: Leftovers
|upkeep
|turn|96
|
|t:|1729355689
|move|p2a: Flygon|Rock Slide|p1a: Zapdos
|-supereffective|p1a: Zapdos
|-damage|p1a: Zapdos|53/100 slp
|cant|p1a: Zapdos|slp
|
|-weather|Sandstorm|[upkeep]
|-damage|p1a: Zapdos|47/100 slp|[from] Sandstorm
|-heal|p2a: Flygon|84/100 tox|[from] item: Leftovers
|-damage|p2a: Flygon|66/100 tox|[from] psn
|-heal|p1a: Zapdos|53/100 slp|[from] item: Leftovers
|upkeep
|turn|97
|
|t:|1729355693
|move|p2a: Flygon|Rock Slide|p1a: Zapdos
|-supereffective|p1a: Zapdos
|-damage|p1a: Zapdos|10/100 slp
|cant|p1a: Zapdos|slp
|
|-weather|Sandstorm|[upkeep]
|-damage|p1a: Zapdos|4/100 slp|[from] Sandstorm
|-heal|p2a: Flygon|72/100 tox|[from] item: Leftovers
|-damage|p2a: Flygon|48/100 tox|[from] psn
|-heal|p1a: Zapdos|10/100 slp|[from] item: Leftovers
|upkeep
|turn|98
|
|t:|1729355698
|move|p2a: Flygon|Rock Slide|p1a: Zapdos
|-supereffective|p1a: Zapdos
|-damage|p1a: Zapdos|0 fnt
|faint|p1a: Zapdos
|
|win|Kollin7
|c|☆Kollin7|gg

</script>
<script type="application/json" class="data" id="replaydata-smogtours-gen3ou-799926">
{"id":"smogtours-gen3ou-799926","format":"[Gen 3] OU","players":["lexitg","Kollin7"],"uploadtime":1729355698,"views":162,"formatid":"gen3ou","rating":null,"private":0,"password":null}
</script>

<script defer src="js/replays.js?9d40a366"></script>
