<!DOCTYPE html>
<meta charset="utf-8" />
<meta name="viewport" content="width=device-width" />

<title>[Gen 3] OU: Kvist vs. BongMoodeus - Replays - Pok&eacute;mon Showdown!</title>

<meta name="description" content="Watch a replay of a Pok&eacute;mon battle between Kvist and BongMoodeus! Format: [Gen 3] OU; Date: Nov 2, 2024" />
<!--

Hey, you! Looking in the source for the replay log?

You can find them in JSON format, just add `.json` at the end of a replay URL.

https://replay.pokemonshowdown.com/gen7randomdoublesbattle-865046831.json

Or, if you only need the log itself, add `.log` instead:

https://replay.pokemonshowdown.com/gen7randomdoublesbattle-865046831.log

-->

<link rel="stylesheet" href="//pokemonshowdown.com/style/global.css?0.023195364461161105" />
<link rel="stylesheet" href="//play.pokemonshowdown.com/style/font-awesome.css?0.13261647063804238" />
<link rel="stylesheet" href="//play.pokemonshowdown.com/style/battle.css?0.8753245789963631" />
<link rel="stylesheet" href="//play.pokemonshowdown.com/style/utilichart.css?0.8627959624976733" />

<!-- Global site tag (gtag.js) - Google Analytics -->
<script async src="https://www.googletagmanager.com/gtag/js?id=UA-26211653-1"></script>
<script>
  window.dataLayer = window.dataLayer || [];
  function gtag(){dataLayer.push(arguments);}
  gtag('js', new Date());

  gtag('config', 'UA-26211653-1');
</script>
<!-- End Google Analytics -->
<!-- Venatus Ad Manager - Install in <HEAD> of page -->
	<script src="https://hb.vntsm.com/v3/live/ad-manager.min.js" type="text/javascript" data-site-id="642aba63ec9a7b11c3c9c1be" data-mode="scan" async></script>
<!-- / Venatus Ad Manager -->

<style>
	@media (max-width:820px) {
		.battle {
			margin: 0 auto;
		}
		.battle-log {
			margin: 7px auto 0;
			max-width: 640px;
			height: 300px;
			position: static;
		}
	}
	.optgroup {
		display: inline-block;
		line-height: 22px;
		font-size: 10pt;
	}
	.optgroup .button {
		height: 25px;
		padding-top: 0;
		padding-bottom: 0;
	}
	.optgroup button.button {
		padding-left: 12px;
		padding-right: 12px;
	}
	.linklist {
		list-style: none;
		margin: 0.5em 0;
		padding: 0;
	}
	.linklist li {
		padding: 2px 0;
	}
	.sidebar {
		float: left;
		width: 320px;
	}
	.bar-wrapper {
		max-width: 1100px;
		margin: 0 auto;
	}
	.bar-wrapper.has-sidebar {
		max-width: 1430px;
	}
	.mainbar {
		margin: 0;
		padding-right: 1px;
	}
	.mainbar.has-sidebar {
		margin-left: 330px;
	}
	@media (min-width: 1511px) {
		.sidebar {
			width: 400px;
		}
		.bar-wrapper.has-sidebar {
			max-width: 1510px;
		}
		.mainbar.has-sidebar {
			margin-left: 410px;
		}
	}
	.section.first-section {
		margin-top: 9px;
	}
	.blocklink small {
		white-space: normal;
	}
	.button {
		vertical-align: middle;
	}
	.replay-controls {
		padding-top: 10px;
	}
	.replay-controls h1 {
		font-size: 16pt;
		font-weight: normal;
		color: #CCC;
	}
	.pagelink {
		text-align: center;
	}
	.pagelink a {
		width: 150px;
	}
	.textbox, .button {
		font-size: 11pt;
		vertical-align: middle;
	}
	@media (max-width: 450px) {
		.button {
			font-size: 9pt;
		}
	}
</style>

<div>

	<header>
		<div class="nav-wrapper"><ul class="nav">
			<li><a class="button nav-first" href="//pokemonshowdown.com/"><img src="//pokemonshowdown.com/images/pokemonshowdownbeta.png" srcset="//pokemonshowdown.com/images/pokemonshowdownbeta.png 1x, //pokemonshowdown.com/images/pokemonshowdownbeta@2x.png 2x" alt="Pok&eacute;mon Showdown" width="146" height="44" /> Home</a></li>
			<li><a class="button" href="//pokemonshowdown.com/dex/">Pok&eacute;dex</a></li>
			<li><a class="button cur" href="/">Replays</a></li>
			<li><a class="button" href="//pokemonshowdown.com/ladder/">Ladder</a></li>
			<li><a class="button nav-last" href="//pokemonshowdown.com/forums/">Forum</a></li>
			<li><a class="button greenbutton nav-first nav-last" href="//play.pokemonshowdown.com/">Play</a></li>
		</ul></div>
	</header>

	<div class="main" id="main">

		<noscript><section class="section">You need to enable JavaScript to use this page; sorry!</section></noscript>

	</div>

</div>

<script defer nomodule src="//play.pokemonshowdown.com/js/lib/ps-polyfill.js"></script>
<script defer src="//play.pokemonshowdown.com/js/lib/preact.min.js"></script>

<script defer src="//play.pokemonshowdown.com/config/config.js?2bddbc15"></script>
<script defer src="//play.pokemonshowdown.com/js/lib/jquery-1.11.0.min.js"></script>
<script defer src="//play.pokemonshowdown.com/js/lib/html-sanitizer-minified.js"></script>
<script defer src="//play.pokemonshowdown.com/js/battle-sound.js"></script>
<script defer src="//play.pokemonshowdown.com/js/battledata.js?0.7209276989879541"></script>
<script defer src="//play.pokemonshowdown.com/data/pokedex-mini.js?0.6111056340867951"></script>
<script defer src="//play.pokemonshowdown.com/data/pokedex-mini-bw.js?0.3532142036491459"></script>
<script defer src="//play.pokemonshowdown.com/data/graphics.js?0.24223875632456182"></script>
<script defer src="//play.pokemonshowdown.com/data/pokedex.js?0.38839984266356864"></script>
<script defer src="//play.pokemonshowdown.com/data/moves.js?0.21866028504024015"></script>
<script defer src="//play.pokemonshowdown.com/data/abilities.js?0.2005157953846628"></script>
<script defer src="//play.pokemonshowdown.com/data/items.js?0.9894211263848525"></script>
<script defer src="//play.pokemonshowdown.com/data/teambuilder-tables.js?0.6008791140282215"></script>
<script defer src="//play.pokemonshowdown.com/js/battle-tooltips.js?0.7580118955022959"></script>
<script defer src="//play.pokemonshowdown.com/js/battle.js?0.6057722274234274"></script>

<script defer src="js/utils.js?e31f9a17"></script>
<script defer src="js/replays-battle.js?7008c182"></script>

<!-- don't scrape this data! just add .json or .log after the URL!
Full API docs: https://github.com/smogon/pokemon-showdown-client/blob/master/WEB-API.md -->
<script type="text/plain" class="log" id="replaylog-smogtours-gen3ou-803855">
|inactive|Battle timer is ON: inactive players will automatically lose when time's up.
|t:|1730505862
|gametype|singles
|player|p1|Kvist|silver-gen2|
|player|p2|BongMoodeus|pokemonbreederf-gen4|
|teamsize|p1|6
|teamsize|p2|6
|gen|3
|tier|[Gen 3] OU
|rule|Sleep Clause Mod: Limit one foe put to sleep
|rule|Switch Priority Clause Mod: Faster Pokémon switch first
|rule|Species Clause: Limit one of each Pokémon
|rule|OHKO Clause: OHKO moves are banned
|rule|Evasion Items Clause: Evasion items are banned
|rule|Evasion Moves Clause: Evasion moves are banned
|rule|Endless Battle Clause: Forcing endless battles is banned
|rule|HP Percentage Mod: HP is shown in percentages
|rule|One Boost Passer Clause: Limit one Baton Passer that has a way to boost its stats
|rule|Freeze Clause Mod: Limit one foe frozen
|
|t:|1730505862
|start
|switch|p1a: Zapdos|Zapdos|100/100
|switch|p2a: Tyranitaritus|Tyranitar, M|100/100
|-weather|Sandstorm|[from] ability: Sand Stream|[of] p2a: Tyranitaritus
|turn|1
|c|☆BongMoodeus|gl hf
|
|t:|1730505878
|move|p1a: Zapdos|Baton Pass|p1a: Zapdos
|
|t:|1730505882
|switch|p1a: Metagross|Metagross|100/100|[from] Baton Pass
|move|p2a: Tyranitaritus|Fire Blast|p1a: Metagross
|-supereffective|p1a: Metagross
|-damage|p1a: Metagross|33/100
|
|-weather|Sandstorm|[upkeep]
|-heal|p1a: Metagross|40/100|[from] item: Leftovers
|upkeep
|turn|2
|c|☆Kvist|you too
|
|t:|1730505897
|switch|p2a: Skarmorianus|Skarmory, F|100/100
|switch|p1a: Suicune|Suicune|100/100
|
|-weather|Sandstorm|[upkeep]
|-damage|p1a: Suicune|94/100|[from] Sandstorm
|-heal|p1a: Suicune|100/100|[from] item: Leftovers
|upkeep
|turn|3
|
|t:|1730505906
|switch|p1a: Skarmory|Skarmory, F|100/100
|move|p2a: Skarmorianus|Spikes|p1a: Skarmory
|-sidestart|p1: Kvist|Spikes
|
|-weather|Sandstorm|[upkeep]
|upkeep
|turn|4
|
|t:|1730505911
|switch|p2a: Jolteonicus|Jolteon, M|100/100
|move|p1a: Skarmory|Spikes|p2a: Jolteonicus
|-sidestart|p2: BongMoodeus|Spikes
|
|-weather|Sandstorm|[upkeep]
|-damage|p2a: Jolteonicus|94/100|[from] Sandstorm
|-heal|p2a: Jolteonicus|100/100|[from] item: Leftovers
|upkeep
|turn|5
|
|t:|1730505921
|switch|p1a: Blissey|Blissey, F|100/100
|-damage|p1a: Blissey|88/100|[from] Spikes
|move|p2a: Jolteonicus|Thunderbolt|p1a: Blissey
|-crit|p1a: Blissey
|-damage|p1a: Blissey|52/100
|
|-weather|Sandstorm|[upkeep]
|-damage|p2a: Jolteonicus|94/100|[from] Sandstorm
|-damage|p1a: Blissey|46/100|[from] Sandstorm
|-heal|p2a: Jolteonicus|100/100|[from] item: Leftovers
|-heal|p1a: Blissey|52/100|[from] item: Leftovers
|upkeep
|turn|6
|
|t:|1730505930
|move|p2a: Jolteonicus|Baton Pass|p2a: Jolteonicus
|
|t:|1730505932
|switch|p2a: Metagrossian|Metagross|100/100|[from] Baton Pass
|-damage|p2a: Metagrossian|88/100|[from] Spikes
|move|p1a: Blissey|Ice Beam|p2a: Metagrossian
|-resisted|p2a: Metagrossian
|-damage|p2a: Metagrossian|74/100
|
|-weather|Sandstorm|[upkeep]
|-damage|p1a: Blissey|46/100|[from] Sandstorm
|-heal|p1a: Blissey|52/100|[from] item: Leftovers
|upkeep
|turn|7
|
|t:|1730505948
|switch|p1a: Skarmory|Skarmory, F|100/100
|move|p2a: Metagrossian|Meteor Mash|p1a: Skarmory
|-resisted|p1a: Skarmory
|-damage|p1a: Skarmory|77/100
|
|-weather|Sandstorm|[upkeep]
|-heal|p1a: Skarmory|83/100|[from] item: Leftovers
|upkeep
|turn|8
|
|t:|1730505960
|switch|p2a: Jolteonicus|Jolteon, M|100/100
|-damage|p2a: Jolteonicus|88/100|[from] Spikes
|move|p1a: Skarmory|Spikes|p2a: Jolteonicus
|-sidestart|p2: BongMoodeus|Spikes
|
|-weather|Sandstorm|[upkeep]
|-damage|p2a: Jolteonicus|82/100|[from] Sandstorm
|-heal|p2a: Jolteonicus|88/100|[from] item: Leftovers
|-heal|p1a: Skarmory|89/100|[from] item: Leftovers
|upkeep
|turn|9
|
|t:|1730505969
|switch|p1a: Blissey|Blissey, F|52/100
|-damage|p1a: Blissey|40/100|[from] Spikes
|move|p2a: Jolteonicus|Roar|p1a: Blissey
|drag|p1a: Metagross|Metagross|40/100
|-damage|p1a: Metagross|27/100|[from] Spikes
|
|-weather|Sandstorm|[upkeep]
|-damage|p2a: Jolteonicus|82/100|[from] Sandstorm
|-heal|p2a: Jolteonicus|88/100|[from] item: Leftovers
|-heal|p1a: Metagross|33/100|[from] item: Leftovers
|upkeep
|turn|10
|
|t:|1730505979
|move|p2a: Jolteonicus|Baton Pass|p2a: Jolteonicus
|
|t:|1730505980
|switch|p2a: Skarmorianus|Skarmory, F|100/100|[from] Baton Pass
|move|p1a: Metagross|Earthquake|p2a: Skarmorianus
|-immune|p2a: Skarmorianus
|
|-weather|Sandstorm|[upkeep]
|-heal|p1a: Metagross|39/100|[from] item: Leftovers
|upkeep
|turn|11
|
|t:|1730505987
|switch|p1a: Gengar|Gengar, M|100/100
|move|p2a: Skarmorianus|Roar|p1a: Gengar
|drag|p1a: Suicune|Suicune|100/100
|-damage|p1a: Suicune|88/100|[from] Spikes
|
|-weather|Sandstorm|[upkeep]
|-damage|p1a: Suicune|82/100|[from] Sandstorm
|-heal|p1a: Suicune|88/100|[from] item: Leftovers
|upkeep
|turn|12
|
|t:|1730505992
|move|p1a: Suicune|Surf|p2a: Skarmorianus
|-damage|p2a: Skarmorianus|74/100
|move|p2a: Skarmorianus|Spikes|p1a: Suicune
|-sidestart|p1: Kvist|Spikes
|
|-weather|Sandstorm|[upkeep]
|-damage|p1a: Suicune|82/100|[from] Sandstorm
|-heal|p1a: Suicune|88/100|[from] item: Leftovers
|-heal|p2a: Skarmorianus|80/100|[from] item: Leftovers
|upkeep
|turn|13
|
|t:|1730505996
|move|p1a: Suicune|Surf|p2a: Skarmorianus
|-damage|p2a: Skarmorianus|51/100
|move|p2a: Skarmorianus|Roar|p1a: Suicune
|drag|p1a: Gengar|Gengar, M|100/100
|
|-weather|Sandstorm|[upkeep]
|-damage|p1a: Gengar|94/100|[from] Sandstorm
|-heal|p1a: Gengar|100/100|[from] item: Leftovers
|-heal|p2a: Skarmorianus|57/100|[from] item: Leftovers
|upkeep
|turn|14
|
|t:|1730505999
|move|p2a: Skarmorianus|Protect|p2a: Skarmorianus
|-singleturn|p2a: Skarmorianus|Protect
|move|p1a: Gengar|Fire Punch|p2a: Skarmorianus
|-activate|p2a: Skarmorianus|Protect
|
|-weather|Sandstorm|[upkeep]
|-damage|p1a: Gengar|94/100|[from] Sandstorm
|-heal|p1a: Gengar|100/100|[from] item: Leftovers
|-heal|p2a: Skarmorianus|63/100|[from] item: Leftovers
|upkeep
|turn|15
|
|t:|1730506009
|switch|p2a: Tyranitaritus|Tyranitar, M|100/100
|-damage|p2a: Tyranitaritus|84/100|[from] Spikes
|move|p1a: Gengar|Fire Punch|p2a: Tyranitaritus
|-resisted|p2a: Tyranitaritus
|-damage|p2a: Tyranitaritus|70/100
|
|-weather|Sandstorm|[upkeep]
|-damage|p1a: Gengar|94/100|[from] Sandstorm
|-heal|p1a: Gengar|100/100|[from] item: Leftovers
|upkeep
|turn|16
|
|t:|1730506019
|move|p1a: Gengar|Destiny Bond|p1a: Gengar
|-singlemove|p1a: Gengar|Destiny Bond
|move|p2a: Tyranitaritus|Fire Blast|p1a: Gengar
|-damage|p1a: Gengar|44/100
|
|-weather|Sandstorm|[upkeep]
|-damage|p1a: Gengar|38/100|[from] Sandstorm
|-heal|p1a: Gengar|44/100|[from] item: Leftovers
|upkeep
|turn|17
|
|t:|1730506030
|move|p1a: Gengar|Destiny Bond|p1a: Gengar
|-singlemove|p1a: Gengar|Destiny Bond
|move|p2a: Tyranitaritus|Ice Beam|p1a: Gengar
|-damage|p1a: Gengar|3/100
|-status|p1a: Gengar|frz
|
|-weather|Sandstorm|[upkeep]
|-damage|p1a: Gengar|0 fnt|[from] Sandstorm
|faint|p1a: Gengar
|upkeep
|
|t:|1730506040
|switch|p1a: Suicune|Suicune|88/100
|-damage|p1a: Suicune|72/100|[from] Spikes
|turn|18
|
|t:|1730506066
|switch|p2a: Snorlaxerus|Snorlax, M|100/100
|-damage|p2a: Snorlaxerus|84/100|[from] Spikes
|move|p1a: Suicune|Surf|p2a: Snorlaxerus
|-damage|p2a: Snorlaxerus|69/100
|
|-weather|Sandstorm|[upkeep]
|-damage|p1a: Suicune|65/100|[from] Sandstorm
|-damage|p2a: Snorlaxerus|62/100|[from] Sandstorm
|-heal|p1a: Suicune|72/100|[from] item: Leftovers
|-heal|p2a: Snorlaxerus|69/100|[from] item: Leftovers
|upkeep
|turn|19
|
|t:|1730506078
|switch|p1a: Metagross|Metagross|39/100
|-damage|p1a: Metagross|23/100|[from] Spikes
|move|p2a: Snorlaxerus|Curse|p2a: Snorlaxerus
|-unboost|p2a: Snorlaxerus|spe|1
|-boost|p2a: Snorlaxerus|atk|1
|-boost|p2a: Snorlaxerus|def|1
|
|-weather|Sandstorm|[upkeep]
|-damage|p2a: Snorlaxerus|62/100|[from] Sandstorm
|-heal|p1a: Metagross|29/100|[from] item: Leftovers
|-heal|p2a: Snorlaxerus|69/100|[from] item: Leftovers
|upkeep
|turn|20
|
|t:|1730506087
|switch|p2a: Gengarus|Gengar, F|100/100
|move|p1a: Metagross|Explosion|p2a: Gengarus
|-immune|p2a: Gengarus
|faint|p1a: Metagross
|
|t:|1730506097
|switch|p1a: Zapdos|Zapdos|100/100
|
|-weather|Sandstorm|[upkeep]
|-damage|p2a: Gengarus|94/100|[from] Sandstorm
|-damage|p1a: Zapdos|94/100|[from] Sandstorm
|-heal|p2a: Gengarus|100/100|[from] item: Leftovers
|-heal|p1a: Zapdos|100/100|[from] item: Leftovers
|upkeep
|turn|21
|
|t:|1730506102
|move|p2a: Gengarus|Ice Punch|p1a: Zapdos
|-supereffective|p1a: Zapdos
|-damage|p1a: Zapdos|37/100
|move|p1a: Zapdos|Thunderbolt|p2a: Gengarus
|-damage|p2a: Gengarus|6/100
|
|-weather|Sandstorm|[upkeep]
|-damage|p2a: Gengarus|0 fnt|[from] Sandstorm
|-damage|p1a: Zapdos|31/100|[from] Sandstorm
|faint|p2a: Gengarus
|-heal|p1a: Zapdos|37/100|[from] item: Leftovers
|upkeep
|
|t:|1730506106
|switch|p2a: Jolteonicus|Jolteon, M|88/100
|-damage|p2a: Jolteonicus|72/100|[from] Spikes
|turn|22
|
|t:|1730506117
|move|p2a: Jolteonicus|Thunderbolt|p1a: Zapdos
|-damage|p1a: Zapdos|0 fnt
|faint|p1a: Zapdos
|
|t:|1730506119
|switch|p1a: Blissey|Blissey, F|40/100
|-damage|p1a: Blissey|23/100|[from] Spikes
|
|-weather|Sandstorm|[upkeep]
|-damage|p2a: Jolteonicus|65/100|[from] Sandstorm
|-damage|p1a: Blissey|17/100|[from] Sandstorm
|-heal|p2a: Jolteonicus|72/100|[from] item: Leftovers
|-heal|p1a: Blissey|23/100|[from] item: Leftovers
|upkeep
|turn|23
|
|t:|1730506131
|move|p2a: Jolteonicus|Thunderbolt|p1a: Blissey
|-damage|p1a: Blissey|7/100
|move|p1a: Blissey|Soft-Boiled|p1a: Blissey
|-heal|p1a: Blissey|57/100
|
|-weather|Sandstorm|[upkeep]
|-damage|p2a: Jolteonicus|65/100|[from] Sandstorm
|-damage|p1a: Blissey|51/100|[from] Sandstorm
|-heal|p2a: Jolteonicus|72/100|[from] item: Leftovers
|-heal|p1a: Blissey|57/100|[from] item: Leftovers
|upkeep
|turn|24
|
|t:|1730506138
|move|p1a: Blissey|Soft-Boiled|p1a: Blissey
|-heal|p1a: Blissey|100/100
|move|p2a: Jolteonicus|Roar|p1a: Blissey
|drag|p1a: Skarmory|Skarmory, F|89/100
|
|-weather|Sandstorm|[upkeep]
|-damage|p2a: Jolteonicus|65/100|[from] Sandstorm
|-heal|p2a: Jolteonicus|72/100|[from] item: Leftovers
|-heal|p1a: Skarmory|95/100|[from] item: Leftovers
|upkeep
|turn|25
|
|t:|1730506145
|move|p1a: Skarmory|Toxic|p2a: Jolteonicus
|-status|p2a: Jolteonicus|tox
|move|p2a: Jolteonicus|Roar|p1a: Skarmory
|drag|p1a: Blissey|Blissey, F|100/100
|-damage|p1a: Blissey|84/100|[from] Spikes
|
|-weather|Sandstorm|[upkeep]
|-damage|p2a: Jolteonicus|65/100 tox|[from] Sandstorm
|-damage|p1a: Blissey|78/100|[from] Sandstorm
|-heal|p2a: Jolteonicus|72/100 tox|[from] item: Leftovers
|-damage|p2a: Jolteonicus|65/100 tox|[from] psn
|-heal|p1a: Blissey|84/100|[from] item: Leftovers
|upkeep
|turn|26
|
|t:|1730506148
|move|p2a: Jolteonicus|Baton Pass|p2a: Jolteonicus
|
|t:|1730506150
|switch|p2a: Skarmorianus|Skarmory, F|63/100|[from] Baton Pass
|move|p1a: Blissey|Ice Beam|p2a: Skarmorianus
|-damage|p2a: Skarmorianus|39/100
|
|-weather|Sandstorm|[upkeep]
|-damage|p1a: Blissey|78/100|[from] Sandstorm
|-heal|p2a: Skarmorianus|45/100|[from] item: Leftovers
|-heal|p1a: Blissey|84/100|[from] item: Leftovers
|upkeep
|turn|27
|
|t:|1730506153
|move|p2a: Skarmorianus|Spikes|p1a: Blissey
|-sidestart|p1: Kvist|Spikes
|move|p1a: Blissey|Thunderbolt|p2a: Skarmorianus
|-supereffective|p2a: Skarmorianus
|-damage|p2a: Skarmorianus|0 fnt
|faint|p2a: Skarmorianus
|
|t:|1730506157
|switch|p2a: Tyranitaritus|Tyranitar, M|70/100
|-damage|p2a: Tyranitaritus|54/100|[from] Spikes
|
|-weather|Sandstorm|[upkeep]
|-damage|p1a: Blissey|78/100|[from] Sandstorm
|-heal|p1a: Blissey|84/100|[from] item: Leftovers
|upkeep
|turn|28
|
|t:|1730506164
|switch|p1a: Skarmory|Skarmory, F|95/100
|move|p2a: Tyranitaritus|Brick Break|p1a: Skarmory
|-damage|p1a: Skarmory|77/100
|
|-weather|Sandstorm|[upkeep]
|-heal|p1a: Skarmory|83/100|[from] item: Leftovers
|upkeep
|turn|29
|
|t:|1730506168
|move|p2a: Tyranitaritus|Fire Blast|p1a: Skarmory
|-supereffective|p1a: Skarmory
|-damage|p1a: Skarmory|23/100
|-status|p1a: Skarmory|brn
|move|p1a: Skarmory|Toxic|p2a: Tyranitaritus
|-status|p2a: Tyranitaritus|tox
|-enditem|p2a: Tyranitaritus|Lum Berry|[eat]
|-curestatus|p2a: Tyranitaritus|tox|[msg]
|
|-weather|Sandstorm|[upkeep]
|-heal|p1a: Skarmory|29/100 brn|[from] item: Leftovers
|-damage|p1a: Skarmory|16/100 brn|[from] brn
|upkeep
|turn|30
|
|t:|1730506177
|move|p2a: Tyranitaritus|Ice Beam|p1a: Skarmory
|-damage|p1a: Skarmory|0 fnt
|faint|p1a: Skarmory
|
|t:|1730506180
|switch|p1a: Suicune|Suicune|72/100
|-damage|p1a: Suicune|47/100|[from] Spikes
|
|-weather|Sandstorm|[upkeep]
|-damage|p1a: Suicune|40/100|[from] Sandstorm
|-heal|p1a: Suicune|47/100|[from] item: Leftovers
|upkeep
|turn|31
|
|t:|1730506184
|move|p2a: Tyranitaritus|Hidden Power|p1a: Suicune
|-supereffective|p1a: Suicune
|-damage|p1a: Suicune|19/100
|move|p1a: Suicune|Calm Mind|p1a: Suicune
|-boost|p1a: Suicune|spa|1
|-boost|p1a: Suicune|spd|1
|
|-weather|Sandstorm|[upkeep]
|-damage|p1a: Suicune|13/100|[from] Sandstorm
|-heal|p1a: Suicune|19/100|[from] item: Leftovers
|upkeep
|turn|32
|
|t:|1730506186
|move|p2a: Tyranitaritus|Hidden Power|p1a: Suicune
|-supereffective|p1a: Suicune
|-damage|p1a: Suicune|0 fnt
|faint|p1a: Suicune
|
|t:|1730506188
|switch|p1a: Blissey|Blissey, F|84/100
|-damage|p1a: Blissey|59/100|[from] Spikes
|
|-weather|Sandstorm|[upkeep]
|-damage|p1a: Blissey|53/100|[from] Sandstorm
|-heal|p1a: Blissey|59/100|[from] item: Leftovers
|upkeep
|turn|33
|
|t:|1730506190
|move|p2a: Tyranitaritus|Brick Break|p1a: Blissey
|-supereffective|p1a: Blissey
|-damage|p1a: Blissey|15/100
|move|p1a: Blissey|Ice Beam|p2a: Tyranitaritus
|-damage|p2a: Tyranitaritus|29/100
|
|-weather|Sandstorm|[upkeep]
|-damage|p1a: Blissey|9/100|[from] Sandstorm
|-heal|p1a: Blissey|15/100|[from] item: Leftovers
|upkeep
|turn|34
|
|t:|1730506192
|move|p2a: Tyranitaritus|Brick Break|p1a: Blissey
|-supereffective|p1a: Blissey
|-damage|p1a: Blissey|0 fnt
|faint|p1a: Blissey
|
|win|BongMoodeus
|c|☆Kvist|gg
|c|☆BongMoodeus|gg
|player|p1|

</script>
<script type="application/json" class="data" id="replaydata-smogtours-gen3ou-803855">
{"id":"smogtours-gen3ou-803855","format":"[Gen 3] OU","players":["Kvist","BongMoodeus"],"uploadtime":1730506192,"views":43,"formatid":"gen3ou","rating":null,"private":0,"password":null}
</script>

<script defer src="js/replays.js?9d40a366"></script>
