<!DOCTYPE html>
<meta charset="utf-8" />
<meta name="viewport" content="width=device-width" />

<title>[Gen 3] OU: RodentCollector vs. EatYourToast - Replays - Pok&eacute;mon Showdown!</title>

<meta name="description" content="Watch a replay of a Pok&eacute;mon battle between RodentCollector and EatYourToast! Format: [Gen 3] OU; Date: Oct 25, 2024" />
<!--

Hey, you! Looking in the source for the replay log?

You can find them in JSON format, just add `.json` at the end of a replay URL.

https://replay.pokemonshowdown.com/gen7randomdoublesbattle-865046831.json

Or, if you only need the log itself, add `.log` instead:

https://replay.pokemonshowdown.com/gen7randomdoublesbattle-865046831.log

-->

<link rel="stylesheet" href="//pokemonshowdown.com/style/global.css?0.767286132409787" />
<link rel="stylesheet" href="//play.pokemonshowdown.com/style/font-awesome.css?0.9266228007934947" />
<link rel="stylesheet" href="//play.pokemonshowdown.com/style/battle.css?0.7924700842790926" />
<link rel="stylesheet" href="//play.pokemonshowdown.com/style/utilichart.css?0.8777417872839479" />

<!-- Global site tag (gtag.js) - Google Analytics -->
<script async src="https://www.googletagmanager.com/gtag/js?id=UA-26211653-1"></script>
<script>
  window.dataLayer = window.dataLayer || [];
  function gtag(){dataLayer.push(arguments);}
  gtag('js', new Date());

  gtag('config', 'UA-26211653-1');
</script>
<!-- End Google Analytics -->
<!-- Venatus Ad Manager - Install in <HEAD> of page -->
	<script src="https://hb.vntsm.com/v3/live/ad-manager.min.js" type="text/javascript" data-site-id="642aba63ec9a7b11c3c9c1be" data-mode="scan" async></script>
<!-- / Venatus Ad Manager -->

<style>
	@media (max-width:820px) {
		.battle {
			margin: 0 auto;
		}
		.battle-log {
			margin: 7px auto 0;
			max-width: 640px;
			height: 300px;
			position: static;
		}
	}
	.optgroup {
		display: inline-block;
		line-height: 22px;
		font-size: 10pt;
	}
	.optgroup .button {
		height: 25px;
		padding-top: 0;
		padding-bottom: 0;
	}
	.optgroup button.button {
		padding-left: 12px;
		padding-right: 12px;
	}
	.linklist {
		list-style: none;
		margin: 0.5em 0;
		padding: 0;
	}
	.linklist li {
		padding: 2px 0;
	}
	.sidebar {
		float: left;
		width: 320px;
	}
	.bar-wrapper {
		max-width: 1100px;
		margin: 0 auto;
	}
	.bar-wrapper.has-sidebar {
		max-width: 1430px;
	}
	.mainbar {
		margin: 0;
		padding-right: 1px;
	}
	.mainbar.has-sidebar {
		margin-left: 330px;
	}
	@media (min-width: 1511px) {
		.sidebar {
			width: 400px;
		}
		.bar-wrapper.has-sidebar {
			max-width: 1510px;
		}
		.mainbar.has-sidebar {
			margin-left: 410px;
		}
	}
	.section.first-section {
		margin-top: 9px;
	}
	.blocklink small {
		white-space: normal;
	}
	.button {
		vertical-align: middle;
	}
	.replay-controls {
		padding-top: 10px;
	}
	.replay-controls h1 {
		font-size: 16pt;
		font-weight: normal;
		color: #CCC;
	}
	.pagelink {
		text-align: center;
	}
	.pagelink a {
		width: 150px;
	}
	.textbox, .button {
		font-size: 11pt;
		vertical-align: middle;
	}
	@media (max-width: 450px) {
		.button {
			font-size: 9pt;
		}
	}
</style>

<div>

	<header>
		<div class="nav-wrapper"><ul class="nav">
			<li><a class="button nav-first" href="//pokemonshowdown.com/"><img src="//pokemonshowdown.com/images/pokemonshowdownbeta.png" srcset="//pokemonshowdown.com/images/pokemonshowdownbeta.png 1x, //pokemonshowdown.com/images/pokemonshowdownbeta@2x.png 2x" alt="Pok&eacute;mon Showdown" width="146" height="44" /> Home</a></li>
			<li><a class="button" href="//pokemonshowdown.com/dex/">Pok&eacute;dex</a></li>
			<li><a class="button cur" href="/">Replays</a></li>
			<li><a class="button" href="//pokemonshowdown.com/ladder/">Ladder</a></li>
			<li><a class="button nav-last" href="//pokemonshowdown.com/forums/">Forum</a></li>
			<li><a class="button greenbutton nav-first nav-last" href="//play.pokemonshowdown.com/">Play</a></li>
		</ul></div>
	</header>

	<div class="main" id="main">

		<noscript><section class="section">You need to enable JavaScript to use this page; sorry!</section></noscript>

	</div>

</div>

<script defer nomodule src="//play.pokemonshowdown.com/js/lib/ps-polyfill.js"></script>
<script defer src="//play.pokemonshowdown.com/js/lib/preact.min.js"></script>

<script defer src="//play.pokemonshowdown.com/config/config.js?6dec07f6"></script>
<script defer src="//play.pokemonshowdown.com/js/lib/jquery-1.11.0.min.js"></script>
<script defer src="//play.pokemonshowdown.com/js/lib/html-sanitizer-minified.js"></script>
<script defer src="//play.pokemonshowdown.com/js/battle-sound.js"></script>
<script defer src="//play.pokemonshowdown.com/js/battledata.js?0.6315294753075389"></script>
<script defer src="//play.pokemonshowdown.com/data/pokedex-mini.js?0.7603743185311358"></script>
<script defer src="//play.pokemonshowdown.com/data/pokedex-mini-bw.js?0.030888842834281283"></script>
<script defer src="//play.pokemonshowdown.com/data/graphics.js?0.05593094747507488"></script>
<script defer src="//play.pokemonshowdown.com/data/pokedex.js?0.47064822249611904"></script>
<script defer src="//play.pokemonshowdown.com/data/moves.js?0.8583693120512459"></script>
<script defer src="//play.pokemonshowdown.com/data/abilities.js?0.16017181182386842"></script>
<script defer src="//play.pokemonshowdown.com/data/items.js?0.4163379185673943"></script>
<script defer src="//play.pokemonshowdown.com/data/teambuilder-tables.js?0.31075597372830477"></script>
<script defer src="//play.pokemonshowdown.com/js/battle-tooltips.js?0.6536193500708172"></script>
<script defer src="//play.pokemonshowdown.com/js/battle.js?0.1916591943277901"></script>

<script defer src="js/utils.js?e31f9a17"></script>
<script defer src="js/replays-battle.js?7008c182"></script>

<!-- don't scrape this data! just add .json or .log after the URL!
Full API docs: https://github.com/smogon/pokemon-showdown-client/blob/master/WEB-API.md -->
<script type="text/plain" class="log" id="replaylog-smogtours-gen3ou-801956">
|inactive|Battle timer is ON: inactive players will automatically lose when time's up.
|t:|1729894508
|gametype|singles
|player|p1|RodentCollector|bugcatcher-gen4dp|
|player|p2|EatYourToast|clown|
|teamsize|p1|6
|teamsize|p2|6
|gen|3
|tier|[Gen 3] OU
|rule|Sleep Clause Mod: Limit one foe put to sleep
|rule|Switch Priority Clause Mod: Faster Pokémon switch first
|rule|Species Clause: Limit one of each Pokémon
|rule|OHKO Clause: OHKO moves are banned
|rule|Evasion Items Clause: Evasion items are banned
|rule|Evasion Moves Clause: Evasion moves are banned
|rule|Endless Battle Clause: Forcing endless battles is banned
|rule|HP Percentage Mod: HP is shown in percentages
|rule|One Boost Passer Clause: Limit one Baton Passer that has a way to boost its stats
|rule|Freeze Clause Mod: Limit one foe frozen
|
|t:|1729894508
|start
|switch|p1a: Medicham|Medicham, M|100/100
|switch|p2a: Reese's Puffs|Forretress, M|100/100
|turn|1
|c|☆RodentCollector|glhf
|c|☆EatYourToast|no u
|inactive|RodentCollector has 270 seconds left.
|
|t:|1729894541
|-singleturn|p1a: Medicham|move: Focus Punch
|move|p2a: Reese's Puffs|Spikes|p1a: Medicham
|-sidestart|p1: RodentCollector|Spikes
|move|p1a: Medicham|Focus Punch|p2a: Reese's Puffs
|-damage|p2a: Reese's Puffs|19/100
|
|-heal|p2a: Reese's Puffs|25/100|[from] item: Leftovers
|upkeep
|turn|2
|
|t:|1729894555
|move|p1a: Medicham|Brick Break|p2a: Reese's Puffs
|-damage|p2a: Reese's Puffs|0 fnt
|faint|p2a: Reese's Puffs
|
|t:|1729894574
|switch|p2a: Boo|Aerodactyl, F|100/100
|
|upkeep
|turn|3
|
|t:|1729894592
|switch|p2a: Zaptwo|Zapdos|100/100
|move|p1a: Medicham|Rock Slide|p2a: Zaptwo
|-supereffective|p2a: Zaptwo
|-damage|p2a: Zaptwo|34/100
|
|-heal|p2a: Zaptwo|41/100|[from] item: Leftovers
|upkeep
|turn|4
|c|☆EatYourToast|welp
|
|t:|1729894603
|switch|p2a: Captain Crunch|Swampert, F|100/100
|move|p1a: Medicham|Rock Slide|p2a: Captain Crunch
|-resisted|p2a: Captain Crunch
|-damage|p2a: Captain Crunch|89/100
|
|-heal|p2a: Captain Crunch|95/100|[from] item: Leftovers
|upkeep
|turn|5
|
|t:|1729894613
|switch|p1a: Snorlax|Snorlax, F|100/100
|-damage|p1a: Snorlax|88/100|[from] Spikes
|move|p2a: Captain Crunch|Surf|p1a: Snorlax
|-damage|p1a: Snorlax|72/100
|
|-heal|p2a: Captain Crunch|100/100|[from] item: Leftovers
|-heal|p1a: Snorlax|78/100|[from] item: Leftovers
|upkeep
|turn|6
|
|t:|1729894622
|move|p1a: Snorlax|Body Slam|p2a: Captain Crunch
|-damage|p2a: Captain Crunch|74/100
|-status|p2a: Captain Crunch|par
|move|p2a: Captain Crunch|Roar|p1a: Snorlax
|drag|p1a: Metagross|Metagross|100/100
|-damage|p1a: Metagross|88/100|[from] Spikes
|
|-heal|p1a: Metagross|94/100|[from] item: Leftovers
|-heal|p2a: Captain Crunch|81/100 par|[from] item: Leftovers
|upkeep
|turn|7
|
|t:|1729894645
|switch|p1a: Snorlax|Snorlax, F|78/100
|-damage|p1a: Snorlax|66/100|[from] Spikes
|move|p2a: Captain Crunch|Protect||[still]
|-fail|p2a: Captain Crunch
|
|-heal|p1a: Snorlax|72/100|[from] item: Leftovers
|-heal|p2a: Captain Crunch|87/100 par|[from] item: Leftovers
|upkeep
|turn|8
|
|t:|1729894654
|move|p1a: Snorlax|Body Slam|p2a: Captain Crunch
|-damage|p2a: Captain Crunch|58/100 par
|move|p2a: Captain Crunch|Roar|p1a: Snorlax
|drag|p1a: Medicham|Medicham, M|100/100
|-damage|p1a: Medicham|88/100|[from] Spikes
|
|-heal|p2a: Captain Crunch|64/100 par|[from] item: Leftovers
|upkeep
|turn|9
|
|t:|1729894669
|move|p1a: Medicham|Brick Break|p2a: Captain Crunch
|-damage|p2a: Captain Crunch|30/100 par
|move|p2a: Captain Crunch|Surf|p1a: Medicham
|-damage|p1a: Medicham|17/100
|
|-heal|p2a: Captain Crunch|36/100 par|[from] item: Leftovers
|upkeep
|turn|10
|
|t:|1729894675
|move|p2a: Captain Crunch|Protect|p2a: Captain Crunch
|-singleturn|p2a: Captain Crunch|Protect
|move|p1a: Medicham|Brick Break|p2a: Captain Crunch
|-activate|p2a: Captain Crunch|Protect
|
|-heal|p2a: Captain Crunch|42/100 par|[from] item: Leftovers
|upkeep
|turn|11
|
|t:|1729894685
|move|p1a: Medicham|Brick Break|p2a: Captain Crunch
|-damage|p2a: Captain Crunch|4/100 par
|move|p2a: Captain Crunch|Surf|p1a: Medicham
|-damage|p1a: Medicham|0 fnt
|faint|p1a: Medicham
|
|t:|1729894698
|switch|p1a: Metagross|Metagross|94/100
|-damage|p1a: Metagross|82/100|[from] Spikes
|
|-heal|p1a: Metagross|88/100|[from] item: Leftovers
|-heal|p2a: Captain Crunch|10/100 par|[from] item: Leftovers
|upkeep
|turn|12
|
|t:|1729894704
|move|p1a: Metagross|Earthquake|p2a: Captain Crunch
|-damage|p2a: Captain Crunch|0 fnt
|faint|p2a: Captain Crunch
|inactive|EatYourToast has 270 seconds left.
|
|t:|1729894740
|switch|p2a: Zaptwo|Zapdos|41/100
|
|-heal|p2a: Zaptwo|47/100|[from] item: Leftovers
|-heal|p1a: Metagross|94/100|[from] item: Leftovers
|upkeep
|turn|13
|inactive|EatYourToast has 270 seconds left.
|
|t:|1729894748
|switch|p1a: Magneton|Magneton|100/100
|-damage|p1a: Magneton|88/100|[from] Spikes
|move|p2a: Zaptwo|Rest|p2a: Zaptwo
|-status|p2a: Zaptwo|slp|[from] move: Rest
|-heal|p2a: Zaptwo|100/100 slp|[silent]
|
|upkeep
|turn|14
|
|t:|1729894757
|switch|p2a: Egg|Blissey, F|100/100
|move|p1a: Magneton|Thunderbolt|p2a: Egg
|-damage|p2a: Egg|78/100
|
|-heal|p2a: Egg|84/100|[from] item: Leftovers
|upkeep
|turn|15
|inactive|EatYourToast has 270 seconds left.
|
|t:|1729894774
|switch|p1a: Snorlax|Snorlax, F|72/100
|-damage|p1a: Snorlax|60/100|[from] Spikes
|switch|p2a: Zaptwo|Zapdos|100/100 slp
|
|-heal|p1a: Snorlax|66/100|[from] item: Leftovers
|upkeep
|turn|16
|
|t:|1729894781
|switch|p2a: Coco Pebbles|Tyranitar, M|100/100
|-weather|Sandstorm|[from] ability: Sand Stream|[of] p2a: Coco Pebbles
|move|p1a: Snorlax|Body Slam|p2a: Coco Pebbles
|-resisted|p2a: Coco Pebbles
|-damage|p2a: Coco Pebbles|84/100
|-status|p2a: Coco Pebbles|par
|
|-weather|Sandstorm|[upkeep]
|-damage|p1a: Snorlax|60/100|[from] Sandstorm
|-heal|p1a: Snorlax|66/100|[from] item: Leftovers
|-heal|p2a: Coco Pebbles|91/100 par|[from] item: Leftovers
|upkeep
|turn|17
|
|t:|1729894795
|move|p1a: Snorlax|Earthquake|p2a: Coco Pebbles
|-supereffective|p2a: Coco Pebbles
|-damage|p2a: Coco Pebbles|43/100 par
|move|p2a: Coco Pebbles|Counter|p1a: Snorlax
|-damage|p1a: Snorlax|0 fnt
|faint|p1a: Snorlax
|inactive|RodentCollector has 270 seconds left.
|
|t:|1729894831
|switch|p1a: Suicune|Suicune|100/100
|-damage|p1a: Suicune|88/100|[from] Spikes
|
|-weather|Sandstorm|[upkeep]
|-damage|p1a: Suicune|82/100|[from] Sandstorm
|-heal|p1a: Suicune|88/100|[from] item: Leftovers
|-heal|p2a: Coco Pebbles|50/100 par|[from] item: Leftovers
|upkeep
|turn|18
|
|t:|1729894847
|switch|p2a: Zaptwo|Zapdos|100/100 slp
|move|p1a: Suicune|Calm Mind|p1a: Suicune
|-boost|p1a: Suicune|spa|1
|-boost|p1a: Suicune|spd|1
|
|-weather|Sandstorm|[upkeep]
|-damage|p2a: Zaptwo|94/100 slp|[from] Sandstorm
|-damage|p1a: Suicune|82/100|[from] Sandstorm
|-heal|p2a: Zaptwo|100/100 slp|[from] item: Leftovers
|-heal|p1a: Suicune|88/100|[from] item: Leftovers
|upkeep
|turn|19
|inactive|RodentCollector has 270 seconds left.
|
|t:|1729894863
|cant|p2a: Zaptwo|slp
|move|p2a: Zaptwo|Sleep Talk|p2a: Zaptwo
|move|p2a: Zaptwo|Thunderbolt|p1a: Suicune|[from]Sleep Talk
|-supereffective|p1a: Suicune
|-damage|p1a: Suicune|47/100
|move|p1a: Suicune|Calm Mind|p1a: Suicune
|-boost|p1a: Suicune|spa|1
|-boost|p1a: Suicune|spd|1
|
|-weather|Sandstorm|[upkeep]
|-damage|p2a: Zaptwo|94/100 slp|[from] Sandstorm
|-damage|p1a: Suicune|41/100|[from] Sandstorm
|-heal|p2a: Zaptwo|100/100 slp|[from] item: Leftovers
|-heal|p1a: Suicune|47/100|[from] item: Leftovers
|upkeep
|turn|20
|
|t:|1729894875
|cant|p2a: Zaptwo|slp
|move|p2a: Zaptwo|Sleep Talk|p2a: Zaptwo
|move|p2a: Zaptwo|Thunderbolt|p1a: Suicune|[from]Sleep Talk
|-supereffective|p1a: Suicune
|-damage|p1a: Suicune|18/100
|move|p1a: Suicune|Rest|p1a: Suicune
|-status|p1a: Suicune|slp|[from] move: Rest
|-heal|p1a: Suicune|100/100 slp|[silent]
|
|-weather|Sandstorm|[upkeep]
|-damage|p2a: Zaptwo|94/100 slp|[from] Sandstorm
|-damage|p1a: Suicune|94/100 slp|[from] Sandstorm
|-heal|p2a: Zaptwo|100/100 slp|[from] item: Leftovers
|-heal|p1a: Suicune|100/100 slp|[from] item: Leftovers
|upkeep
|turn|21
|
|t:|1729894888
|-curestatus|p2a: Zaptwo|slp|[msg]
|move|p2a: Zaptwo|Thunderbolt|p1a: Suicune
|-supereffective|p1a: Suicune
|-damage|p1a: Suicune|72/100 slp
|cant|p1a: Suicune|slp
|move|p1a: Suicune|Sleep Talk|p1a: Suicune
|move|p1a: Suicune|Rest|p1a: Suicune|[from]Sleep Talk
|
|-weather|Sandstorm|[upkeep]
|-damage|p2a: Zaptwo|94/100|[from] Sandstorm
|-damage|p1a: Suicune|66/100 slp|[from] Sandstorm
|-heal|p2a: Zaptwo|100/100|[from] item: Leftovers
|-heal|p1a: Suicune|72/100 slp|[from] item: Leftovers
|upkeep
|turn|22
|
|t:|1729894900
|move|p2a: Zaptwo|Thunderbolt|p1a: Suicune
|-supereffective|p1a: Suicune
|-damage|p1a: Suicune|40/100 slp
|cant|p1a: Suicune|slp
|move|p1a: Suicune|Sleep Talk|p1a: Suicune
|move|p1a: Suicune|Surf|p2a: Zaptwo|[from]Sleep Talk
|-damage|p2a: Zaptwo|43/100
|
|-weather|Sandstorm|[upkeep]
|-damage|p2a: Zaptwo|36/100|[from] Sandstorm
|-damage|p1a: Suicune|34/100 slp|[from] Sandstorm
|-heal|p2a: Zaptwo|43/100|[from] item: Leftovers
|-heal|p1a: Suicune|40/100 slp|[from] item: Leftovers
|upkeep
|turn|23
|inactive|EatYourToast has 270 seconds left.
|
|t:|1729894916
|move|p2a: Zaptwo|Rest|p2a: Zaptwo
|-status|p2a: Zaptwo|slp|[from] move: Rest
|-heal|p2a: Zaptwo|100/100 slp|[silent]
|-curestatus|p1a: Suicune|slp|[msg]
|move|p1a: Suicune|Rest|p1a: Suicune
|-status|p1a: Suicune|slp|[from] move: Rest
|-heal|p1a: Suicune|100/100 slp|[silent]
|
|-weather|Sandstorm|[upkeep]
|-damage|p2a: Zaptwo|94/100 slp|[from] Sandstorm
|-damage|p1a: Suicune|94/100 slp|[from] Sandstorm
|-heal|p2a: Zaptwo|100/100 slp|[from] item: Leftovers
|-heal|p1a: Suicune|100/100 slp|[from] item: Leftovers
|upkeep
|turn|24
|inactive|EatYourToast has 270 seconds left.
|
|t:|1729894936
|cant|p2a: Zaptwo|slp
|move|p2a: Zaptwo|Sleep Talk|p2a: Zaptwo
|move|p2a: Zaptwo|Rest|p2a: Zaptwo|[from]Sleep Talk
|cant|p1a: Suicune|slp
|move|p1a: Suicune|Sleep Talk|p1a: Suicune
|move|p1a: Suicune|Calm Mind|p1a: Suicune|[from]Sleep Talk
|-boost|p1a: Suicune|spa|1
|-boost|p1a: Suicune|spd|1
|
|-weather|Sandstorm|[upkeep]
|-damage|p2a: Zaptwo|94/100 slp|[from] Sandstorm
|-damage|p1a: Suicune|94/100 slp|[from] Sandstorm
|-heal|p2a: Zaptwo|100/100 slp|[from] item: Leftovers
|-heal|p1a: Suicune|100/100 slp|[from] item: Leftovers
|upkeep
|turn|25
|inactive|EatYourToast has 270 seconds left.
|c|☆EatYourToast|all hail the loop
|
|t:|1729894948
|cant|p2a: Zaptwo|slp
|move|p2a: Zaptwo|Sleep Talk|p2a: Zaptwo
|move|p2a: Zaptwo|Hidden Power|p1a: Suicune|[from]Sleep Talk
|-supereffective|p1a: Suicune
|-damage|p1a: Suicune|89/100 slp
|cant|p1a: Suicune|slp
|move|p1a: Suicune|Sleep Talk|p1a: Suicune
|move|p1a: Suicune|Surf|p2a: Zaptwo|[from]Sleep Talk
|-damage|p2a: Zaptwo|32/100 slp
|
|-weather|Sandstorm|[upkeep]
|-damage|p2a: Zaptwo|26/100 slp|[from] Sandstorm
|-damage|p1a: Suicune|83/100 slp|[from] Sandstorm
|-heal|p2a: Zaptwo|32/100 slp|[from] item: Leftovers
|-heal|p1a: Suicune|89/100 slp|[from] item: Leftovers
|upkeep
|turn|26
|inactive|EatYourToast has 270 seconds left.
|
|t:|1729894964
|switch|p2a: Egg|Blissey, F|84/100
|-curestatus|p1a: Suicune|slp|[msg]
|move|p1a: Suicune|Surf|p2a: Egg
|-damage|p2a: Egg|46/100
|
|-weather|Sandstorm|[upkeep]
|-damage|p1a: Suicune|83/100|[from] Sandstorm
|-damage|p2a: Egg|39/100|[from] Sandstorm
|-heal|p1a: Suicune|89/100|[from] item: Leftovers
|-heal|p2a: Egg|46/100|[from] item: Leftovers
|upkeep
|turn|27
|inactive|EatYourToast has 270 seconds left.
|
|t:|1729894976
|move|p1a: Suicune|Surf|p2a: Egg
|-damage|p2a: Egg|7/100
|move|p2a: Egg|Thunder Wave|p1a: Suicune
|-status|p1a: Suicune|par
|
|-weather|Sandstorm|[upkeep]
|-damage|p2a: Egg|0 fnt|[from] Sandstorm
|-damage|p1a: Suicune|83/100 par|[from] Sandstorm
|faint|p2a: Egg
|-heal|p1a: Suicune|89/100 par|[from] item: Leftovers
|upkeep
|
|t:|1729894989
|switch|p2a: Boo|Aerodactyl, F|100/100
|turn|28
|
|t:|1729894994
|move|p2a: Boo|Rock Slide|p1a: Suicune
|-damage|p1a: Suicune|51/100 par
|cant|p1a: Suicune|flinch
|
|-weather|Sandstorm|[upkeep]
|-damage|p1a: Suicune|45/100 par|[from] Sandstorm
|-heal|p1a: Suicune|51/100 par|[from] item: Leftovers
|upkeep
|turn|29
|inactive|EatYourToast has 270 seconds left.
|
|t:|1729895010
|switch|p2a: Coco Pebbles|Tyranitar, M|50/100 par
|cant|p1a: Suicune|par
|
|-weather|Sandstorm|[upkeep]
|-damage|p1a: Suicune|45/100 par|[from] Sandstorm
|-heal|p1a: Suicune|51/100 par|[from] item: Leftovers
|-heal|p2a: Coco Pebbles|56/100 par|[from] item: Leftovers
|upkeep
|turn|30
|inactive|EatYourToast has 270 seconds left.
|
|t:|1729895025
|cant|p1a: Suicune|par
|move|p2a: Coco Pebbles|Crunch|p1a: Suicune
|-damage|p1a: Suicune|40/100 par
|
|-weather|Sandstorm|[upkeep]
|-damage|p1a: Suicune|34/100 par|[from] Sandstorm
|-heal|p1a: Suicune|40/100 par|[from] item: Leftovers
|-heal|p2a: Coco Pebbles|62/100 par|[from] item: Leftovers
|upkeep
|turn|31
|inactive|EatYourToast has 270 seconds left.
|
|t:|1729895035
|move|p1a: Suicune|Rest|p1a: Suicune
|-status|p1a: Suicune|slp|[from] move: Rest
|-heal|p1a: Suicune|100/100 slp|[silent]
|move|p2a: Coco Pebbles|Crunch|p1a: Suicune
|-damage|p1a: Suicune|89/100 slp
|-unboost|p1a: Suicune|spd|1
|
|-weather|Sandstorm|[upkeep]
|-damage|p1a: Suicune|83/100 slp|[from] Sandstorm
|-heal|p1a: Suicune|89/100 slp|[from] item: Leftovers
|-heal|p2a: Coco Pebbles|68/100 par|[from] item: Leftovers
|upkeep
|turn|32
|inactive|EatYourToast has 270 seconds left.
|
|t:|1729895047
|cant|p1a: Suicune|slp
|move|p1a: Suicune|Sleep Talk|p1a: Suicune
|move|p1a: Suicune|Surf|p2a: Coco Pebbles|[from]Sleep Talk
|-supereffective|p2a: Coco Pebbles
|-damage|p2a: Coco Pebbles|0 fnt
|faint|p2a: Coco Pebbles
|inactive|EatYourToast has 270 seconds left.
|
|t:|1729895053
|switch|p2a: Zaptwo|Zapdos|32/100 slp
|
|-weather|Sandstorm|[upkeep]
|-damage|p2a: Zaptwo|26/100 slp|[from] Sandstorm
|-damage|p1a: Suicune|83/100 slp|[from] Sandstorm
|-heal|p2a: Zaptwo|32/100 slp|[from] item: Leftovers
|-heal|p1a: Suicune|89/100 slp|[from] item: Leftovers
|upkeep
|turn|33
|
|t:|1729895062
|cant|p2a: Zaptwo|slp
|cant|p1a: Suicune|slp
|move|p1a: Suicune|Sleep Talk|p1a: Suicune
|move|p1a: Suicune|Surf|p2a: Zaptwo|[from]Sleep Talk
|-crit|p2a: Zaptwo
|-damage|p2a: Zaptwo|0 fnt
|faint|p2a: Zaptwo
|
|t:|1729895069
|switch|p2a: Boo|Aerodactyl, F|100/100
|
|-weather|Sandstorm|[upkeep]
|-damage|p1a: Suicune|83/100 slp|[from] Sandstorm
|-heal|p1a: Suicune|89/100 slp|[from] item: Leftovers
|upkeep
|turn|34
|
|t:|1729895076
|move|p2a: Boo|Earthquake|p1a: Suicune
|-damage|p1a: Suicune|56/100 slp
|-curestatus|p1a: Suicune|slp|[msg]
|move|p1a: Suicune|Surf|p2a: Boo
|-supereffective|p2a: Boo
|-damage|p2a: Boo|0 fnt
|faint|p2a: Boo
|
|win|RodentCollector
|c|☆EatYourToast|gg
|c|☆RodentCollector|ggs

</script>
<script type="application/json" class="data" id="replaydata-smogtours-gen3ou-801956">
{"id":"smogtours-gen3ou-801956","format":"[Gen 3] OU","players":["RodentCollector","EatYourToast"],"uploadtime":1729895076,"views":106,"formatid":"gen3ou","rating":null,"private":0,"password":null}
</script>

<script defer src="js/replays.js?9d40a366"></script>
