<!DOCTYPE html>
<meta charset="utf-8" />
<meta name="viewport" content="width=device-width" />

<title>[Gen 3] OU: lucyisafish vs. UnzipsCrogre - Replays - Pok&eacute;mon Showdown!</title>

<meta name="description" content="Watch a replay of a Pok&eacute;mon battle between lucyisafish and UnzipsCrogre! Format: [Gen 3] OU; Date: Oct 3, 2024" />
<!--

Hey, you! Looking in the source for the replay log?

You can find them in JSON format, just add `.json` at the end of a replay URL.

https://replay.pokemonshowdown.com/gen7randomdoublesbattle-865046831.json

Or, if you only need the log itself, add `.log` instead:

https://replay.pokemonshowdown.com/gen7randomdoublesbattle-865046831.log

-->

<link rel="stylesheet" href="//pokemonshowdown.com/style/global.css?0.023195364461161105" />
<link rel="stylesheet" href="//play.pokemonshowdown.com/style/font-awesome.css?0.13261647063804238" />
<link rel="stylesheet" href="//play.pokemonshowdown.com/style/battle.css?0.8753245789963631" />
<link rel="stylesheet" href="//play.pokemonshowdown.com/style/utilichart.css?0.8627959624976733" />

<!-- Global site tag (gtag.js) - Google Analytics -->
<script async src="https://www.googletagmanager.com/gtag/js?id=UA-26211653-1"></script>
<script>
  window.dataLayer = window.dataLayer || [];
  function gtag(){dataLayer.push(arguments);}
  gtag('js', new Date());

  gtag('config', 'UA-26211653-1');
</script>
<!-- End Google Analytics -->
<!-- Venatus Ad Manager - Install in <HEAD> of page -->
	<script src="https://hb.vntsm.com/v3/live/ad-manager.min.js" type="text/javascript" data-site-id="642aba63ec9a7b11c3c9c1be" data-mode="scan" async></script>
<!-- / Venatus Ad Manager -->

<style>
	@media (max-width:820px) {
		.battle {
			margin: 0 auto;
		}
		.battle-log {
			margin: 7px auto 0;
			max-width: 640px;
			height: 300px;
			position: static;
		}
	}
	.optgroup {
		display: inline-block;
		line-height: 22px;
		font-size: 10pt;
	}
	.optgroup .button {
		height: 25px;
		padding-top: 0;
		padding-bottom: 0;
	}
	.optgroup button.button {
		padding-left: 12px;
		padding-right: 12px;
	}
	.linklist {
		list-style: none;
		margin: 0.5em 0;
		padding: 0;
	}
	.linklist li {
		padding: 2px 0;
	}
	.sidebar {
		float: left;
		width: 320px;
	}
	.bar-wrapper {
		max-width: 1100px;
		margin: 0 auto;
	}
	.bar-wrapper.has-sidebar {
		max-width: 1430px;
	}
	.mainbar {
		margin: 0;
		padding-right: 1px;
	}
	.mainbar.has-sidebar {
		margin-left: 330px;
	}
	@media (min-width: 1511px) {
		.sidebar {
			width: 400px;
		}
		.bar-wrapper.has-sidebar {
			max-width: 1510px;
		}
		.mainbar.has-sidebar {
			margin-left: 410px;
		}
	}
	.section.first-section {
		margin-top: 9px;
	}
	.blocklink small {
		white-space: normal;
	}
	.button {
		vertical-align: middle;
	}
	.replay-controls {
		padding-top: 10px;
	}
	.replay-controls h1 {
		font-size: 16pt;
		font-weight: normal;
		color: #CCC;
	}
	.pagelink {
		text-align: center;
	}
	.pagelink a {
		width: 150px;
	}
	.textbox, .button {
		font-size: 11pt;
		vertical-align: middle;
	}
	@media (max-width: 450px) {
		.button {
			font-size: 9pt;
		}
	}
</style>

<div>

	<header>
		<div class="nav-wrapper"><ul class="nav">
			<li><a class="button nav-first" href="//pokemonshowdown.com/"><img src="//pokemonshowdown.com/images/pokemonshowdownbeta.png" srcset="//pokemonshowdown.com/images/pokemonshowdownbeta.png 1x, //pokemonshowdown.com/images/pokemonshowdownbeta@2x.png 2x" alt="Pok&eacute;mon Showdown" width="146" height="44" /> Home</a></li>
			<li><a class="button" href="//pokemonshowdown.com/dex/">Pok&eacute;dex</a></li>
			<li><a class="button cur" href="/">Replays</a></li>
			<li><a class="button" href="//pokemonshowdown.com/ladder/">Ladder</a></li>
			<li><a class="button nav-last" href="//pokemonshowdown.com/forums/">Forum</a></li>
			<li><a class="button greenbutton nav-first nav-last" href="//play.pokemonshowdown.com/">Play</a></li>
		</ul></div>
	</header>

	<div class="main" id="main">

		<noscript><section class="section">You need to enable JavaScript to use this page; sorry!</section></noscript>

	</div>

</div>

<script defer nomodule src="//play.pokemonshowdown.com/js/lib/ps-polyfill.js"></script>
<script defer src="//play.pokemonshowdown.com/js/lib/preact.min.js"></script>

<script defer src="//play.pokemonshowdown.com/config/config.js?2bddbc15"></script>
<script defer src="//play.pokemonshowdown.com/js/lib/jquery-1.11.0.min.js"></script>
<script defer src="//play.pokemonshowdown.com/js/lib/html-sanitizer-minified.js"></script>
<script defer src="//play.pokemonshowdown.com/js/battle-sound.js"></script>
<script defer src="//play.pokemonshowdown.com/js/battledata.js?0.7209276989879541"></script>
<script defer src="//play.pokemonshowdown.com/data/pokedex-mini.js?0.6111056340867951"></script>
<script defer src="//play.pokemonshowdown.com/data/pokedex-mini-bw.js?0.3532142036491459"></script>
<script defer src="//play.pokemonshowdown.com/data/graphics.js?0.24223875632456182"></script>
<script defer src="//play.pokemonshowdown.com/data/pokedex.js?0.38839984266356864"></script>
<script defer src="//play.pokemonshowdown.com/data/moves.js?0.21866028504024015"></script>
<script defer src="//play.pokemonshowdown.com/data/abilities.js?0.2005157953846628"></script>
<script defer src="//play.pokemonshowdown.com/data/items.js?0.9894211263848525"></script>
<script defer src="//play.pokemonshowdown.com/data/teambuilder-tables.js?0.6008791140282215"></script>
<script defer src="//play.pokemonshowdown.com/js/battle-tooltips.js?0.7580118955022959"></script>
<script defer src="//play.pokemonshowdown.com/js/battle.js?0.6057722274234274"></script>

<script defer src="js/utils.js?e31f9a17"></script>
<script defer src="js/replays-battle.js?7008c182"></script>

<!-- don't scrape this data! just add .json or .log after the URL!
Full API docs: https://github.com/smogon/pokemon-showdown-client/blob/master/WEB-API.md -->
<script type="text/plain" class="log" id="replaylog-smogtours-gen3ou-794293">
|inactive|Battle timer is ON: inactive players will automatically lose when time's up.
|t:|1727979469
|gametype|singles
|player|p1|lucyisafish|flannery|
|player|p2|UnzipsCrogre|unknown|
|teamsize|p1|6
|teamsize|p2|6
|gen|3
|tier|[Gen 3] OU
|rule|Sleep Clause Mod: Limit one foe put to sleep
|rule|Switch Priority Clause Mod: Faster Pokémon switch first
|rule|Species Clause: Limit one of each Pokémon
|rule|OHKO Clause: OHKO moves are banned
|rule|Evasion Items Clause: Evasion items are banned
|rule|Evasion Moves Clause: Evasion moves are banned
|rule|Endless Battle Clause: Forcing endless battles is banned
|rule|HP Percentage Mod: HP is shown in percentages
|rule|One Boost Passer Clause: Limit one Baton Passer that has a way to boost its stats
|rule|Freeze Clause Mod: Limit one foe frozen
|
|t:|1727979469
|start
|switch|p1a: Zapdos|Zapdos|100/100
|switch|p2a: Suicune|Suicune|100/100
|turn|1
|inactive|UnzipsCrogre also wants the timer to be on.
|
|t:|1727979491
|switch|p2a: Celebi|Celebi|100/100
|move|p1a: Zapdos|Baton Pass|p1a: Zapdos
|inactive|lucyisafish has 270 seconds left.
|
|t:|1727979538
|switch|p1a: Typhlosion|Typhlosion, M|100/100|[from] Baton Pass
|
|upkeep
|turn|2
|
|t:|1727979550
|switch|p2a: Suicune|Suicune|100/100
|move|p1a: Typhlosion|Substitute|p1a: Typhlosion
|-start|p1a: Typhlosion|Substitute
|-damage|p1a: Typhlosion|76/100
|
|-heal|p1a: Typhlosion|82/100|[from] item: Leftovers
|upkeep
|turn|3
|inactive|lucyisafish has 270 seconds left.
|
|t:|1727979557
|-singleturn|p1a: Typhlosion|move: Focus Punch
|move|p1a: Typhlosion|Focus Punch|p2a: Suicune
|-damage|p2a: Suicune|77/100
|move|p2a: Suicune|Roar|p1a: Typhlosion
|drag|p1a: Celebi|Celebi|100/100
|
|-heal|p2a: Suicune|83/100|[from] item: Leftovers
|upkeep
|turn|4
|inactive|lucyisafish has 270 seconds left.
|
|t:|1727979567
|move|p1a: Celebi|Calm Mind|p1a: Celebi
|-boost|p1a: Celebi|spa|1
|-boost|p1a: Celebi|spd|1
|move|p2a: Suicune|Calm Mind|p2a: Suicune
|-boost|p2a: Suicune|spa|1
|-boost|p2a: Suicune|spd|1
|
|-heal|p2a: Suicune|89/100|[from] item: Leftovers
|upkeep
|turn|5
|
|t:|1727979575
|move|p1a: Celebi|Calm Mind|p1a: Celebi
|-boost|p1a: Celebi|spa|1
|-boost|p1a: Celebi|spd|1
|move|p2a: Suicune|Roar|p1a: Celebi
|drag|p1a: Metagross|Metagross|100/100
|
|-heal|p2a: Suicune|95/100|[from] item: Leftovers
|upkeep
|turn|6
|inactive|lucyisafish has 270 seconds left.
|
|t:|1727979602
|switch|p2a: Zapdos|Zapdos|100/100
|move|p1a: Metagross|Rock Slide|p2a: Zapdos
|-supereffective|p2a: Zapdos
|-damage|p2a: Zapdos|0 fnt
|faint|p2a: Zapdos
|
|t:|1727979610
|switch|p2a: Swampert|Swampert, M|100/100
|
|upkeep
|turn|7
|
|t:|1727979623
|switch|p1a: Celebi|Celebi|100/100
|move|p2a: Swampert|Substitute|p2a: Swampert
|-start|p2a: Swampert|Substitute
|-damage|p2a: Swampert|75/100
|
|-heal|p2a: Swampert|82/100|[from] item: Leftovers
|upkeep
|turn|8
|
|t:|1727979640
|move|p1a: Celebi|Baton Pass|p1a: Celebi
|inactive|lucyisafish has 270 seconds left.
|
|t:|1727979655
|switch|p1a: Gengar|Gengar, F|100/100|[from] Baton Pass
|move|p2a: Swampert|Ice Beam|p1a: Gengar
|-damage|p1a: Gengar|61/100
|-status|p1a: Gengar|frz
|
|-heal|p1a: Gengar|67/100 frz|[from] item: Leftovers
|-heal|p2a: Swampert|88/100|[from] item: Leftovers
|upkeep
|turn|9
|inactive|lucyisafish has 270 seconds left.
|
|t:|1727979663
|-curestatus|p1a: Gengar|frz|[msg]
|move|p1a: Gengar|Giga Drain|p2a: Swampert
|-supereffective|p2a: Swampert
|-crit|p2a: Swampert
|-end|p2a: Swampert|Substitute
|-heal|p1a: Gengar|86/100|[from] drain|[of] p2a: Swampert
|move|p2a: Swampert|Surf|p1a: Gengar
|-damage|p1a: Gengar|22/100
|
|-heal|p1a: Gengar|28/100|[from] item: Leftovers
|-heal|p2a: Swampert|94/100|[from] item: Leftovers
|upkeep
|turn|10
|inactive|lucyisafish has 270 seconds left.
|
|t:|1727979680
|switch|p2a: Jirachi|Jirachi|100/100
|move|p1a: Gengar|Explosion|p2a: Jirachi
|-resisted|p2a: Jirachi
|-damage|p2a: Jirachi|71/100
|faint|p1a: Gengar
|inactive|lucyisafish has 270 seconds left.
|
|t:|1727979686
|switch|p1a: Typhlosion|Typhlosion, M|82/100
|
|-heal|p1a: Typhlosion|88/100|[from] item: Leftovers
|-heal|p2a: Jirachi|77/100|[from] item: Leftovers
|upkeep
|turn|11
|
|t:|1727979691
|-singleturn|p1a: Typhlosion|move: Focus Punch
|switch|p2a: Suicune|Suicune|95/100
|move|p1a: Typhlosion|Focus Punch|p2a: Suicune
|-damage|p2a: Suicune|71/100
|
|-heal|p1a: Typhlosion|94/100|[from] item: Leftovers
|-heal|p2a: Suicune|77/100|[from] item: Leftovers
|upkeep
|turn|12
|
|t:|1727979703
|switch|p1a: Zapdos|Zapdos|100/100
|move|p2a: Suicune|Calm Mind|p2a: Suicune
|-boost|p2a: Suicune|spa|1
|-boost|p2a: Suicune|spd|1
|
|-heal|p2a: Suicune|83/100|[from] item: Leftovers
|upkeep
|turn|13
|
|t:|1727979706
|move|p2a: Suicune|Ice Beam|p1a: Zapdos
|-supereffective|p1a: Zapdos
|-damage|p1a: Zapdos|1/100
|move|p1a: Zapdos|Roar|p2a: Suicune
|drag|p2a: Celebi|Celebi|100/100
|
|-heal|p1a: Zapdos|7/100|[from] item: Leftovers
|upkeep
|turn|14
|
|t:|1727979730
|switch|p1a: Celebi|Celebi|100/100
|move|p2a: Celebi|Psychic|p1a: Celebi
|-resisted|p1a: Celebi
|-damage|p1a: Celebi|88/100
|
|-heal|p1a: Celebi|94/100|[from] item: Leftovers
|upkeep
|turn|15
|
|t:|1727979735
|move|p1a: Celebi|Calm Mind|p1a: Celebi
|-boost|p1a: Celebi|spa|1
|-boost|p1a: Celebi|spd|1
|move|p2a: Celebi|Calm Mind|p2a: Celebi
|-boost|p2a: Celebi|spa|1
|-boost|p2a: Celebi|spd|1
|
|-heal|p1a: Celebi|99/100|[from] item: Leftovers
|upkeep
|turn|16
|
|t:|1727979741
|move|p1a: Celebi|Calm Mind|p1a: Celebi
|-boost|p1a: Celebi|spa|1
|-boost|p1a: Celebi|spd|1
|move|p2a: Celebi|Baton Pass|p2a: Celebi
|
|t:|1727979750
|switch|p2a: Tyranitar|Tyranitar, M|100/100|[from] Baton Pass
|-weather|Sandstorm|[from] ability: Sand Stream|[of] p2a: Tyranitar
|
|-weather|Sandstorm|[upkeep]
|-damage|p1a: Celebi|94/100|[from] Sandstorm
|-heal|p1a: Celebi|99/100|[from] item: Leftovers
|upkeep
|turn|17
|
|t:|1727979769
|move|p1a: Celebi|Baton Pass|p1a: Celebi
|
|t:|1727979770
|switch|p1a: Swampert|Swampert, M|100/100|[from] Baton Pass
|move|p2a: Tyranitar|Hidden Power|p1a: Swampert
|-crit|p1a: Swampert
|-damage|p1a: Swampert|51/100
|
|-weather|Sandstorm|[upkeep]
|-heal|p1a: Swampert|57/100|[from] item: Leftovers
|upkeep
|turn|18
|
|t:|1727979794
|move|p2a: Tyranitar|Earthquake|p1a: Swampert
|-damage|p1a: Swampert|22/100
|move|p1a: Swampert|Hydro Pump|p2a: Tyranitar
|-supereffective|p2a: Tyranitar
|-damage|p2a: Tyranitar|0 fnt
|faint|p2a: Tyranitar
|
|t:|1727979801
|switch|p2a: Jirachi|Jirachi|77/100
|
|-weather|Sandstorm|[upkeep]
|-heal|p2a: Jirachi|83/100|[from] item: Leftovers
|-heal|p1a: Swampert|28/100|[from] item: Leftovers
|upkeep
|turn|19
|
|t:|1727979805
|move|p2a: Jirachi|Hidden Power|p1a: Swampert
|-supereffective|p1a: Swampert
|-damage|p1a: Swampert|0 fnt
|faint|p1a: Swampert
|
|t:|1727979812
|switch|p1a: Typhlosion|Typhlosion, M|94/100
|
|-weather|Sandstorm|[upkeep]
|-damage|p1a: Typhlosion|88/100|[from] Sandstorm
|-heal|p1a: Typhlosion|94/100|[from] item: Leftovers
|-heal|p2a: Jirachi|89/100|[from] item: Leftovers
|upkeep
|turn|20
|
|t:|1727979819
|move|p1a: Typhlosion|Substitute|p1a: Typhlosion
|-start|p1a: Typhlosion|Substitute
|-damage|p1a: Typhlosion|69/100
|move|p2a: Jirachi|Thunderbolt|p1a: Typhlosion
|-end|p1a: Typhlosion|Substitute
|
|-weather|Sandstorm|[upkeep]
|-damage|p1a: Typhlosion|63/100|[from] Sandstorm
|-heal|p1a: Typhlosion|69/100|[from] item: Leftovers
|-heal|p2a: Jirachi|96/100|[from] item: Leftovers
|upkeep
|turn|21
|
|t:|1727979824
|switch|p2a: Suicune|Suicune|83/100
|move|p1a: Typhlosion|Fire Blast|p2a: Suicune
|-resisted|p2a: Suicune
|-damage|p2a: Suicune|56/100
|
|-weather|Sandstorm|[upkeep]
|-damage|p1a: Typhlosion|63/100|[from] Sandstorm
|-damage|p2a: Suicune|50/100|[from] Sandstorm
|-heal|p1a: Typhlosion|69/100|[from] item: Leftovers
|-heal|p2a: Suicune|56/100|[from] item: Leftovers
|upkeep
|turn|22
|
|t:|1727979843
|switch|p1a: Celebi|Celebi|99/100
|move|p2a: Suicune|Surf|p1a: Celebi
|-resisted|p1a: Celebi
|-damage|p1a: Celebi|83/100
|
|-weather|Sandstorm|[upkeep]
|-damage|p1a: Celebi|77/100|[from] Sandstorm
|-damage|p2a: Suicune|50/100|[from] Sandstorm
|-heal|p1a: Celebi|83/100|[from] item: Leftovers
|-heal|p2a: Suicune|56/100|[from] item: Leftovers
|upkeep
|turn|23
|
|t:|1727979849
|move|p1a: Celebi|Baton Pass|p1a: Celebi
|
|t:|1727979852
|switch|p1a: Metagross|Metagross|100/100|[from] Baton Pass
|move|p2a: Suicune|Calm Mind|p2a: Suicune
|-boost|p2a: Suicune|spa|1
|-boost|p2a: Suicune|spd|1
|
|-weather|Sandstorm|[upkeep]
|-damage|p2a: Suicune|50/100|[from] Sandstorm
|-heal|p2a: Suicune|56/100|[from] item: Leftovers
|upkeep
|turn|24
|
|t:|1727979871
|move|p2a: Suicune|Surf|p1a: Metagross
|-crit|p1a: Metagross
|-damage|p1a: Metagross|0 fnt
|faint|p1a: Metagross
|
|t:|1727979875
|switch|p1a: Zapdos|Zapdos|7/100
|
|-weather|Sandstorm|[upkeep]
|-damage|p1a: Zapdos|1/100|[from] Sandstorm
|-damage|p2a: Suicune|50/100|[from] Sandstorm
|-heal|p1a: Zapdos|7/100|[from] item: Leftovers
|-heal|p2a: Suicune|56/100|[from] item: Leftovers
|upkeep
|turn|25
|
|t:|1727979879
|move|p1a: Zapdos|Hidden Power|p2a: Suicune
|-supereffective|p2a: Suicune
|-crit|p2a: Suicune
|-damage|p2a: Suicune|0 fnt
|faint|p2a: Suicune
|
|t:|1727979889
|switch|p2a: Celebi|Celebi|100/100
|
|-weather|Sandstorm|[upkeep]
|-damage|p2a: Celebi|94/100|[from] Sandstorm
|-damage|p1a: Zapdos|1/100|[from] Sandstorm
|-heal|p2a: Celebi|100/100|[from] item: Leftovers
|-heal|p1a: Zapdos|7/100|[from] item: Leftovers
|upkeep
|turn|26
|
|t:|1727979905
|switch|p1a: Celebi|Celebi|83/100
|move|p2a: Celebi|Calm Mind|p2a: Celebi
|-boost|p2a: Celebi|spa|1
|-boost|p2a: Celebi|spd|1
|
|-weather|Sandstorm|[upkeep]
|-damage|p1a: Celebi|77/100|[from] Sandstorm
|-damage|p2a: Celebi|94/100|[from] Sandstorm
|-heal|p1a: Celebi|83/100|[from] item: Leftovers
|-heal|p2a: Celebi|100/100|[from] item: Leftovers
|upkeep
|turn|27
|
|t:|1727979918
|move|p1a: Celebi|Calm Mind|p1a: Celebi
|-boost|p1a: Celebi|spa|1
|-boost|p1a: Celebi|spd|1
|move|p2a: Celebi|Hidden Power|p1a: Celebi
|-supereffective|p1a: Celebi
|-damage|p1a: Celebi|54/100
|
|-weather|Sandstorm|[upkeep]
|-damage|p1a: Celebi|48/100|[from] Sandstorm
|-damage|p2a: Celebi|94/100|[from] Sandstorm
|-heal|p1a: Celebi|54/100|[from] item: Leftovers
|-heal|p2a: Celebi|100/100|[from] item: Leftovers
|upkeep
|turn|28
|
|t:|1727979926
|move|p1a: Celebi|Calm Mind|p1a: Celebi
|-boost|p1a: Celebi|spa|1
|-boost|p1a: Celebi|spd|1
|move|p2a: Celebi|Calm Mind|p2a: Celebi
|-boost|p2a: Celebi|spa|1
|-boost|p2a: Celebi|spd|1
|
|-weather|Sandstorm|[upkeep]
|-damage|p1a: Celebi|48/100|[from] Sandstorm
|-damage|p2a: Celebi|94/100|[from] Sandstorm
|-heal|p1a: Celebi|54/100|[from] item: Leftovers
|-heal|p2a: Celebi|100/100|[from] item: Leftovers
|upkeep
|turn|29
|
|t:|1727979931
|move|p1a: Celebi|Baton Pass|p1a: Celebi
|
|t:|1727979948
|switch|p1a: Typhlosion|Typhlosion, M|69/100|[from] Baton Pass
|move|p2a: Celebi|Hidden Power|p1a: Typhlosion
|-resisted|p1a: Typhlosion
|-damage|p1a: Typhlosion|58/100
|
|-weather|Sandstorm|[upkeep]
|-damage|p2a: Celebi|94/100|[from] Sandstorm
|-damage|p1a: Typhlosion|52/100|[from] Sandstorm
|-heal|p2a: Celebi|100/100|[from] item: Leftovers
|-heal|p1a: Typhlosion|58/100|[from] item: Leftovers
|upkeep
|turn|30
|
|t:|1727979961
|move|p2a: Celebi|Baton Pass|p2a: Celebi
|
|t:|1727979962
|switch|p2a: Swampert|Swampert, M|94/100|[from] Baton Pass
|move|p1a: Typhlosion|Substitute|p1a: Typhlosion
|-start|p1a: Typhlosion|Substitute
|-damage|p1a: Typhlosion|33/100
|
|-weather|Sandstorm|[upkeep]
|-damage|p1a: Typhlosion|27/100|[from] Sandstorm
|-heal|p1a: Typhlosion|33/100|[from] item: Leftovers
|-heal|p2a: Swampert|99/100|[from] item: Leftovers
|upkeep
|turn|31
|
|t:|1727979971
|-singleturn|p1a: Typhlosion|move: Focus Punch
|move|p2a: Swampert|Surf|p1a: Typhlosion
|-supereffective|p1a: Typhlosion
|-end|p1a: Typhlosion|Substitute
|move|p1a: Typhlosion|Focus Punch|p2a: Swampert
|-damage|p2a: Swampert|72/100
|
|-weather|Sandstorm|[upkeep]
|-damage|p1a: Typhlosion|27/100|[from] Sandstorm
|-heal|p1a: Typhlosion|33/100|[from] item: Leftovers
|-heal|p2a: Swampert|78/100|[from] item: Leftovers
|upkeep
|turn|32
|
|t:|1727979979
|switch|p1a: Celebi|Celebi|54/100
|move|p2a: Swampert|Surf|p1a: Celebi
|-resisted|p1a: Celebi
|-damage|p1a: Celebi|19/100
|
|-weather|Sandstorm|[upkeep]
|-damage|p1a: Celebi|13/100|[from] Sandstorm
|-heal|p1a: Celebi|19/100|[from] item: Leftovers
|-heal|p2a: Swampert|85/100|[from] item: Leftovers
|upkeep
|turn|33
|
|t:|1727979999
|switch|p2a: Jirachi|Jirachi|96/100
|move|p1a: Celebi|Giga Drain|p2a: Jirachi
|-resisted|p2a: Jirachi
|-damage|p2a: Jirachi|86/100
|-heal|p1a: Celebi|24/100|[from] drain|[of] p2a: Jirachi
|
|-weather|Sandstorm|[upkeep]
|-damage|p1a: Celebi|18/100|[from] Sandstorm
|-heal|p1a: Celebi|24/100|[from] item: Leftovers
|-heal|p2a: Jirachi|92/100|[from] item: Leftovers
|upkeep
|turn|34
|
|t:|1727980006
|move|p1a: Celebi|Baton Pass|p1a: Celebi
|
|t:|1727980008
|switch|p1a: Typhlosion|Typhlosion, M|33/100|[from] Baton Pass
|move|p2a: Jirachi|Substitute|p2a: Jirachi
|-start|p2a: Jirachi|Substitute
|-damage|p2a: Jirachi|67/100
|
|-weather|Sandstorm|[upkeep]
|-damage|p1a: Typhlosion|27/100|[from] Sandstorm
|-heal|p1a: Typhlosion|33/100|[from] item: Leftovers
|-heal|p2a: Jirachi|73/100|[from] item: Leftovers
|upkeep
|turn|35
|
|t:|1727980015
|move|p1a: Typhlosion|Fire Blast|p2a: Jirachi
|-supereffective|p2a: Jirachi
|-end|p2a: Jirachi|Substitute
|move|p2a: Jirachi|Thunderbolt|p1a: Typhlosion
|-damage|p1a: Typhlosion|2/100
|
|-weather|Sandstorm|[upkeep]
|-damage|p1a: Typhlosion|0 fnt|[from] Sandstorm
|faint|p1a: Typhlosion
|-heal|p2a: Jirachi|79/100|[from] item: Leftovers
|upkeep
|
|t:|1727980021
|switch|p1a: Zapdos|Zapdos|7/100
|turn|36
|
|t:|1727980026
|move|p1a: Zapdos|Thunderbolt|p2a: Jirachi
|-damage|p2a: Jirachi|37/100
|move|p2a: Jirachi|Thunderbolt|p1a: Zapdos
|-damage|p1a: Zapdos|0 fnt
|faint|p1a: Zapdos
|
|t:|1727980031
|switch|p1a: Celebi|Celebi|24/100
|
|-weather|Sandstorm|[upkeep]
|-damage|p1a: Celebi|18/100|[from] Sandstorm
|-heal|p1a: Celebi|24/100|[from] item: Leftovers
|-heal|p2a: Jirachi|43/100|[from] item: Leftovers
|upkeep
|turn|37
|
|t:|1727980043
|move|p1a: Celebi|Calm Mind|p1a: Celebi
|-boost|p1a: Celebi|spa|1
|-boost|p1a: Celebi|spd|1
|move|p2a: Jirachi|Thunderbolt|p1a: Celebi
|-resisted|p1a: Celebi
|-damage|p1a: Celebi|17/100
|-status|p1a: Celebi|par
|
|-weather|Sandstorm|[upkeep]
|-damage|p1a: Celebi|11/100 par|[from] Sandstorm
|-heal|p2a: Jirachi|50/100|[from] item: Leftovers
|-heal|p1a: Celebi|17/100 par|[from] item: Leftovers
|upkeep
|turn|38
|
|t:|1727980056
|move|p2a: Jirachi|Thunderbolt|p1a: Celebi
|-resisted|p1a: Celebi
|-damage|p1a: Celebi|11/100 par
|cant|p1a: Celebi|par
|
|-weather|Sandstorm|[upkeep]
|-damage|p1a: Celebi|5/100 par|[from] Sandstorm
|-heal|p2a: Jirachi|56/100|[from] item: Leftovers
|-heal|p1a: Celebi|11/100 par|[from] item: Leftovers
|upkeep
|turn|39
|
|t:|1727980062
|move|p2a: Jirachi|Calm Mind|p2a: Jirachi
|-boost|p2a: Jirachi|spa|1
|-boost|p2a: Jirachi|spd|1
|move|p1a: Celebi|Calm Mind|p1a: Celebi
|-boost|p1a: Celebi|spa|1
|-boost|p1a: Celebi|spd|1
|
|-weather|Sandstorm|[upkeep]
|-damage|p1a: Celebi|5/100 par|[from] Sandstorm
|-heal|p2a: Jirachi|62/100|[from] item: Leftovers
|-heal|p1a: Celebi|11/100 par|[from] item: Leftovers
|upkeep
|turn|40
|
|t:|1727980067
|move|p2a: Jirachi|Thunderbolt|p1a: Celebi
|-resisted|p1a: Celebi
|-damage|p1a: Celebi|3/100 par
|cant|p1a: Celebi|par
|
|-weather|Sandstorm|[upkeep]
|-damage|p1a: Celebi|0 fnt|[from] Sandstorm
|faint|p1a: Celebi
|
|win|UnzipsCrogre
|upkeep

</script>
<script type="application/json" class="data" id="replaydata-smogtours-gen3ou-794293">
{"id":"smogtours-gen3ou-794293","format":"[Gen 3] OU","players":["lucyisafish","UnzipsCrogre"],"uploadtime":1727980067,"views":93,"formatid":"gen3ou","rating":null,"private":0,"password":null}
</script>

<script defer src="js/replays.js?9d40a366"></script>
