<!DOCTYPE html>
<meta charset="utf-8" />
<meta name="viewport" content="width=device-width" />

<title>[Gen 3] OU: RoomTemperatureIVs vs. DarthTyros - Replays - Pok&eacute;mon Showdown!</title>

<meta name="description" content="Watch a replay of a Pok&eacute;mon battle between RoomTemperatureIVs and DarthTyros! Format: [Gen 3] OU; Date: Oct 3, 2024" />
<!--

Hey, you! Looking in the source for the replay log?

You can find them in JSON format, just add `.json` at the end of a replay URL.

https://replay.pokemonshowdown.com/gen7randomdoublesbattle-865046831.json

Or, if you only need the log itself, add `.log` instead:

https://replay.pokemonshowdown.com/gen7randomdoublesbattle-865046831.log

-->

<link rel="stylesheet" href="//pokemonshowdown.com/style/global.css?0.023195364461161105" />
<link rel="stylesheet" href="//play.pokemonshowdown.com/style/font-awesome.css?0.13261647063804238" />
<link rel="stylesheet" href="//play.pokemonshowdown.com/style/battle.css?0.8753245789963631" />
<link rel="stylesheet" href="//play.pokemonshowdown.com/style/utilichart.css?0.8627959624976733" />

<!-- Global site tag (gtag.js) - Google Analytics -->
<script async src="https://www.googletagmanager.com/gtag/js?id=UA-26211653-1"></script>
<script>
  window.dataLayer = window.dataLayer || [];
  function gtag(){dataLayer.push(arguments);}
  gtag('js', new Date());

  gtag('config', 'UA-26211653-1');
</script>
<!-- End Google Analytics -->
<!-- Venatus Ad Manager - Install in <HEAD> of page -->
	<script src="https://hb.vntsm.com/v3/live/ad-manager.min.js" type="text/javascript" data-site-id="642aba63ec9a7b11c3c9c1be" data-mode="scan" async></script>
<!-- / Venatus Ad Manager -->

<style>
	@media (max-width:820px) {
		.battle {
			margin: 0 auto;
		}
		.battle-log {
			margin: 7px auto 0;
			max-width: 640px;
			height: 300px;
			position: static;
		}
	}
	.optgroup {
		display: inline-block;
		line-height: 22px;
		font-size: 10pt;
	}
	.optgroup .button {
		height: 25px;
		padding-top: 0;
		padding-bottom: 0;
	}
	.optgroup button.button {
		padding-left: 12px;
		padding-right: 12px;
	}
	.linklist {
		list-style: none;
		margin: 0.5em 0;
		padding: 0;
	}
	.linklist li {
		padding: 2px 0;
	}
	.sidebar {
		float: left;
		width: 320px;
	}
	.bar-wrapper {
		max-width: 1100px;
		margin: 0 auto;
	}
	.bar-wrapper.has-sidebar {
		max-width: 1430px;
	}
	.mainbar {
		margin: 0;
		padding-right: 1px;
	}
	.mainbar.has-sidebar {
		margin-left: 330px;
	}
	@media (min-width: 1511px) {
		.sidebar {
			width: 400px;
		}
		.bar-wrapper.has-sidebar {
			max-width: 1510px;
		}
		.mainbar.has-sidebar {
			margin-left: 410px;
		}
	}
	.section.first-section {
		margin-top: 9px;
	}
	.blocklink small {
		white-space: normal;
	}
	.button {
		vertical-align: middle;
	}
	.replay-controls {
		padding-top: 10px;
	}
	.replay-controls h1 {
		font-size: 16pt;
		font-weight: normal;
		color: #CCC;
	}
	.pagelink {
		text-align: center;
	}
	.pagelink a {
		width: 150px;
	}
	.textbox, .button {
		font-size: 11pt;
		vertical-align: middle;
	}
	@media (max-width: 450px) {
		.button {
			font-size: 9pt;
		}
	}
</style>

<div>

	<header>
		<div class="nav-wrapper"><ul class="nav">
			<li><a class="button nav-first" href="//pokemonshowdown.com/"><img src="//pokemonshowdown.com/images/pokemonshowdownbeta.png" srcset="//pokemonshowdown.com/images/pokemonshowdownbeta.png 1x, //pokemonshowdown.com/images/pokemonshowdownbeta@2x.png 2x" alt="Pok&eacute;mon Showdown" width="146" height="44" /> Home</a></li>
			<li><a class="button" href="//pokemonshowdown.com/dex/">Pok&eacute;dex</a></li>
			<li><a class="button cur" href="/">Replays</a></li>
			<li><a class="button" href="//pokemonshowdown.com/ladder/">Ladder</a></li>
			<li><a class="button nav-last" href="//pokemonshowdown.com/forums/">Forum</a></li>
			<li><a class="button greenbutton nav-first nav-last" href="//play.pokemonshowdown.com/">Play</a></li>
		</ul></div>
	</header>

	<div class="main" id="main">

		<noscript><section class="section">You need to enable JavaScript to use this page; sorry!</section></noscript>

	</div>

</div>

<script defer nomodule src="//play.pokemonshowdown.com/js/lib/ps-polyfill.js"></script>
<script defer src="//play.pokemonshowdown.com/js/lib/preact.min.js"></script>

<script defer src="//play.pokemonshowdown.com/config/config.js?2bddbc15"></script>
<script defer src="//play.pokemonshowdown.com/js/lib/jquery-1.11.0.min.js"></script>
<script defer src="//play.pokemonshowdown.com/js/lib/html-sanitizer-minified.js"></script>
<script defer src="//play.pokemonshowdown.com/js/battle-sound.js"></script>
<script defer src="//play.pokemonshowdown.com/js/battledata.js?0.7209276989879541"></script>
<script defer src="//play.pokemonshowdown.com/data/pokedex-mini.js?0.6111056340867951"></script>
<script defer src="//play.pokemonshowdown.com/data/pokedex-mini-bw.js?0.3532142036491459"></script>
<script defer src="//play.pokemonshowdown.com/data/graphics.js?0.24223875632456182"></script>
<script defer src="//play.pokemonshowdown.com/data/pokedex.js?0.38839984266356864"></script>
<script defer src="//play.pokemonshowdown.com/data/moves.js?0.21866028504024015"></script>
<script defer src="//play.pokemonshowdown.com/data/abilities.js?0.2005157953846628"></script>
<script defer src="//play.pokemonshowdown.com/data/items.js?0.9894211263848525"></script>
<script defer src="//play.pokemonshowdown.com/data/teambuilder-tables.js?0.6008791140282215"></script>
<script defer src="//play.pokemonshowdown.com/js/battle-tooltips.js?0.7580118955022959"></script>
<script defer src="//play.pokemonshowdown.com/js/battle.js?0.6057722274234274"></script>

<script defer src="js/utils.js?e31f9a17"></script>
<script defer src="js/replays-battle.js?7008c182"></script>

<!-- don't scrape this data! just add .json or .log after the URL!
Full API docs: https://github.com/smogon/pokemon-showdown-client/blob/master/WEB-API.md -->
<script type="text/plain" class="log" id="replaylog-smogtours-gen3ou-794271">
|inactive|Battle timer is ON: inactive players will automatically lose when time's up.
|t:|1727976903
|gametype|singles
|player|p1|RoomTemperatureIVs|blackbelt-gen4dp|
|player|p2|DarthTyros|#advpliv|
|teamsize|p1|6
|teamsize|p2|6
|gen|3
|tier|[Gen 3] OU
|rule|Sleep Clause Mod: Limit one foe put to sleep
|rule|Switch Priority Clause Mod: Faster Pokémon switch first
|rule|Species Clause: Limit one of each Pokémon
|rule|OHKO Clause: OHKO moves are banned
|rule|Evasion Items Clause: Evasion items are banned
|rule|Evasion Moves Clause: Evasion moves are banned
|rule|Endless Battle Clause: Forcing endless battles is banned
|rule|HP Percentage Mod: HP is shown in percentages
|rule|One Boost Passer Clause: Limit one Baton Passer that has a way to boost its stats
|rule|Freeze Clause Mod: Limit one foe frozen
|
|t:|1727976903
|start
|switch|p1a: Jolteon|Jolteon, F|100/100
|switch|p2a: Godzilla (90's)|Tyranitar, M|100/100
|-weather|Sandstorm|[from] ability: Sand Stream|[of] p2a: Godzilla (90's)
|turn|1
|c|☆RoomTemperatureIVs|glhf
|
|t:|1727976915
|move|p1a: Jolteon|Substitute|p1a: Jolteon
|-start|p1a: Jolteon|Substitute
|-damage|p1a: Jolteon|75/100
|move|p2a: Godzilla (90's)|Rock Slide|p1a: Jolteon
|-end|p1a: Jolteon|Substitute
|
|-weather|Sandstorm|[upkeep]
|-damage|p1a: Jolteon|69/100|[from] Sandstorm
|-heal|p1a: Jolteon|75/100|[from] item: Leftovers
|upkeep
|turn|2
|c|☆DarthTyros|u2
|
|t:|1727976922
|move|p1a: Jolteon|Baton Pass|p1a: Jolteon
|
|t:|1727976924
|switch|p1a: Swampert|Swampert, F|100/100|[from] Baton Pass
|move|p2a: Godzilla (90's)|Dragon Dance|p2a: Godzilla (90's)
|-boost|p2a: Godzilla (90's)|atk|1
|-boost|p2a: Godzilla (90's)|spe|1
|
|-weather|Sandstorm|[upkeep]
|upkeep
|turn|3
|
|t:|1727976932
|switch|p2a: PayDay|Skarmory, M|100/100
|move|p1a: Swampert|Earthquake|p2a: PayDay
|-immune|p2a: PayDay
|
|-weather|Sandstorm|[upkeep]
|upkeep
|turn|4
|
|t:|1727976935
|switch|p1a: Jolteon|Jolteon, F|75/100
|move|p2a: PayDay|Spikes|p1a: Jolteon
|-sidestart|p1: RoomTemperatureIVs|Spikes
|
|-weather|Sandstorm|[upkeep]
|-damage|p1a: Jolteon|69/100|[from] Sandstorm
|-heal|p1a: Jolteon|75/100|[from] item: Leftovers
|upkeep
|turn|5
|
|t:|1727976938
|switch|p2a: Godzilla (90's)|Tyranitar, M|100/100
|move|p1a: Jolteon|Substitute|p1a: Jolteon
|-start|p1a: Jolteon|Substitute
|-damage|p1a: Jolteon|50/100
|
|-weather|Sandstorm|[upkeep]
|-damage|p1a: Jolteon|44/100|[from] Sandstorm
|-heal|p1a: Jolteon|50/100|[from] item: Leftovers
|upkeep
|turn|6
|
|t:|1727976943
|move|p1a: Jolteon|Thunderbolt|p2a: Godzilla (90's)
|-damage|p2a: Godzilla (90's)|65/100
|move|p2a: Godzilla (90's)|Earthquake|p1a: Jolteon
|-supereffective|p1a: Jolteon
|-end|p1a: Jolteon|Substitute
|
|-weather|Sandstorm|[upkeep]
|-damage|p1a: Jolteon|44/100|[from] Sandstorm
|-heal|p1a: Jolteon|50/100|[from] item: Leftovers
|-heal|p2a: Godzilla (90's)|71/100|[from] item: Leftovers
|upkeep
|turn|7
|
|t:|1727976950
|move|p1a: Jolteon|Baton Pass|p1a: Jolteon
|
|t:|1727976953
|switch|p1a: Swampert|Swampert, F|100/100|[from] Baton Pass
|-damage|p1a: Swampert|88/100|[from] Spikes
|move|p2a: Godzilla (90's)|Rock Slide|p1a: Swampert
|-resisted|p1a: Swampert
|-damage|p1a: Swampert|76/100
|
|-weather|Sandstorm|[upkeep]
|-heal|p2a: Godzilla (90's)|77/100|[from] item: Leftovers
|-heal|p1a: Swampert|82/100|[from] item: Leftovers
|upkeep
|turn|8
|
|t:|1727976961
|switch|p2a: PayDay|Skarmory, M|100/100
|move|p1a: Swampert|Hydro Pump|p2a: PayDay
|-damage|p2a: PayDay|66/100
|
|-weather|Sandstorm|[upkeep]
|-heal|p2a: PayDay|72/100|[from] item: Leftovers
|-heal|p1a: Swampert|89/100|[from] item: Leftovers
|upkeep
|turn|9
|
|t:|1727976974
|move|p2a: PayDay|Spikes|p1a: Swampert
|-sidestart|p1: RoomTemperatureIVs|Spikes
|move|p1a: Swampert|Hydro Pump|p2a: PayDay|[miss]
|-miss|p1a: Swampert|p2a: PayDay
|
|-weather|Sandstorm|[upkeep]
|-heal|p2a: PayDay|78/100|[from] item: Leftovers
|-heal|p1a: Swampert|95/100|[from] item: Leftovers
|upkeep
|turn|10
|
|t:|1727976982
|move|p2a: PayDay|Protect|p2a: PayDay
|-singleturn|p2a: PayDay|Protect
|move|p1a: Swampert|Hydro Pump|p2a: PayDay|[miss]
|-miss|p1a: Swampert|p2a: PayDay
|
|-weather|Sandstorm|[upkeep]
|-heal|p2a: PayDay|84/100|[from] item: Leftovers
|-heal|p1a: Swampert|100/100|[from] item: Leftovers
|upkeep
|turn|11
|
|t:|1727976987
|move|p2a: PayDay|Spikes|p1a: Swampert
|-sidestart|p1: RoomTemperatureIVs|Spikes
|move|p1a: Swampert|Hydro Pump|p2a: PayDay|[miss]
|-miss|p1a: Swampert|p2a: PayDay
|
|-weather|Sandstorm|[upkeep]
|-heal|p2a: PayDay|90/100|[from] item: Leftovers
|upkeep
|turn|12
|
|t:|1727977005
|switch|p1a: Gengar|Gengar, M|100/100
|move|p2a: PayDay|Roar|p1a: Gengar
|drag|p1a: Skarmory|Skarmory, F|100/100
|
|-weather|Sandstorm|[upkeep]
|-heal|p2a: PayDay|96/100|[from] item: Leftovers
|upkeep
|turn|13
|
|t:|1727977014
|switch|p2a: Darkhar|Gengar, M|100/100
|move|p1a: Skarmory|Spikes|p2a: Darkhar
|-sidestart|p2: DarthTyros|Spikes
|
|-weather|Sandstorm|[upkeep]
|-damage|p2a: Darkhar|95/100|[from] Sandstorm
|-heal|p2a: Darkhar|100/100|[from] item: Leftovers
|upkeep
|turn|14
|
|t:|1727977021
|switch|p1a: Jolteon|Jolteon, F|50/100
|-damage|p1a: Jolteon|25/100|[from] Spikes
|move|p2a: Darkhar|Will-O-Wisp|p1a: Jolteon
|-status|p1a: Jolteon|brn
|
|-weather|Sandstorm|[upkeep]
|-damage|p1a: Jolteon|19/100 brn|[from] Sandstorm
|-damage|p2a: Darkhar|95/100|[from] Sandstorm
|-heal|p1a: Jolteon|25/100 brn|[from] item: Leftovers
|-damage|p1a: Jolteon|13/100 brn|[from] brn
|-heal|p2a: Darkhar|100/100|[from] item: Leftovers
|upkeep
|turn|15
|
|t:|1727977038
|switch|p2a: Godzilla (90's)|Tyranitar, M|77/100
|-damage|p2a: Godzilla (90's)|65/100|[from] Spikes
|move|p1a: Jolteon|Hidden Power|p2a: Godzilla (90's)
|-damage|p2a: Godzilla (90's)|46/100
|
|-weather|Sandstorm|[upkeep]
|-damage|p1a: Jolteon|7/100 brn|[from] Sandstorm
|-heal|p1a: Jolteon|13/100 brn|[from] item: Leftovers
|-damage|p1a: Jolteon|0 fnt|[from] brn
|faint|p1a: Jolteon
|-heal|p2a: Godzilla (90's)|52/100|[from] item: Leftovers
|upkeep
|
|t:|1727977043
|switch|p1a: Dugtrio|Dugtrio, M|100/100
|-damage|p1a: Dugtrio|76/100|[from] Spikes
|turn|16
|
|t:|1727977046
|move|p1a: Dugtrio|Earthquake|p2a: Godzilla (90's)
|-supereffective|p2a: Godzilla (90's)
|-damage|p2a: Godzilla (90's)|0 fnt
|faint|p2a: Godzilla (90's)
|
|t:|1727977059
|switch|p2a: Darkhar|Gengar, M|100/100
|
|-weather|Sandstorm|[upkeep]
|-damage|p2a: Darkhar|95/100|[from] Sandstorm
|-heal|p2a: Darkhar|100/100|[from] item: Leftovers
|upkeep
|turn|17
|
|t:|1727977072
|switch|p1a: Celebi|Celebi|100/100
|-damage|p1a: Celebi|75/100|[from] Spikes
|move|p2a: Darkhar|Will-O-Wisp|p1a: Celebi
|-status|p1a: Celebi|brn
|
|-weather|Sandstorm|[upkeep]
|-damage|p2a: Darkhar|95/100|[from] Sandstorm
|-damage|p1a: Celebi|69/100 brn|[from] Sandstorm
|-heal|p2a: Darkhar|100/100|[from] item: Leftovers
|-heal|p1a: Celebi|75/100 brn|[from] item: Leftovers
|-damage|p1a: Celebi|63/100 brn|[from] brn
|upkeep
|turn|18
|
|t:|1727977079
|switch|p2a: PayDay|Skarmory, M|96/100
|move|p1a: Celebi|Baton Pass|p1a: Celebi
|
|t:|1727977083
|-curestatus|p1a: Celebi|brn|[from] ability: Natural Cure
|switch|p1a: Gengar|Gengar, M|100/100|[from] Baton Pass
|
|-weather|Sandstorm|[upkeep]
|-damage|p1a: Gengar|94/100|[from] Sandstorm
|-heal|p1a: Gengar|100/100|[from] item: Leftovers
|-heal|p2a: PayDay|100/100|[from] item: Leftovers
|upkeep
|turn|19
|
|t:|1727977088
|move|p2a: PayDay|Protect|p2a: PayDay
|-singleturn|p2a: PayDay|Protect
|move|p1a: Gengar|Taunt|p2a: PayDay
|-activate|p2a: PayDay|Protect
|
|-weather|Sandstorm|[upkeep]
|-damage|p1a: Gengar|94/100|[from] Sandstorm
|-heal|p1a: Gengar|100/100|[from] item: Leftovers
|upkeep
|turn|20
|
|t:|1727977092
|move|p1a: Gengar|Will-O-Wisp|p2a: PayDay
|-status|p2a: PayDay|brn
|move|p2a: PayDay|Drill Peck|p1a: Gengar
|-damage|p1a: Gengar|78/100
|
|-weather|Sandstorm|[upkeep]
|-damage|p1a: Gengar|72/100|[from] Sandstorm
|-heal|p1a: Gengar|78/100|[from] item: Leftovers
|-damage|p2a: PayDay|88/100 brn|[from] brn
|upkeep
|turn|21
|
|t:|1727977102
|move|p2a: PayDay|Protect|p2a: PayDay
|-singleturn|p2a: PayDay|Protect
|move|p1a: Gengar|Taunt|p2a: PayDay
|-activate|p2a: PayDay|Protect
|
|-weather|Sandstorm|[upkeep]
|-damage|p1a: Gengar|72/100|[from] Sandstorm
|-heal|p1a: Gengar|78/100|[from] item: Leftovers
|-heal|p2a: PayDay|94/100 brn|[from] item: Leftovers
|-damage|p2a: PayDay|82/100 brn|[from] brn
|upkeep
|turn|22
|
|t:|1727977105
|switch|p2a: Lubloom|Swampert, F, shiny|100/100
|-damage|p2a: Lubloom|88/100|[from] Spikes
|move|p1a: Gengar|Thunderbolt|p2a: Lubloom
|-immune|p2a: Lubloom
|
|-weather|Sandstorm|[upkeep]
|-damage|p1a: Gengar|72/100|[from] Sandstorm
|-heal|p1a: Gengar|78/100|[from] item: Leftovers
|-heal|p2a: Lubloom|94/100|[from] item: Leftovers
|upkeep
|turn|23
|
|t:|1727977113
|move|p1a: Gengar|Will-O-Wisp|p2a: Lubloom|[miss]
|-miss|p1a: Gengar|p2a: Lubloom
|move|p2a: Lubloom|Surf|p1a: Gengar
|-damage|p1a: Gengar|41/100
|
|-weather|Sandstorm|[upkeep]
|-damage|p1a: Gengar|35/100|[from] Sandstorm
|-heal|p1a: Gengar|41/100|[from] item: Leftovers
|-heal|p2a: Lubloom|100/100|[from] item: Leftovers
|upkeep
|turn|24
|
|t:|1727977119
|move|p1a: Gengar|Giga Drain|p2a: Lubloom
|-supereffective|p2a: Lubloom
|-damage|p2a: Lubloom|36/100
|-heal|p1a: Gengar|91/100|[from] drain|[of] p2a: Lubloom
|move|p2a: Lubloom|Surf|p1a: Gengar
|-damage|p1a: Gengar|58/100
|
|-weather|Sandstorm|[upkeep]
|-damage|p1a: Gengar|51/100|[from] Sandstorm
|-heal|p1a: Gengar|58/100|[from] item: Leftovers
|-heal|p2a: Lubloom|42/100|[from] item: Leftovers
|upkeep
|turn|25
|
|t:|1727977125
|move|p2a: Lubloom|Protect|p2a: Lubloom
|-singleturn|p2a: Lubloom|Protect
|move|p1a: Gengar|Giga Drain|p2a: Lubloom
|-activate|p2a: Lubloom|Protect
|
|-weather|Sandstorm|[upkeep]
|-damage|p1a: Gengar|51/100|[from] Sandstorm
|-heal|p1a: Gengar|58/100|[from] item: Leftovers
|-heal|p2a: Lubloom|48/100|[from] item: Leftovers
|upkeep
|turn|26
|
|t:|1727977128
|switch|p2a: Electro|Zapdos|100/100
|move|p1a: Gengar|Giga Drain|p2a: Electro
|-resisted|p2a: Electro
|-crit|p2a: Electro
|-damage|p2a: Electro|82/100
|-heal|p1a: Gengar|71/100|[from] drain|[of] p2a: Electro
|
|-weather|Sandstorm|[upkeep]
|-damage|p1a: Gengar|65/100|[from] Sandstorm
|-damage|p2a: Electro|75/100|[from] Sandstorm
|-heal|p1a: Gengar|71/100|[from] item: Leftovers
|-heal|p2a: Electro|82/100|[from] item: Leftovers
|upkeep
|turn|27
|
|t:|1727977140
|switch|p1a: Swampert|Swampert, F|100/100
|-damage|p1a: Swampert|75/100|[from] Spikes
|move|p2a: Electro|Thunderbolt|p1a: Swampert
|-immune|p1a: Swampert
|
|-weather|Sandstorm|[upkeep]
|-damage|p2a: Electro|75/100|[from] Sandstorm
|-heal|p2a: Electro|82/100|[from] item: Leftovers
|-heal|p1a: Swampert|82/100|[from] item: Leftovers
|upkeep
|turn|28
|
|t:|1727977149
|switch|p2a: PayDay|Skarmory, M|82/100 brn
|switch|p1a: Celebi|Celebi|63/100
|-damage|p1a: Celebi|38/100|[from] Spikes
|
|-weather|Sandstorm|[upkeep]
|-damage|p1a: Celebi|32/100|[from] Sandstorm
|-heal|p1a: Celebi|38/100|[from] item: Leftovers
|-heal|p2a: PayDay|88/100 brn|[from] item: Leftovers
|-damage|p2a: PayDay|76/100 brn|[from] brn
|upkeep
|turn|29
|
|t:|1727977154
|move|p1a: Celebi|Hidden Power|p2a: PayDay
|-supereffective|p2a: PayDay
|-damage|p2a: PayDay|46/100 brn
|move|p2a: PayDay|Roar|p1a: Celebi
|drag|p1a: Dugtrio|Dugtrio, M|76/100
|-damage|p1a: Dugtrio|51/100|[from] Spikes
|
|-weather|Sandstorm|[upkeep]
|-heal|p2a: PayDay|52/100 brn|[from] item: Leftovers
|-damage|p2a: PayDay|39/100 brn|[from] brn
|upkeep
|turn|30
|
|t:|1727977166
|move|p1a: Dugtrio|Beat Up|p2a: PayDay
|-damage|p2a: PayDay|38/100 brn
|-damage|p2a: PayDay|36/100 brn
|-damage|p2a: PayDay|34/100 brn
|-damage|p2a: PayDay|33/100 brn
|-damage|p2a: PayDay|31/100 brn
|-hitcount|p2a: PayDay|5
|move|p2a: PayDay|Roar|p1a: Dugtrio
|drag|p1a: Skarmory|Skarmory, F|100/100
|
|-weather|Sandstorm|[upkeep]
|-heal|p2a: PayDay|37/100 brn|[from] item: Leftovers
|-damage|p2a: PayDay|25/100 brn|[from] brn
|upkeep
|turn|31
|
|t:|1727977182
|switch|p1a: Celebi|Celebi|38/100
|-damage|p1a: Celebi|13/100|[from] Spikes
|move|p2a: PayDay|Roar|p1a: Celebi
|drag|p1a: Dugtrio|Dugtrio, M|51/100
|-damage|p1a: Dugtrio|27/100|[from] Spikes
|
|-weather|Sandstorm|[upkeep]
|-heal|p2a: PayDay|31/100 brn|[from] item: Leftovers
|-damage|p2a: PayDay|18/100 brn|[from] brn
|upkeep
|turn|32
|
|t:|1727977197
|move|p1a: Dugtrio|Beat Up|p2a: PayDay
|-damage|p2a: PayDay|17/100 brn
|-damage|p2a: PayDay|15/100 brn
|-damage|p2a: PayDay|13/100 brn
|-damage|p2a: PayDay|12/100 brn
|-damage|p2a: PayDay|10/100 brn
|-hitcount|p2a: PayDay|5
|move|p2a: PayDay|Drill Peck|p1a: Dugtrio
|-damage|p1a: Dugtrio|0 fnt
|faint|p1a: Dugtrio
|
|t:|1727977204
|switch|p1a: Gengar|Gengar, M|71/100
|
|-weather|Sandstorm|[upkeep]
|-damage|p1a: Gengar|65/100|[from] Sandstorm
|-heal|p1a: Gengar|71/100|[from] item: Leftovers
|-heal|p2a: PayDay|16/100 brn|[from] item: Leftovers
|-damage|p2a: PayDay|3/100 brn|[from] brn
|upkeep
|turn|33
|
|t:|1727977220
|move|p1a: Gengar|Thunderbolt|p2a: PayDay
|-supereffective|p2a: PayDay
|-damage|p2a: PayDay|0 fnt
|faint|p2a: PayDay
|
|t:|1727977225
|switch|p2a: Electro|Zapdos|82/100
|
|-weather|Sandstorm|[upkeep]
|-damage|p1a: Gengar|65/100|[from] Sandstorm
|-damage|p2a: Electro|75/100|[from] Sandstorm
|-heal|p1a: Gengar|71/100|[from] item: Leftovers
|-heal|p2a: Electro|82/100|[from] item: Leftovers
|upkeep
|turn|34
|
|t:|1727977230
|move|p1a: Gengar|Thunderbolt|p2a: Electro
|-damage|p2a: Electro|52/100
|move|p2a: Electro|Thunderbolt|p1a: Gengar
|-damage|p1a: Gengar|7/100
|
|-weather|Sandstorm|[upkeep]
|-damage|p1a: Gengar|0 fnt|[from] Sandstorm
|-damage|p2a: Electro|46/100|[from] Sandstorm
|faint|p1a: Gengar
|-heal|p2a: Electro|52/100|[from] item: Leftovers
|upkeep
|
|t:|1727977237
|switch|p1a: Swampert|Swampert, F|82/100
|-damage|p1a: Swampert|57/100|[from] Spikes
|turn|35
|
|t:|1727977243
|move|p2a: Electro|Toxic|p1a: Swampert|[miss]
|-miss|p2a: Electro|p1a: Swampert
|move|p1a: Swampert|Ice Beam|p2a: Electro
|-supereffective|p2a: Electro
|-damage|p2a: Electro|13/100
|
|-weather|Sandstorm|[upkeep]
|-damage|p2a: Electro|7/100|[from] Sandstorm
|-heal|p2a: Electro|13/100|[from] item: Leftovers
|-heal|p1a: Swampert|63/100|[from] item: Leftovers
|upkeep
|turn|36
|
|t:|1727977249
|move|p2a: Electro|Toxic|p1a: Swampert
|-status|p1a: Swampert|tox
|move|p1a: Swampert|Ice Beam|p2a: Electro
|-supereffective|p2a: Electro
|-crit|p2a: Electro
|-damage|p2a: Electro|0 fnt
|faint|p2a: Electro
|
|t:|1727977252
|switch|p2a: Darkhar|Gengar, M|100/100
|
|-weather|Sandstorm|[upkeep]
|-damage|p2a: Darkhar|95/100|[from] Sandstorm
|-heal|p2a: Darkhar|100/100|[from] item: Leftovers
|-heal|p1a: Swampert|69/100 tox|[from] item: Leftovers
|-damage|p1a: Swampert|63/100 tox|[from] psn
|upkeep
|turn|37
|
|t:|1727977255
|move|p2a: Darkhar|Giga Drain|p1a: Swampert
|-supereffective|p1a: Swampert
|-damage|p1a: Swampert|0 fnt
|faint|p1a: Swampert
|
|t:|1727977258
|switch|p1a: Skarmory|Skarmory, F|100/100
|
|-weather|Sandstorm|[upkeep]
|-damage|p2a: Darkhar|95/100|[from] Sandstorm
|-heal|p2a: Darkhar|100/100|[from] item: Leftovers
|upkeep
|turn|38
|c|☆RoomTemperatureIVs|ggs
|c|☆DarthTyros|gg
|-message|RoomTemperatureIVs forfeited.
|
|win|DarthTyros
|player|p1|

</script>
<script type="application/json" class="data" id="replaydata-smogtours-gen3ou-794271">
{"id":"smogtours-gen3ou-794271","format":"[Gen 3] OU","players":["RoomTemperatureIVs","DarthTyros"],"uploadtime":1727977273,"views":170,"formatid":"gen3ou","rating":null,"private":0,"password":null}
</script>

<script defer src="js/replays.js?9d40a366"></script>
