<!DOCTYPE html>
<meta charset="utf-8" />
<meta name="viewport" content="width=device-width" />

<title>[Gen 3] OU: siummmette vs. Jnho - Replays - Pok&eacute;mon Showdown!</title>

<meta name="description" content="Watch a replay of a Pok&eacute;mon battle between siummmette and Jnho! Format: [Gen 3] OU; Date: Oct 10, 2024" />
<!--

Hey, you! Looking in the source for the replay log?

You can find them in JSON format, just add `.json` at the end of a replay URL.

https://replay.pokemonshowdown.com/gen7randomdoublesbattle-865046831.json

Or, if you only need the log itself, add `.log` instead:

https://replay.pokemonshowdown.com/gen7randomdoublesbattle-865046831.log

-->

<link rel="stylesheet" href="//pokemonshowdown.com/style/global.css?0.023195364461161105" />
<link rel="stylesheet" href="//play.pokemonshowdown.com/style/font-awesome.css?0.13261647063804238" />
<link rel="stylesheet" href="//play.pokemonshowdown.com/style/battle.css?0.8753245789963631" />
<link rel="stylesheet" href="//play.pokemonshowdown.com/style/utilichart.css?0.8627959624976733" />

<!-- Global site tag (gtag.js) - Google Analytics -->
<script async src="https://www.googletagmanager.com/gtag/js?id=UA-26211653-1"></script>
<script>
  window.dataLayer = window.dataLayer || [];
  function gtag(){dataLayer.push(arguments);}
  gtag('js', new Date());

  gtag('config', 'UA-26211653-1');
</script>
<!-- End Google Analytics -->
<!-- Venatus Ad Manager - Install in <HEAD> of page -->
	<script src="https://hb.vntsm.com/v3/live/ad-manager.min.js" type="text/javascript" data-site-id="642aba63ec9a7b11c3c9c1be" data-mode="scan" async></script>
<!-- / Venatus Ad Manager -->

<style>
	@media (max-width:820px) {
		.battle {
			margin: 0 auto;
		}
		.battle-log {
			margin: 7px auto 0;
			max-width: 640px;
			height: 300px;
			position: static;
		}
	}
	.optgroup {
		display: inline-block;
		line-height: 22px;
		font-size: 10pt;
	}
	.optgroup .button {
		height: 25px;
		padding-top: 0;
		padding-bottom: 0;
	}
	.optgroup button.button {
		padding-left: 12px;
		padding-right: 12px;
	}
	.linklist {
		list-style: none;
		margin: 0.5em 0;
		padding: 0;
	}
	.linklist li {
		padding: 2px 0;
	}
	.sidebar {
		float: left;
		width: 320px;
	}
	.bar-wrapper {
		max-width: 1100px;
		margin: 0 auto;
	}
	.bar-wrapper.has-sidebar {
		max-width: 1430px;
	}
	.mainbar {
		margin: 0;
		padding-right: 1px;
	}
	.mainbar.has-sidebar {
		margin-left: 330px;
	}
	@media (min-width: 1511px) {
		.sidebar {
			width: 400px;
		}
		.bar-wrapper.has-sidebar {
			max-width: 1510px;
		}
		.mainbar.has-sidebar {
			margin-left: 410px;
		}
	}
	.section.first-section {
		margin-top: 9px;
	}
	.blocklink small {
		white-space: normal;
	}
	.button {
		vertical-align: middle;
	}
	.replay-controls {
		padding-top: 10px;
	}
	.replay-controls h1 {
		font-size: 16pt;
		font-weight: normal;
		color: #CCC;
	}
	.pagelink {
		text-align: center;
	}
	.pagelink a {
		width: 150px;
	}
	.textbox, .button {
		font-size: 11pt;
		vertical-align: middle;
	}
	@media (max-width: 450px) {
		.button {
			font-size: 9pt;
		}
	}
</style>

<div>

	<header>
		<div class="nav-wrapper"><ul class="nav">
			<li><a class="button nav-first" href="//pokemonshowdown.com/"><img src="//pokemonshowdown.com/images/pokemonshowdownbeta.png" srcset="//pokemonshowdown.com/images/pokemonshowdownbeta.png 1x, //pokemonshowdown.com/images/pokemonshowdownbeta@2x.png 2x" alt="Pok&eacute;mon Showdown" width="146" height="44" /> Home</a></li>
			<li><a class="button" href="//pokemonshowdown.com/dex/">Pok&eacute;dex</a></li>
			<li><a class="button cur" href="/">Replays</a></li>
			<li><a class="button" href="//pokemonshowdown.com/ladder/">Ladder</a></li>
			<li><a class="button nav-last" href="//pokemonshowdown.com/forums/">Forum</a></li>
			<li><a class="button greenbutton nav-first nav-last" href="//play.pokemonshowdown.com/">Play</a></li>
		</ul></div>
	</header>

	<div class="main" id="main">

		<noscript><section class="section">You need to enable JavaScript to use this page; sorry!</section></noscript>

	</div>

</div>

<script defer nomodule src="//play.pokemonshowdown.com/js/lib/ps-polyfill.js"></script>
<script defer src="//play.pokemonshowdown.com/js/lib/preact.min.js"></script>

<script defer src="//play.pokemonshowdown.com/config/config.js?2bddbc15"></script>
<script defer src="//play.pokemonshowdown.com/js/lib/jquery-1.11.0.min.js"></script>
<script defer src="//play.pokemonshowdown.com/js/lib/html-sanitizer-minified.js"></script>
<script defer src="//play.pokemonshowdown.com/js/battle-sound.js"></script>
<script defer src="//play.pokemonshowdown.com/js/battledata.js?0.7209276989879541"></script>
<script defer src="//play.pokemonshowdown.com/data/pokedex-mini.js?0.6111056340867951"></script>
<script defer src="//play.pokemonshowdown.com/data/pokedex-mini-bw.js?0.3532142036491459"></script>
<script defer src="//play.pokemonshowdown.com/data/graphics.js?0.24223875632456182"></script>
<script defer src="//play.pokemonshowdown.com/data/pokedex.js?0.38839984266356864"></script>
<script defer src="//play.pokemonshowdown.com/data/moves.js?0.21866028504024015"></script>
<script defer src="//play.pokemonshowdown.com/data/abilities.js?0.2005157953846628"></script>
<script defer src="//play.pokemonshowdown.com/data/items.js?0.9894211263848525"></script>
<script defer src="//play.pokemonshowdown.com/data/teambuilder-tables.js?0.6008791140282215"></script>
<script defer src="//play.pokemonshowdown.com/js/battle-tooltips.js?0.7580118955022959"></script>
<script defer src="//play.pokemonshowdown.com/js/battle.js?0.6057722274234274"></script>

<script defer src="js/utils.js?e31f9a17"></script>
<script defer src="js/replays-battle.js?7008c182"></script>

<!-- don't scrape this data! just add .json or .log after the URL!
Full API docs: https://github.com/smogon/pokemon-showdown-client/blob/master/WEB-API.md -->
<script type="text/plain" class="log" id="replaylog-smogtours-gen3ou-796948">
|inactive|Battle timer is ON: inactive players will automatically lose when time's up.
|t:|1728583896
|gametype|singles
|player|p1|siummmette|265|
|player|p2|Jnho|caitlin|
|teamsize|p1|6
|teamsize|p2|6
|gen|3
|tier|[Gen 3] OU
|rule|Sleep Clause Mod: Limit one foe put to sleep
|rule|Switch Priority Clause Mod: Faster Pokémon switch first
|rule|Species Clause: Limit one of each Pokémon
|rule|OHKO Clause: OHKO moves are banned
|rule|Evasion Items Clause: Evasion items are banned
|rule|Evasion Moves Clause: Evasion moves are banned
|rule|Endless Battle Clause: Forcing endless battles is banned
|rule|HP Percentage Mod: HP is shown in percentages
|rule|One Boost Passer Clause: Limit one Baton Passer that has a way to boost its stats
|rule|Freeze Clause Mod: Limit one foe frozen
|
|t:|1728583896
|start
|switch|p1a: Skarmory|Skarmory, M|100/100
|switch|p2a: Metagross|Metagross|100/100
|turn|1
|
|t:|1728583903
|move|p1a: Skarmory|Protect|p1a: Skarmory
|-singleturn|p1a: Skarmory|Protect
|move|p2a: Metagross|Explosion|p1a: Skarmory
|-activate|p1a: Skarmory|Protect
|faint|p2a: Metagross
|
|t:|1728583906
|switch|p2a: Magneton|Magneton|100/100
|
|upkeep
|turn|2
|
|t:|1728583911
|move|p2a: Magneton|Thunderbolt|p1a: Skarmory
|-supereffective|p1a: Skarmory
|-damage|p1a: Skarmory|11/100
|move|p1a: Skarmory|Spikes|p2a: Magneton
|-sidestart|p2: Jnho|Spikes
|
|-heal|p1a: Skarmory|17/100|[from] item: Leftovers
|upkeep
|turn|3
|
|t:|1728583916
|move|p2a: Magneton|Thunderbolt|p1a: Skarmory
|-supereffective|p1a: Skarmory
|-damage|p1a: Skarmory|0 fnt
|faint|p1a: Skarmory
|
|t:|1728583921
|switch|p1a: Dugtrio|Dugtrio, M|100/100
|
|upkeep
|turn|4
|
|t:|1728583924
|move|p2a: Magneton|Endure|p2a: Magneton
|-singleturn|p2a: Magneton|move: Endure
|move|p1a: Dugtrio|Earthquake|p2a: Magneton
|-supereffective|p2a: Magneton
|-activate|p2a: Magneton|move: Endure
|-damage|p2a: Magneton|1/100
|
|-enditem|p2a: Magneton|Salac Berry|[eat]
|-boost|p2a: Magneton|spe|1|[from] item: Salac Berry
|upkeep
|turn|5
|
|t:|1728583929
|switch|p1a: Blissey|Blissey, F|100/100
|move|p2a: Magneton|Hidden Power|p1a: Blissey
|-damage|p1a: Blissey|91/100
|
|-heal|p1a: Blissey|97/100|[from] item: Leftovers
|upkeep
|turn|6
|
|t:|1728583933
|move|p2a: Magneton|Thunderbolt|p1a: Blissey
|-damage|p1a: Blissey|79/100
|move|p1a: Blissey|Calm Mind|p1a: Blissey
|-boost|p1a: Blissey|spa|1
|-boost|p1a: Blissey|spd|1
|
|-heal|p1a: Blissey|85/100|[from] item: Leftovers
|upkeep
|turn|7
|
|t:|1728583937
|switch|p2a: Celebi|Celebi|100/100
|-damage|p2a: Celebi|88/100|[from] Spikes
|move|p1a: Blissey|Calm Mind|p1a: Blissey
|-boost|p1a: Blissey|spa|1
|-boost|p1a: Blissey|spd|1
|
|-heal|p2a: Celebi|94/100|[from] item: Leftovers
|-heal|p1a: Blissey|91/100|[from] item: Leftovers
|upkeep
|turn|8
|
|t:|1728583942
|move|p2a: Celebi|Leech Seed|p1a: Blissey
|-start|p1a: Blissey|move: Leech Seed
|move|p1a: Blissey|Ice Beam|p2a: Celebi
|-supereffective|p2a: Celebi
|-damage|p2a: Celebi|14/100
|
|-heal|p2a: Celebi|20/100|[from] item: Leftovers
|-heal|p1a: Blissey|97/100|[from] item: Leftovers
|-damage|p1a: Blissey|85/100|[from] Leech Seed|[of] p2a: Celebi
|-heal|p2a: Celebi|40/100|[silent]
|upkeep
|turn|9
|
|t:|1728583951
|switch|p2a: Snorlax|Snorlax, F|100/100
|-damage|p2a: Snorlax|88/100|[from] Spikes
|move|p1a: Blissey|Ice Beam|p2a: Snorlax
|-damage|p2a: Snorlax|74/100
|
|-heal|p1a: Blissey|91/100|[from] item: Leftovers
|-damage|p1a: Blissey|79/100|[from] Leech Seed|[of] p2a: Snorlax
|-heal|p2a: Snorlax|92/100|[silent]
|upkeep
|turn|10
|
|t:|1728583955
|switch|p1a: Sableye|Sableye, M|100/100
|move|p2a: Snorlax|Earthquake|p1a: Sableye
|-damage|p1a: Sableye|49/100
|
|-heal|p1a: Sableye|55/100|[from] item: Leftovers
|upkeep
|turn|11
|
|t:|1728583960
|switch|p2a: Magneton|Magneton|1/100
|-damage|p2a: Magneton|0 fnt|[from] Spikes
|faint|p2a: Magneton
|
|t:|1728583963
|switch|p2a: Tyranitar|Tyranitar, F|100/100
|-damage|p2a: Tyranitar|88/100|[from] Spikes
|-weather|Sandstorm|[from] ability: Sand Stream|[of] p2a: Tyranitar
|
|-weather|Sandstorm|[upkeep]
|-damage|p1a: Sableye|49/100|[from] Sandstorm
|-heal|p1a: Sableye|55/100|[from] item: Leftovers
|upkeep
|turn|12
|
|t:|1728583972
|switch|p1a: Milotic|Milotic, M|100/100
|move|p2a: Tyranitar|Dragon Dance|p2a: Tyranitar
|-boost|p2a: Tyranitar|atk|1
|-boost|p2a: Tyranitar|spe|1
|
|-weather|Sandstorm|[upkeep]
|-damage|p1a: Milotic|94/100|[from] Sandstorm
|-heal|p1a: Milotic|100/100|[from] item: Leftovers
|upkeep
|turn|13
|
|t:|1728583979
|move|p2a: Tyranitar|Rock Slide|p1a: Milotic
|-damage|p1a: Milotic|61/100
|move|p1a: Milotic|Surf|p2a: Tyranitar
|-supereffective|p2a: Tyranitar
|-damage|p2a: Tyranitar|22/100
|
|-weather|Sandstorm|[upkeep]
|-damage|p1a: Milotic|55/100|[from] Sandstorm
|-heal|p1a: Milotic|61/100|[from] item: Leftovers
|upkeep
|turn|14
|
|t:|1728583985
|move|p2a: Tyranitar|Rock Slide|p1a: Milotic
|-damage|p1a: Milotic|18/100
|move|p1a: Milotic|Recover|p1a: Milotic
|-heal|p1a: Milotic|68/100
|
|-weather|Sandstorm|[upkeep]
|-damage|p1a: Milotic|61/100|[from] Sandstorm
|-heal|p1a: Milotic|68/100|[from] item: Leftovers
|upkeep
|turn|15
|
|t:|1728583990
|switch|p1a: Dugtrio|Dugtrio, M|100/100
|move|p2a: Tyranitar|Rock Slide|p1a: Dugtrio
|-resisted|p1a: Dugtrio
|-damage|p1a: Dugtrio|13/100
|
|-weather|Sandstorm|[upkeep]
|upkeep
|turn|16
|
|t:|1728583994
|move|p1a: Dugtrio|Earthquake|p2a: Tyranitar
|-supereffective|p2a: Tyranitar
|-damage|p2a: Tyranitar|0 fnt
|faint|p2a: Tyranitar
|
|t:|1728583998
|switch|p2a: Salamence|Salamence, M|100/100
|-ability|p2a: Salamence|Intimidate|boost
|-unboost|p1a: Dugtrio|atk|1
|
|-weather|Sandstorm|[upkeep]
|-damage|p2a: Salamence|94/100|[from] Sandstorm
|-heal|p2a: Salamence|100/100|[from] item: Leftovers
|upkeep
|turn|17
|
|t:|1728584004
|switch|p1a: Claydol|Claydol|100/100
|move|p2a: Salamence|Hidden Power|p1a: Claydol
|-damage|p1a: Claydol|66/100
|
|-weather|Sandstorm|[upkeep]
|-damage|p2a: Salamence|94/100|[from] Sandstorm
|-heal|p2a: Salamence|100/100|[from] item: Leftovers
|-heal|p1a: Claydol|72/100|[from] item: Leftovers
|upkeep
|turn|18
|
|t:|1728584012
|switch|p2a: Celebi|Celebi|40/100
|-damage|p2a: Celebi|28/100|[from] Spikes
|move|p1a: Claydol|Psychic|p2a: Celebi
|-resisted|p2a: Celebi
|-damage|p2a: Celebi|17/100
|
|-weather|Sandstorm|[upkeep]
|-damage|p2a: Celebi|11/100|[from] Sandstorm
|-heal|p2a: Celebi|17/100|[from] item: Leftovers
|-heal|p1a: Claydol|78/100|[from] item: Leftovers
|upkeep
|turn|19
|
|t:|1728584019
|move|p2a: Celebi|Leech Seed|p1a: Claydol
|-start|p1a: Claydol|move: Leech Seed
|move|p1a: Claydol|Explosion|p2a: Celebi
|-damage|p2a: Celebi|0 fnt
|faint|p1a: Claydol
|faint|p2a: Celebi
|
|t:|1728584028
|switch|p2a: Snorlax|Snorlax, F|92/100
|switch|p1a: Sableye|Sableye, M|55/100
|-damage|p2a: Snorlax|79/100|[from] Spikes
|
|-weather|Sandstorm|[upkeep]
|-damage|p1a: Sableye|49/100|[from] Sandstorm
|-damage|p2a: Snorlax|73/100|[from] Sandstorm
|-heal|p1a: Sableye|55/100|[from] item: Leftovers
|upkeep
|turn|20
|
|t:|1728584032
|move|p1a: Sableye|Knock Off|p2a: Snorlax
|-crit|p2a: Snorlax
|-damage|p2a: Snorlax|66/100
|-enditem|p2a: Snorlax|Choice Band|[from] move: Knock Off|[of] p1a: Sableye
|-hint|In Gens 3-4, Knock Off only makes the target's item unusable; it cannot obtain a new item.
|move|p2a: Snorlax|Earthquake|p1a: Sableye
|-damage|p1a: Sableye|20/100
|
|-weather|Sandstorm|[upkeep]
|-damage|p1a: Sableye|14/100|[from] Sandstorm
|-damage|p2a: Snorlax|60/100|[from] Sandstorm
|-heal|p1a: Sableye|20/100|[from] item: Leftovers
|upkeep
|turn|21
|
|t:|1728584038
|move|p1a: Sableye|Recover|p1a: Sableye
|-heal|p1a: Sableye|70/100
|move|p2a: Snorlax|Earthquake|p1a: Sableye
|-damage|p1a: Sableye|35/100
|
|-weather|Sandstorm|[upkeep]
|-damage|p1a: Sableye|29/100|[from] Sandstorm
|-damage|p2a: Snorlax|54/100|[from] Sandstorm
|-heal|p1a: Sableye|35/100|[from] item: Leftovers
|upkeep
|turn|22
|
|t:|1728584044
|switch|p2a: Salamence|Salamence, M|100/100
|-ability|p2a: Salamence|Intimidate|boost
|-unboost|p1a: Sableye|atk|1
|move|p1a: Sableye|Recover|p1a: Sableye
|-heal|p1a: Sableye|85/100
|
|-weather|Sandstorm|[upkeep]
|-damage|p2a: Salamence|94/100|[from] Sandstorm
|-damage|p1a: Sableye|79/100|[from] Sandstorm
|-heal|p2a: Salamence|100/100|[from] item: Leftovers
|-heal|p1a: Sableye|85/100|[from] item: Leftovers
|upkeep
|turn|23
|
|t:|1728584048
|move|p2a: Salamence|Dragon Dance|p2a: Salamence
|-boost|p2a: Salamence|atk|1
|-boost|p2a: Salamence|spe|1
|move|p1a: Sableye|Knock Off|p2a: Salamence
|-damage|p2a: Salamence|95/100
|-enditem|p2a: Salamence|Leftovers|[from] move: Knock Off|[of] p1a: Sableye
|
|-weather|Sandstorm|[upkeep]
|-damage|p2a: Salamence|89/100|[from] Sandstorm
|-damage|p1a: Sableye|79/100|[from] Sandstorm
|-heal|p1a: Sableye|85/100|[from] item: Leftovers
|upkeep
|turn|24
|
|t:|1728584060
|move|p2a: Salamence|Dragon Dance|p2a: Salamence
|-boost|p2a: Salamence|atk|1
|-boost|p2a: Salamence|spe|1
|move|p1a: Sableye|Seismic Toss|p2a: Salamence
|-damage|p2a: Salamence|59/100
|
|-weather|Sandstorm|[upkeep]
|-damage|p2a: Salamence|52/100|[from] Sandstorm
|-damage|p1a: Sableye|79/100|[from] Sandstorm
|-heal|p1a: Sableye|85/100|[from] item: Leftovers
|upkeep
|turn|25
|
|t:|1728584070
|move|p2a: Salamence|Hidden Power|p1a: Sableye
|-damage|p1a: Sableye|14/100
|move|p1a: Sableye|Seismic Toss|p2a: Salamence
|-damage|p2a: Salamence|22/100
|
|-weather|Sandstorm|[upkeep]
|-damage|p2a: Salamence|16/100|[from] Sandstorm
|-damage|p1a: Sableye|8/100|[from] Sandstorm
|-heal|p1a: Sableye|14/100|[from] item: Leftovers
|upkeep
|turn|26
|
|t:|1728584078
|move|p2a: Salamence|Hidden Power|p1a: Sableye
|-damage|p1a: Sableye|0 fnt
|faint|p1a: Sableye
|
|t:|1728584082
|switch|p1a: Dugtrio|Dugtrio, M|13/100
|
|-weather|Sandstorm|[upkeep]
|-damage|p2a: Salamence|10/100|[from] Sandstorm
|upkeep
|turn|27
|
|t:|1728584085
|move|p2a: Salamence|Hidden Power|p1a: Dugtrio
|-damage|p1a: Dugtrio|0 fnt
|faint|p1a: Dugtrio
|
|t:|1728584089
|switch|p1a: Blissey|Blissey, F|79/100
|
|-weather|Sandstorm|[upkeep]
|-damage|p2a: Salamence|4/100|[from] Sandstorm
|-damage|p1a: Blissey|73/100|[from] Sandstorm
|-heal|p1a: Blissey|79/100|[from] item: Leftovers
|upkeep
|turn|28
|
|t:|1728584094
|move|p2a: Salamence|Rock Slide|p1a: Blissey
|-damage|p1a: Blissey|23/100
|move|p1a: Blissey|Soft-Boiled|p1a: Blissey
|-heal|p1a: Blissey|73/100
|
|-weather|Sandstorm|[upkeep]
|-damage|p2a: Salamence|0 fnt|[from] Sandstorm
|-damage|p1a: Blissey|67/100|[from] Sandstorm
|faint|p2a: Salamence
|-heal|p1a: Blissey|73/100|[from] item: Leftovers
|upkeep
|
|t:|1728584100
|switch|p2a: Snorlax|Snorlax, F|54/100
|-damage|p2a: Snorlax|42/100|[from] Spikes
|turn|29
|
|t:|1728584104
|move|p1a: Blissey|Calm Mind|p1a: Blissey
|-boost|p1a: Blissey|spa|1
|-boost|p1a: Blissey|spd|1
|move|p2a: Snorlax|Body Slam|p1a: Blissey
|-damage|p1a: Blissey|28/100
|
|-weather|Sandstorm|[upkeep]
|-damage|p1a: Blissey|22/100|[from] Sandstorm
|-damage|p2a: Snorlax|36/100|[from] Sandstorm
|-heal|p1a: Blissey|28/100|[from] item: Leftovers
|upkeep
|turn|30
|
|t:|1728584108
|move|p1a: Blissey|Ice Beam|p2a: Snorlax
|-damage|p2a: Snorlax|23/100
|move|p2a: Snorlax|Body Slam|p1a: Blissey
|-damage|p1a: Blissey|0 fnt
|faint|p1a: Blissey
|
|t:|1728584113
|switch|p1a: Milotic|Milotic, M|68/100
|
|-weather|Sandstorm|[upkeep]
|-damage|p1a: Milotic|61/100|[from] Sandstorm
|-damage|p2a: Snorlax|17/100|[from] Sandstorm
|-heal|p1a: Milotic|68/100|[from] item: Leftovers
|upkeep
|turn|31
|
|t:|1728584117
|move|p1a: Milotic|Recover|p1a: Milotic
|-heal|p1a: Milotic|100/100
|move|p2a: Snorlax|Self-Destruct|p1a: Milotic
|-crit|p1a: Milotic
|-damage|p1a: Milotic|0 fnt
|faint|p2a: Snorlax
|faint|p1a: Milotic
|
|tie
|player|p1|
|c|☆Jnho|g
|c|☆Jnho|g

</script>
<script type="application/json" class="data" id="replaydata-smogtours-gen3ou-796948">
{"id":"smogtours-gen3ou-796948","format":"[Gen 3] OU","players":["siummmette","Jnho"],"uploadtime":1728584117,"views":85,"formatid":"gen3ou","rating":null,"private":0,"password":null}
</script>

<script defer src="js/replays.js?9d40a366"></script>
