<!DOCTYPE html>
<meta charset="utf-8" />
<meta name="viewport" content="width=device-width" />

<title>[Gen 3] OU: TheLargestLad vs. AirPan - Replays - Pok&eacute;mon Showdown!</title>

<meta name="description" content="Watch a replay of a Pok&eacute;mon battle between TheLargestLad and AirPan! Format: [Gen 3] OU; Date: Nov 2, 2024" />
<!--

Hey, you! Looking in the source for the replay log?

You can find them in JSON format, just add `.json` at the end of a replay URL.

https://replay.pokemonshowdown.com/gen7randomdoublesbattle-865046831.json

Or, if you only need the log itself, add `.log` instead:

https://replay.pokemonshowdown.com/gen7randomdoublesbattle-865046831.log

-->

<link rel="stylesheet" href="//pokemonshowdown.com/style/global.css?0.023195364461161105" />
<link rel="stylesheet" href="//play.pokemonshowdown.com/style/font-awesome.css?0.13261647063804238" />
<link rel="stylesheet" href="//play.pokemonshowdown.com/style/battle.css?0.8753245789963631" />
<link rel="stylesheet" href="//play.pokemonshowdown.com/style/utilichart.css?0.8627959624976733" />

<!-- Global site tag (gtag.js) - Google Analytics -->
<script async src="https://www.googletagmanager.com/gtag/js?id=UA-26211653-1"></script>
<script>
  window.dataLayer = window.dataLayer || [];
  function gtag(){dataLayer.push(arguments);}
  gtag('js', new Date());

  gtag('config', 'UA-26211653-1');
</script>
<!-- End Google Analytics -->
<!-- Venatus Ad Manager - Install in <HEAD> of page -->
	<script src="https://hb.vntsm.com/v3/live/ad-manager.min.js" type="text/javascript" data-site-id="642aba63ec9a7b11c3c9c1be" data-mode="scan" async></script>
<!-- / Venatus Ad Manager -->

<style>
	@media (max-width:820px) {
		.battle {
			margin: 0 auto;
		}
		.battle-log {
			margin: 7px auto 0;
			max-width: 640px;
			height: 300px;
			position: static;
		}
	}
	.optgroup {
		display: inline-block;
		line-height: 22px;
		font-size: 10pt;
	}
	.optgroup .button {
		height: 25px;
		padding-top: 0;
		padding-bottom: 0;
	}
	.optgroup button.button {
		padding-left: 12px;
		padding-right: 12px;
	}
	.linklist {
		list-style: none;
		margin: 0.5em 0;
		padding: 0;
	}
	.linklist li {
		padding: 2px 0;
	}
	.sidebar {
		float: left;
		width: 320px;
	}
	.bar-wrapper {
		max-width: 1100px;
		margin: 0 auto;
	}
	.bar-wrapper.has-sidebar {
		max-width: 1430px;
	}
	.mainbar {
		margin: 0;
		padding-right: 1px;
	}
	.mainbar.has-sidebar {
		margin-left: 330px;
	}
	@media (min-width: 1511px) {
		.sidebar {
			width: 400px;
		}
		.bar-wrapper.has-sidebar {
			max-width: 1510px;
		}
		.mainbar.has-sidebar {
			margin-left: 410px;
		}
	}
	.section.first-section {
		margin-top: 9px;
	}
	.blocklink small {
		white-space: normal;
	}
	.button {
		vertical-align: middle;
	}
	.replay-controls {
		padding-top: 10px;
	}
	.replay-controls h1 {
		font-size: 16pt;
		font-weight: normal;
		color: #CCC;
	}
	.pagelink {
		text-align: center;
	}
	.pagelink a {
		width: 150px;
	}
	.textbox, .button {
		font-size: 11pt;
		vertical-align: middle;
	}
	@media (max-width: 450px) {
		.button {
			font-size: 9pt;
		}
	}
</style>

<div>

	<header>
		<div class="nav-wrapper"><ul class="nav">
			<li><a class="button nav-first" href="//pokemonshowdown.com/"><img src="//pokemonshowdown.com/images/pokemonshowdownbeta.png" srcset="//pokemonshowdown.com/images/pokemonshowdownbeta.png 1x, //pokemonshowdown.com/images/pokemonshowdownbeta@2x.png 2x" alt="Pok&eacute;mon Showdown" width="146" height="44" /> Home</a></li>
			<li><a class="button" href="//pokemonshowdown.com/dex/">Pok&eacute;dex</a></li>
			<li><a class="button cur" href="/">Replays</a></li>
			<li><a class="button" href="//pokemonshowdown.com/ladder/">Ladder</a></li>
			<li><a class="button nav-last" href="//pokemonshowdown.com/forums/">Forum</a></li>
			<li><a class="button greenbutton nav-first nav-last" href="//play.pokemonshowdown.com/">Play</a></li>
		</ul></div>
	</header>

	<div class="main" id="main">

		<noscript><section class="section">You need to enable JavaScript to use this page; sorry!</section></noscript>

	</div>

</div>

<script defer nomodule src="//play.pokemonshowdown.com/js/lib/ps-polyfill.js"></script>
<script defer src="//play.pokemonshowdown.com/js/lib/preact.min.js"></script>

<script defer src="//play.pokemonshowdown.com/config/config.js?2bddbc15"></script>
<script defer src="//play.pokemonshowdown.com/js/lib/jquery-1.11.0.min.js"></script>
<script defer src="//play.pokemonshowdown.com/js/lib/html-sanitizer-minified.js"></script>
<script defer src="//play.pokemonshowdown.com/js/battle-sound.js"></script>
<script defer src="//play.pokemonshowdown.com/js/battledata.js?0.7209276989879541"></script>
<script defer src="//play.pokemonshowdown.com/data/pokedex-mini.js?0.6111056340867951"></script>
<script defer src="//play.pokemonshowdown.com/data/pokedex-mini-bw.js?0.3532142036491459"></script>
<script defer src="//play.pokemonshowdown.com/data/graphics.js?0.24223875632456182"></script>
<script defer src="//play.pokemonshowdown.com/data/pokedex.js?0.38839984266356864"></script>
<script defer src="//play.pokemonshowdown.com/data/moves.js?0.21866028504024015"></script>
<script defer src="//play.pokemonshowdown.com/data/abilities.js?0.2005157953846628"></script>
<script defer src="//play.pokemonshowdown.com/data/items.js?0.9894211263848525"></script>
<script defer src="//play.pokemonshowdown.com/data/teambuilder-tables.js?0.6008791140282215"></script>
<script defer src="//play.pokemonshowdown.com/js/battle-tooltips.js?0.7580118955022959"></script>
<script defer src="//play.pokemonshowdown.com/js/battle.js?0.6057722274234274"></script>

<script defer src="js/utils.js?e31f9a17"></script>
<script defer src="js/replays-battle.js?7008c182"></script>

<!-- don't scrape this data! just add .json or .log after the URL!
Full API docs: https://github.com/smogon/pokemon-showdown-client/blob/master/WEB-API.md -->
<script type="text/plain" class="log" id="replaylog-smogtours-gen3ou-804066">
|inactive|Battle timer is ON: inactive players will automatically lose when time's up.
|t:|1730574384
|gametype|singles
|player|p1|TheLargestLad|wattson|
|player|p2|AirPan|mars|
|teamsize|p1|6
|teamsize|p2|6
|gen|3
|tier|[Gen 3] OU
|rule|Sleep Clause Mod: Limit one foe put to sleep
|rule|Switch Priority Clause Mod: Faster Pokémon switch first
|rule|Species Clause: Limit one of each Pokémon
|rule|OHKO Clause: OHKO moves are banned
|rule|Evasion Items Clause: Evasion items are banned
|rule|Evasion Moves Clause: Evasion moves are banned
|rule|Endless Battle Clause: Forcing endless battles is banned
|rule|HP Percentage Mod: HP is shown in percentages
|rule|One Boost Passer Clause: Limit one Baton Passer that has a way to boost its stats
|rule|Freeze Clause Mod: Limit one foe frozen
|
|t:|1730574384
|start
|switch|p1a: SogDog|Suicune|100/100
|switch|p2a: Tyranitar|Tyranitar, M|100/100
|-weather|Sandstorm|[from] ability: Sand Stream|[of] p2a: Tyranitar
|turn|1
|inactive|AirPan has 270 seconds left.
|
|t:|1730574437
|move|p2a: Tyranitar|Rock Slide|p1a: SogDog
|-damage|p1a: SogDog|42/100
|move|p1a: SogDog|Roar|p2a: Tyranitar
|drag|p2a: Gengar|Gengar, F|100/100
|
|-weather|Sandstorm|[upkeep]
|-damage|p2a: Gengar|94/100|[from] Sandstorm
|-damage|p1a: SogDog|36/100|[from] Sandstorm
|-heal|p2a: Gengar|100/100|[from] item: Leftovers
|-heal|p1a: SogDog|42/100|[from] item: Leftovers
|upkeep
|turn|2
|
|t:|1730574452
|switch|p1a: Starbaby|Jirachi|100/100
|move|p2a: Gengar|Giga Drain|p1a: Starbaby
|-resisted|p1a: Starbaby
|-damage|p1a: Starbaby|93/100
|
|-weather|Sandstorm|[upkeep]
|-damage|p2a: Gengar|94/100|[from] Sandstorm
|-heal|p2a: Gengar|100/100|[from] item: Leftovers
|-heal|p1a: Starbaby|99/100|[from] item: Leftovers
|upkeep
|turn|3
|
|t:|1730574462
|switch|p2a: Tyranitar|Tyranitar, M|100/100
|move|p1a: Starbaby|Thunderbolt|p2a: Tyranitar
|-damage|p2a: Tyranitar|76/100
|
|-weather|Sandstorm|[upkeep]
|-heal|p1a: Starbaby|100/100|[from] item: Leftovers
|upkeep
|turn|4
|
|t:|1730574478
|move|p1a: Starbaby|Substitute|p1a: Starbaby
|-start|p1a: Starbaby|Substitute
|-damage|p1a: Starbaby|75/100
|move|p2a: Tyranitar|Earthquake|p1a: Starbaby
|-supereffective|p1a: Starbaby
|-end|p1a: Starbaby|Substitute
|
|-weather|Sandstorm|[upkeep]
|-heal|p1a: Starbaby|82/100|[from] item: Leftovers
|upkeep
|turn|5
|
|t:|1730574486
|switch|p1a: Big Jimmy|Salamence, F|100/100
|-ability|p1a: Big Jimmy|Intimidate|boost
|-unboost|p2a: Tyranitar|atk|1
|move|p2a: Tyranitar|Earthquake|p1a: Big Jimmy
|-immune|p1a: Big Jimmy
|
|-weather|Sandstorm|[upkeep]
|-damage|p1a: Big Jimmy|94/100|[from] Sandstorm
|-heal|p1a: Big Jimmy|100/100|[from] item: Leftovers
|upkeep
|turn|6
|inactive|AirPan has 270 seconds left.
|
|t:|1730574521
|switch|p2a: Gengar|Gengar, F|100/100
|move|p1a: Big Jimmy|Dragon Claw|p2a: Gengar
|-damage|p2a: Gengar|45/100
|
|-weather|Sandstorm|[upkeep]
|-damage|p2a: Gengar|39/100|[from] Sandstorm
|-damage|p1a: Big Jimmy|94/100|[from] Sandstorm
|-heal|p2a: Gengar|45/100|[from] item: Leftovers
|-heal|p1a: Big Jimmy|100/100|[from] item: Leftovers
|upkeep
|turn|7
|
|t:|1730574532
|switch|p1a: Starbaby|Jirachi|82/100
|move|p2a: Gengar|Ice Punch|p1a: Starbaby
|-resisted|p1a: Starbaby
|-damage|p1a: Starbaby|73/100
|
|-weather|Sandstorm|[upkeep]
|-damage|p2a: Gengar|39/100|[from] Sandstorm
|-heal|p2a: Gengar|45/100|[from] item: Leftovers
|-heal|p1a: Starbaby|79/100|[from] item: Leftovers
|upkeep
|turn|8
|
|t:|1730574545
|switch|p2a: Magneton|Magneton|100/100
|move|p1a: Starbaby|Ice Punch|p2a: Magneton
|-resisted|p2a: Magneton
|-damage|p2a: Magneton|83/100
|
|-weather|Sandstorm|[upkeep]
|-heal|p1a: Starbaby|85/100|[from] item: Leftovers
|upkeep
|turn|9
|
|t:|1730574550
|move|p1a: Starbaby|Ice Punch|p2a: Magneton
|-resisted|p2a: Magneton
|-damage|p2a: Magneton|64/100
|move|p2a: Magneton|Thunder Wave|p1a: Starbaby
|-status|p1a: Starbaby|par
|
|-weather|Sandstorm|[upkeep]
|-heal|p1a: Starbaby|91/100 par|[from] item: Leftovers
|upkeep
|turn|10
|
|t:|1730574555
|move|p2a: Magneton|Thunderbolt|p1a: Starbaby
|-damage|p1a: Starbaby|40/100 par
|move|p1a: Starbaby|Ice Punch|p2a: Magneton
|-resisted|p2a: Magneton
|-damage|p2a: Magneton|45/100
|
|-weather|Sandstorm|[upkeep]
|-heal|p1a: Starbaby|46/100 par|[from] item: Leftovers
|upkeep
|turn|11
|
|t:|1730574560
|move|p2a: Magneton|Thunderbolt|p1a: Starbaby
|-damage|p1a: Starbaby|0 fnt
|faint|p1a: Starbaby
|
|t:|1730574565
|switch|p1a: The Onyon|Celebi|100/100
|
|-weather|Sandstorm|[upkeep]
|-damage|p1a: The Onyon|94/100|[from] Sandstorm
|-heal|p1a: The Onyon|100/100|[from] item: Leftovers
|upkeep
|turn|12
|
|t:|1730574586
|switch|p2a: Aerodactyl|Aerodactyl, M|100/100
|move|p1a: The Onyon|Calm Mind|p1a: The Onyon
|-boost|p1a: The Onyon|spa|1
|-boost|p1a: The Onyon|spd|1
|
|-weather|Sandstorm|[upkeep]
|-damage|p1a: The Onyon|94/100|[from] Sandstorm
|-heal|p1a: The Onyon|100/100|[from] item: Leftovers
|upkeep
|turn|13
|
|t:|1730574590
|switch|p1a: Venus|Cradily, F, shiny|100/100
|move|p2a: Aerodactyl|Hidden Power|p1a: Venus
|-damage|p1a: Venus|59/100
|
|-weather|Sandstorm|[upkeep]
|-heal|p1a: Venus|65/100|[from] item: Leftovers
|upkeep
|turn|14
|
|t:|1730574598
|switch|p2a: Magneton|Magneton|45/100
|move|p1a: Venus|Giga Drain|p2a: Magneton
|-resisted|p2a: Magneton
|-crit|p2a: Magneton
|-damage|p2a: Magneton|0 fnt
|-heal|p1a: Venus|79/100|[from] drain|[of] p2a: Magneton
|faint|p2a: Magneton
|
|t:|1730574610
|switch|p2a: Skarmory|Skarmory, F|100/100
|
|-weather|Sandstorm|[upkeep]
|-heal|p1a: Venus|86/100|[from] item: Leftovers
|upkeep
|turn|15
|
|t:|1730574615
|move|p2a: Skarmory|Spikes|p1a: Venus
|-sidestart|p1: TheLargestLad|Spikes
|move|p1a: Venus|Hidden Power|p2a: Skarmory
|-supereffective|p2a: Skarmory
|-crit|p2a: Skarmory
|-damage|p2a: Skarmory|30/100
|
|-weather|Sandstorm|[upkeep]
|-heal|p2a: Skarmory|36/100|[from] item: Leftovers
|-heal|p1a: Venus|92/100|[from] item: Leftovers
|upkeep
|turn|16
|
|t:|1730574621
|move|p2a: Skarmory|Toxic|p1a: Venus
|-status|p1a: Venus|tox
|move|p1a: Venus|Hidden Power|p2a: Skarmory
|-supereffective|p2a: Skarmory
|-damage|p2a: Skarmory|4/100
|
|-weather|Sandstorm|[upkeep]
|-heal|p2a: Skarmory|10/100|[from] item: Leftovers
|-heal|p1a: Venus|98/100 tox|[from] item: Leftovers
|-damage|p1a: Venus|92/100 tox|[from] psn
|upkeep
|turn|17
|
|t:|1730574627
|switch|p1a: The Onyon|Celebi|100/100
|-damage|p1a: The Onyon|88/100|[from] Spikes
|move|p2a: Skarmory|Drill Peck|p1a: The Onyon
|-supereffective|p1a: The Onyon
|-damage|p1a: The Onyon|48/100
|
|-weather|Sandstorm|[upkeep]
|-damage|p1a: The Onyon|41/100|[from] Sandstorm
|-heal|p1a: The Onyon|48/100|[from] item: Leftovers
|-heal|p2a: Skarmory|16/100|[from] item: Leftovers
|upkeep
|turn|18
|
|t:|1730574630
|move|p1a: The Onyon|Hidden Power|p2a: Skarmory
|-supereffective|p2a: Skarmory
|-damage|p2a: Skarmory|0 fnt
|faint|p2a: Skarmory
|
|t:|1730574634
|switch|p2a: Tyranitar|Tyranitar, M|76/100
|
|-weather|Sandstorm|[upkeep]
|-damage|p1a: The Onyon|41/100|[from] Sandstorm
|-heal|p1a: The Onyon|48/100|[from] item: Leftovers
|upkeep
|turn|19
|
|t:|1730574642
|switch|p1a: SogDog|Suicune|42/100
|-damage|p1a: SogDog|29/100|[from] Spikes
|move|p2a: Tyranitar|Double-Edge|p1a: SogDog
|-damage|p1a: SogDog|0 fnt
|-damage|p2a: Tyranitar|66/100|[from] Recoil|[of] p1a: SogDog
|faint|p1a: SogDog
|
|t:|1730574646
|switch|p1a: Big Jimmy|Salamence, F|100/100
|-ability|p1a: Big Jimmy|Intimidate|boost
|-unboost|p2a: Tyranitar|atk|1
|
|-weather|Sandstorm|[upkeep]
|-damage|p1a: Big Jimmy|94/100|[from] Sandstorm
|-heal|p1a: Big Jimmy|100/100|[from] item: Leftovers
|upkeep
|turn|20
|
|t:|1730574652
|switch|p2a: Gengar|Gengar, F|45/100
|move|p1a: Big Jimmy|Brick Break|p2a: Gengar
|-immune|p2a: Gengar
|
|-weather|Sandstorm|[upkeep]
|-damage|p2a: Gengar|39/100|[from] Sandstorm
|-damage|p1a: Big Jimmy|94/100|[from] Sandstorm
|-heal|p2a: Gengar|45/100|[from] item: Leftovers
|-heal|p1a: Big Jimmy|100/100|[from] item: Leftovers
|upkeep
|turn|21
|
|t:|1730574655
|switch|p1a: Venus|Cradily, F, shiny|92/100 tox
|-damage|p1a: Venus|79/100 tox|[from] Spikes
|move|p2a: Gengar|Ice Punch|p1a: Venus
|-supereffective|p1a: Venus
|-damage|p1a: Venus|42/100 tox
|
|-weather|Sandstorm|[upkeep]
|-damage|p2a: Gengar|39/100|[from] Sandstorm
|-heal|p2a: Gengar|45/100|[from] item: Leftovers
|-heal|p1a: Venus|48/100 tox|[from] item: Leftovers
|-damage|p1a: Venus|42/100 tox|[from] psn
|upkeep
|turn|22
|
|t:|1730574662
|switch|p2a: Tyranitar|Tyranitar, M|66/100
|move|p1a: Venus|Hidden Power|p2a: Tyranitar
|-resisted|p2a: Tyranitar
|-damage|p2a: Tyranitar|57/100
|
|-weather|Sandstorm|[upkeep]
|-heal|p1a: Venus|48/100 tox|[from] item: Leftovers
|-damage|p1a: Venus|36/100 tox|[from] psn
|upkeep
|turn|23
|
|t:|1730574669
|move|p2a: Tyranitar|Rock Slide|p1a: Venus
|-damage|p1a: Venus|0 fnt
|faint|p1a: Venus
|
|t:|1730574672
|switch|p1a: Gamerchair|Swampert, F|100/100
|-damage|p1a: Gamerchair|88/100|[from] Spikes
|
|-weather|Sandstorm|[upkeep]
|-heal|p1a: Gamerchair|94/100|[from] item: Leftovers
|upkeep
|turn|24
|
|t:|1730574676
|move|p2a: Tyranitar|Rock Slide|p1a: Gamerchair
|-resisted|p1a: Gamerchair
|-damage|p1a: Gamerchair|73/100
|cant|p1a: Gamerchair|flinch
|
|-weather|Sandstorm|[upkeep]
|-heal|p1a: Gamerchair|79/100|[from] item: Leftovers
|upkeep
|turn|25
|
|t:|1730574681
|move|p2a: Tyranitar|Rock Slide|p1a: Gamerchair|[miss]
|-miss|p2a: Tyranitar|p1a: Gamerchair
|move|p1a: Gamerchair|Hydro Pump|p2a: Tyranitar
|-supereffective|p2a: Tyranitar
|-crit|p2a: Tyranitar
|-damage|p2a: Tyranitar|0 fnt
|faint|p2a: Tyranitar
|
|t:|1730574685
|switch|p2a: Gengar|Gengar, F|45/100
|
|-weather|Sandstorm|[upkeep]
|-damage|p2a: Gengar|39/100|[from] Sandstorm
|-heal|p2a: Gengar|45/100|[from] item: Leftovers
|-heal|p1a: Gamerchair|85/100|[from] item: Leftovers
|upkeep
|turn|26
|
|t:|1730574704
|move|p2a: Gengar|Giga Drain|p1a: Gamerchair
|-supereffective|p1a: Gamerchair
|-damage|p1a: Gamerchair|20/100
|-heal|p2a: Gengar|85/100|[from] drain|[of] p1a: Gamerchair
|move|p1a: Gamerchair|Hydro Pump|p2a: Gengar
|-damage|p2a: Gengar|18/100
|
|-weather|Sandstorm|[upkeep]
|-damage|p2a: Gengar|12/100|[from] Sandstorm
|-heal|p2a: Gengar|18/100|[from] item: Leftovers
|-heal|p1a: Gamerchair|26/100|[from] item: Leftovers
|upkeep
|turn|27
|
|t:|1730574711
|move|p2a: Gengar|Giga Drain|p1a: Gamerchair
|-supereffective|p1a: Gamerchair
|-damage|p1a: Gamerchair|0 fnt
|-heal|p2a: Gengar|35/100|[from] drain|[of] p1a: Gamerchair
|faint|p1a: Gamerchair
|
|t:|1730574712
|switch|p1a: The Onyon|Celebi|48/100
|-damage|p1a: The Onyon|35/100|[from] Spikes
|
|-weather|Sandstorm|[upkeep]
|-damage|p2a: Gengar|28/100|[from] Sandstorm
|-damage|p1a: The Onyon|29/100|[from] Sandstorm
|-heal|p2a: Gengar|35/100|[from] item: Leftovers
|-heal|p1a: The Onyon|35/100|[from] item: Leftovers
|upkeep
|turn|28
|
|t:|1730574720
|move|p2a: Gengar|Fire Punch|p1a: The Onyon
|-supereffective|p1a: The Onyon
|-damage|p1a: The Onyon|0 fnt
|faint|p1a: The Onyon
|
|t:|1730574723
|switch|p1a: Big Jimmy|Salamence, F|100/100
|-ability|p1a: Big Jimmy|Intimidate|boost
|-unboost|p2a: Gengar|atk|1
|
|-weather|Sandstorm|[upkeep]
|-damage|p2a: Gengar|28/100|[from] Sandstorm
|-damage|p1a: Big Jimmy|94/100|[from] Sandstorm
|-heal|p2a: Gengar|35/100|[from] item: Leftovers
|-heal|p1a: Big Jimmy|100/100|[from] item: Leftovers
|upkeep
|turn|29
|
|t:|1730574725
|move|p2a: Gengar|Ice Punch|p1a: Big Jimmy
|-supereffective|p1a: Big Jimmy
|-crit|p1a: Big Jimmy
|-damage|p1a: Big Jimmy|0 fnt
|faint|p1a: Big Jimmy
|
|win|AirPan

</script>
<script type="application/json" class="data" id="replaydata-smogtours-gen3ou-804066">
{"id":"smogtours-gen3ou-804066","format":"[Gen 3] OU","players":["TheLargestLad","AirPan"],"uploadtime":1730574725,"views":50,"formatid":"gen3ou","rating":null,"private":0,"password":null}
</script>

<script defer src="js/replays.js?9d40a366"></script>
