<!DOCTYPE html>
<meta charset="utf-8" />
<meta name="viewport" content="width=device-width" />

<title>[Gen 3] OU: gourgeist enjoyer vs. cremozar - Replays - Pok&eacute;mon Showdown!</title>

<meta name="description" content="Watch a replay of a Pok&eacute;mon battle between gourgeist enjoyer and cremozar! Format: [Gen 3] OU; Date: Oct 11, 2024" />
<!--

Hey, you! Looking in the source for the replay log?

You can find them in JSON format, just add `.json` at the end of a replay URL.

https://replay.pokemonshowdown.com/gen7randomdoublesbattle-865046831.json

Or, if you only need the log itself, add `.log` instead:

https://replay.pokemonshowdown.com/gen7randomdoublesbattle-865046831.log

-->

<link rel="stylesheet" href="//pokemonshowdown.com/style/global.css?0.767286132409787" />
<link rel="stylesheet" href="//play.pokemonshowdown.com/style/font-awesome.css?0.9266228007934947" />
<link rel="stylesheet" href="//play.pokemonshowdown.com/style/battle.css?0.7924700842790926" />
<link rel="stylesheet" href="//play.pokemonshowdown.com/style/utilichart.css?0.8777417872839479" />

<!-- Global site tag (gtag.js) - Google Analytics -->
<script async src="https://www.googletagmanager.com/gtag/js?id=UA-26211653-1"></script>
<script>
  window.dataLayer = window.dataLayer || [];
  function gtag(){dataLayer.push(arguments);}
  gtag('js', new Date());

  gtag('config', 'UA-26211653-1');
</script>
<!-- End Google Analytics -->
<!-- Venatus Ad Manager - Install in <HEAD> of page -->
	<script src="https://hb.vntsm.com/v3/live/ad-manager.min.js" type="text/javascript" data-site-id="642aba63ec9a7b11c3c9c1be" data-mode="scan" async></script>
<!-- / Venatus Ad Manager -->

<style>
	@media (max-width:820px) {
		.battle {
			margin: 0 auto;
		}
		.battle-log {
			margin: 7px auto 0;
			max-width: 640px;
			height: 300px;
			position: static;
		}
	}
	.optgroup {
		display: inline-block;
		line-height: 22px;
		font-size: 10pt;
	}
	.optgroup .button {
		height: 25px;
		padding-top: 0;
		padding-bottom: 0;
	}
	.optgroup button.button {
		padding-left: 12px;
		padding-right: 12px;
	}
	.linklist {
		list-style: none;
		margin: 0.5em 0;
		padding: 0;
	}
	.linklist li {
		padding: 2px 0;
	}
	.sidebar {
		float: left;
		width: 320px;
	}
	.bar-wrapper {
		max-width: 1100px;
		margin: 0 auto;
	}
	.bar-wrapper.has-sidebar {
		max-width: 1430px;
	}
	.mainbar {
		margin: 0;
		padding-right: 1px;
	}
	.mainbar.has-sidebar {
		margin-left: 330px;
	}
	@media (min-width: 1511px) {
		.sidebar {
			width: 400px;
		}
		.bar-wrapper.has-sidebar {
			max-width: 1510px;
		}
		.mainbar.has-sidebar {
			margin-left: 410px;
		}
	}
	.section.first-section {
		margin-top: 9px;
	}
	.blocklink small {
		white-space: normal;
	}
	.button {
		vertical-align: middle;
	}
	.replay-controls {
		padding-top: 10px;
	}
	.replay-controls h1 {
		font-size: 16pt;
		font-weight: normal;
		color: #CCC;
	}
	.pagelink {
		text-align: center;
	}
	.pagelink a {
		width: 150px;
	}
	.textbox, .button {
		font-size: 11pt;
		vertical-align: middle;
	}
	@media (max-width: 450px) {
		.button {
			font-size: 9pt;
		}
	}
</style>

<div>

	<header>
		<div class="nav-wrapper"><ul class="nav">
			<li><a class="button nav-first" href="//pokemonshowdown.com/"><img src="//pokemonshowdown.com/images/pokemonshowdownbeta.png" srcset="//pokemonshowdown.com/images/pokemonshowdownbeta.png 1x, //pokemonshowdown.com/images/pokemonshowdownbeta@2x.png 2x" alt="Pok&eacute;mon Showdown" width="146" height="44" /> Home</a></li>
			<li><a class="button" href="//pokemonshowdown.com/dex/">Pok&eacute;dex</a></li>
			<li><a class="button cur" href="/">Replays</a></li>
			<li><a class="button" href="//pokemonshowdown.com/ladder/">Ladder</a></li>
			<li><a class="button nav-last" href="//pokemonshowdown.com/forums/">Forum</a></li>
			<li><a class="button greenbutton nav-first nav-last" href="//play.pokemonshowdown.com/">Play</a></li>
		</ul></div>
	</header>

	<div class="main" id="main">

		<noscript><section class="section">You need to enable JavaScript to use this page; sorry!</section></noscript>

	</div>

</div>

<script defer nomodule src="//play.pokemonshowdown.com/js/lib/ps-polyfill.js"></script>
<script defer src="//play.pokemonshowdown.com/js/lib/preact.min.js"></script>

<script defer src="//play.pokemonshowdown.com/config/config.js?6dec07f6"></script>
<script defer src="//play.pokemonshowdown.com/js/lib/jquery-1.11.0.min.js"></script>
<script defer src="//play.pokemonshowdown.com/js/lib/html-sanitizer-minified.js"></script>
<script defer src="//play.pokemonshowdown.com/js/battle-sound.js"></script>
<script defer src="//play.pokemonshowdown.com/js/battledata.js?0.6315294753075389"></script>
<script defer src="//play.pokemonshowdown.com/data/pokedex-mini.js?0.7603743185311358"></script>
<script defer src="//play.pokemonshowdown.com/data/pokedex-mini-bw.js?0.030888842834281283"></script>
<script defer src="//play.pokemonshowdown.com/data/graphics.js?0.05593094747507488"></script>
<script defer src="//play.pokemonshowdown.com/data/pokedex.js?0.47064822249611904"></script>
<script defer src="//play.pokemonshowdown.com/data/moves.js?0.8583693120512459"></script>
<script defer src="//play.pokemonshowdown.com/data/abilities.js?0.16017181182386842"></script>
<script defer src="//play.pokemonshowdown.com/data/items.js?0.4163379185673943"></script>
<script defer src="//play.pokemonshowdown.com/data/teambuilder-tables.js?0.31075597372830477"></script>
<script defer src="//play.pokemonshowdown.com/js/battle-tooltips.js?0.6536193500708172"></script>
<script defer src="//play.pokemonshowdown.com/js/battle.js?0.1916591943277901"></script>

<script defer src="js/utils.js?e31f9a17"></script>
<script defer src="js/replays-battle.js?7008c182"></script>

<!-- don't scrape this data! just add .json or .log after the URL!
Full API docs: https://github.com/smogon/pokemon-showdown-client/blob/master/WEB-API.md -->
<script type="text/plain" class="log" id="replaylog-smogtours-gen3ou-797124">
|inactive|Battle timer is ON: inactive players will automatically lose when time's up.
|t:|1728615694
|gametype|singles
|player|p1|gourgeist enjoyer|266|
|player|p2|cremozar|1|
|teamsize|p1|6
|teamsize|p2|6
|gen|3
|tier|[Gen 3] OU
|rule|Sleep Clause Mod: Limit one foe put to sleep
|rule|Switch Priority Clause Mod: Faster Pokémon switch first
|rule|Species Clause: Limit one of each Pokémon
|rule|OHKO Clause: OHKO moves are banned
|rule|Evasion Items Clause: Evasion items are banned
|rule|Evasion Moves Clause: Evasion moves are banned
|rule|Endless Battle Clause: Forcing endless battles is banned
|rule|HP Percentage Mod: HP is shown in percentages
|rule|One Boost Passer Clause: Limit one Baton Passer that has a way to boost its stats
|rule|Freeze Clause Mod: Limit one foe frozen
|
|t:|1728615694
|start
|switch|p1a: forty days|Zapdos|100/100
|switch|p2a: turf's up|Venusaur, F|100/100
|turn|1
|
|t:|1728615706
|move|p1a: forty days|Hidden Power|p2a: turf's up
|-supereffective|p2a: turf's up
|-damage|p2a: turf's up|46/100
|move|p2a: turf's up|Hidden Power|p1a: forty days
|-supereffective|p1a: forty days
|-damage|p1a: forty days|57/100
|
|-heal|p1a: forty days|63/100|[from] item: Leftovers
|-heal|p2a: turf's up|52/100|[from] item: Leftovers
|upkeep
|turn|2
|
|t:|1728615723
|switch|p2a: Cowboy Dan|Metagross|100/100
|move|p1a: forty days|Thunder Wave|p2a: Cowboy Dan
|-status|p2a: Cowboy Dan|par
|
|-heal|p1a: forty days|69/100|[from] item: Leftovers
|upkeep
|turn|3
|
|t:|1728615734
|switch|p1a: the big sleep|Forretress, F|100/100
|switch|p2a: EYECU|Claydol|100/100
|
|upkeep
|turn|4
|
|t:|1728615740
|switch|p2a: magdalena|Moltres|100/100
|move|p1a: the big sleep|Hidden Power|p2a: magdalena
|-resisted|p2a: magdalena
|-damage|p2a: magdalena|95/100
|
|-heal|p2a: magdalena|100/100|[from] item: Leftovers
|upkeep
|turn|5
|
|t:|1728615743
|switch|p1a: watch it crash|Starmie|100/100
|move|p2a: magdalena|Flamethrower|p1a: watch it crash
|-resisted|p1a: watch it crash
|-damage|p1a: watch it crash|61/100
|-status|p1a: watch it crash|brn
|
|-heal|p1a: watch it crash|67/100 brn|[from] item: Leftovers
|-damage|p1a: watch it crash|55/100 brn|[from] brn
|upkeep
|turn|6
|
|t:|1728615773
|switch|p2a: turf's up|Venusaur, F|52/100
|move|p1a: watch it crash|Hydro Pump|p2a: turf's up
|-resisted|p2a: turf's up
|-damage|p2a: turf's up|20/100
|
|-heal|p1a: watch it crash|61/100 brn|[from] item: Leftovers
|-damage|p1a: watch it crash|49/100 brn|[from] brn
|-heal|p2a: turf's up|26/100|[from] item: Leftovers
|upkeep
|turn|7
|
|t:|1728615779
|move|p1a: watch it crash|Ice Beam|p2a: turf's up
|-supereffective|p2a: turf's up
|-damage|p2a: turf's up|0 fnt
|faint|p2a: turf's up
|
|t:|1728615781
|switch|p2a: dauntless|Aerodactyl, M|100/100
|
|-heal|p1a: watch it crash|55/100 brn|[from] item: Leftovers
|-damage|p1a: watch it crash|43/100 brn|[from] brn
|upkeep
|turn|8
|
|t:|1728615787
|-curestatus|p1a: watch it crash|brn|[from] ability: Natural Cure
|switch|p1a: we are the few|Flygon, M|100/100
|move|p2a: dauntless|Rock Slide|p1a: we are the few
|-resisted|p1a: we are the few
|-damage|p1a: we are the few|65/100
|
|upkeep
|turn|9
|
|t:|1728615797
|switch|p2a: down low|Skarmory, M|100/100
|move|p1a: we are the few|Rock Slide|p2a: down low
|-damage|p2a: down low|77/100
|
|-heal|p2a: down low|83/100|[from] item: Leftovers
|upkeep
|turn|10
|
|t:|1728615802
|switch|p1a: forty days|Zapdos|69/100
|switch|p2a: dauntless|Aerodactyl, M|100/100
|
|-heal|p1a: forty days|75/100|[from] item: Leftovers
|upkeep
|turn|11
|
|t:|1728615806
|switch|p1a: point/counterpoint|Metagross|100/100
|move|p2a: dauntless|Rock Slide|p1a: point/counterpoint
|-resisted|p1a: point/counterpoint
|-crit|p1a: point/counterpoint
|-damage|p1a: point/counterpoint|65/100
|
|-heal|p1a: point/counterpoint|71/100|[from] item: Leftovers
|upkeep
|turn|12
|
|t:|1728615812
|switch|p2a: Cowboy Dan|Metagross|100/100 par
|move|p1a: point/counterpoint|Thunder Punch|p2a: Cowboy Dan
|-damage|p2a: Cowboy Dan|75/100 par
|
|-heal|p1a: point/counterpoint|77/100|[from] item: Leftovers
|-heal|p2a: Cowboy Dan|81/100 par|[from] item: Leftovers
|upkeep
|turn|13
|
|t:|1728615816
|switch|p1a: we are the few|Flygon, M|65/100
|cant|p2a: Cowboy Dan|par
|
|-heal|p2a: Cowboy Dan|87/100 par|[from] item: Leftovers
|upkeep
|turn|14
|
|t:|1728615825
|cant|p2a: Cowboy Dan|par
|move|p1a: we are the few|Fire Blast|p2a: Cowboy Dan
|-supereffective|p2a: Cowboy Dan
|-damage|p2a: Cowboy Dan|41/100 par
|
|-heal|p2a: Cowboy Dan|47/100 par|[from] item: Leftovers
|upkeep
|turn|15
|
|t:|1728615830
|switch|p2a: magdalena|Moltres|100/100
|move|p1a: we are the few|Fire Blast|p2a: magdalena|[miss]
|-miss|p1a: we are the few|p2a: magdalena
|
|upkeep
|turn|16
|
|t:|1728615838
|switch|p1a: forty days|Zapdos|75/100
|move|p2a: magdalena|Overheat|p1a: forty days
|-damage|p1a: forty days|0 fnt
|-unboost|p2a: magdalena|spa|2
|faint|p1a: forty days
|
|t:|1728615840
|switch|p1a: watch it crash|Starmie|43/100
|
|-heal|p1a: watch it crash|49/100|[from] item: Leftovers
|upkeep
|turn|17
|
|t:|1728615848
|switch|p2a: Cowboy Dan|Metagross|47/100 par
|move|p1a: watch it crash|Hydro Pump|p2a: Cowboy Dan
|-damage|p2a: Cowboy Dan|0 fnt
|faint|p2a: Cowboy Dan
|
|t:|1728615850
|switch|p2a: dauntless|Aerodactyl, M|100/100
|
|-heal|p1a: watch it crash|55/100|[from] item: Leftovers
|upkeep
|turn|18
|
|t:|1728615855
|switch|p2a: magdalena|Moltres|100/100
|switch|p1a: the big sleep|Forretress, F|100/100
|
|upkeep
|turn|19
|
|t:|1728615858
|switch|p1a: hands that thieve|Tyranitar, M|100/100
|-weather|Sandstorm|[from] ability: Sand Stream|[of] p1a: hands that thieve
|move|p2a: magdalena|Overheat|p1a: hands that thieve
|-resisted|p1a: hands that thieve
|-damage|p1a: hands that thieve|68/100
|-unboost|p2a: magdalena|spa|2
|
|-weather|Sandstorm|[upkeep]
|-damage|p2a: magdalena|94/100|[from] Sandstorm
|-heal|p2a: magdalena|100/100|[from] item: Leftovers
|-heal|p1a: hands that thieve|74/100|[from] item: Leftovers
|upkeep
|turn|20
|
|t:|1728615862
|-activate|p2a: magdalena|move: Pursuit
|move|p1a: hands that thieve|Pursuit|p2a: magdalena|[from]Pursuit
|-damage|p2a: magdalena|54/100
|switch|p2a: EYECU|Claydol|100/100
|
|-weather|Sandstorm|[upkeep]
|-heal|p1a: hands that thieve|80/100|[from] item: Leftovers
|upkeep
|turn|21
|
|t:|1728615870
|move|p2a: EYECU|Earthquake|p1a: hands that thieve
|-supereffective|p1a: hands that thieve
|-damage|p1a: hands that thieve|6/100
|move|p1a: hands that thieve|Crunch|p2a: EYECU
|-supereffective|p2a: EYECU
|-damage|p2a: EYECU|22/100
|
|-weather|Sandstorm|[upkeep]
|-heal|p2a: EYECU|28/100|[from] item: Leftovers
|-heal|p1a: hands that thieve|12/100|[from] item: Leftovers
|upkeep
|turn|22
|
|t:|1728615881
|move|p2a: EYECU|Earthquake|p1a: hands that thieve
|-supereffective|p1a: hands that thieve
|-damage|p1a: hands that thieve|0 fnt
|faint|p1a: hands that thieve
|
|t:|1728615890
|switch|p1a: watch it crash|Starmie|55/100
|
|-weather|Sandstorm|[upkeep]
|-damage|p1a: watch it crash|49/100|[from] Sandstorm
|-heal|p1a: watch it crash|55/100|[from] item: Leftovers
|-heal|p2a: EYECU|34/100|[from] item: Leftovers
|upkeep
|turn|23
|
|t:|1728615898
|move|p1a: watch it crash|Ice Beam|p2a: EYECU
|-supereffective|p2a: EYECU
|-damage|p2a: EYECU|0 fnt
|faint|p2a: EYECU
|
|t:|1728615901
|switch|p2a: dauntless|Aerodactyl, M|100/100
|
|-weather|Sandstorm|[upkeep]
|-damage|p1a: watch it crash|49/100|[from] Sandstorm
|-heal|p1a: watch it crash|55/100|[from] item: Leftovers
|upkeep
|turn|24
|
|t:|1728615903
|switch|p1a: the big sleep|Forretress, F|100/100
|move|p2a: dauntless|Rock Slide|p1a: the big sleep
|-damage|p1a: the big sleep|62/100
|
|-weather|Sandstorm|[upkeep]
|-heal|p1a: the big sleep|69/100|[from] item: Leftovers
|upkeep
|turn|25
|
|t:|1728615910
|switch|p2a: down low|Skarmory, M|83/100
|move|p1a: the big sleep|Explosion|p2a: down low
|-resisted|p2a: down low
|-damage|p2a: down low|43/100
|faint|p1a: the big sleep
|
|t:|1728615913
|switch|p1a: point/counterpoint|Metagross|77/100
|
|-weather|Sandstorm|[upkeep]
|-heal|p2a: down low|49/100|[from] item: Leftovers
|-heal|p1a: point/counterpoint|83/100|[from] item: Leftovers
|upkeep
|turn|26
|
|t:|1728615921
|move|p2a: down low|Spikes|p1a: point/counterpoint
|-sidestart|p1: gourgeist enjoyer|Spikes
|move|p1a: point/counterpoint|Thunder Punch|p2a: down low
|-supereffective|p2a: down low
|-damage|p2a: down low|8/100
|
|-weather|Sandstorm|[upkeep]
|-heal|p2a: down low|14/100|[from] item: Leftovers
|-heal|p1a: point/counterpoint|89/100|[from] item: Leftovers
|upkeep
|turn|27
|
|t:|1728615925
|move|p2a: down low|Spikes|p1a: point/counterpoint
|-sidestart|p1: gourgeist enjoyer|Spikes
|move|p1a: point/counterpoint|Thunder Punch|p2a: down low
|-supereffective|p2a: down low
|-damage|p2a: down low|0 fnt
|faint|p2a: down low
|
|t:|1728615926
|switch|p2a: magdalena|Moltres|54/100
|
|-weather|Sandstorm|[upkeep]
|-damage|p2a: magdalena|48/100|[from] Sandstorm
|-heal|p2a: magdalena|54/100|[from] item: Leftovers
|-heal|p1a: point/counterpoint|95/100|[from] item: Leftovers
|upkeep
|turn|28
|
|t:|1728615933
|switch|p1a: we are the few|Flygon, M|65/100
|move|p2a: magdalena|Flamethrower|p1a: we are the few
|-resisted|p1a: we are the few
|-damage|p1a: we are the few|29/100
|
|-weather|Sandstorm|[upkeep]
|-damage|p2a: magdalena|48/100|[from] Sandstorm
|-heal|p2a: magdalena|54/100|[from] item: Leftovers
|upkeep
|turn|29
|
|t:|1728615937
|move|p1a: we are the few|Rock Slide|p2a: magdalena
|-supereffective|p2a: magdalena
|-damage|p2a: magdalena|0 fnt
|faint|p2a: magdalena
|
|t:|1728615939
|switch|p2a: dauntless|Aerodactyl, M|100/100
|
|-weather|Sandstorm|[upkeep]
|upkeep
|turn|30
|
|t:|1728615951
|move|p2a: dauntless|Hidden Power|p1a: we are the few
|-damage|p1a: we are the few|0 fnt
|faint|p1a: we are the few
|
|t:|1728615953
|switch|p1a: point/counterpoint|Metagross|95/100
|-damage|p1a: point/counterpoint|79/100|[from] Spikes
|
|-weather|Sandstorm|[upkeep]
|-heal|p1a: point/counterpoint|85/100|[from] item: Leftovers
|upkeep
|turn|31
|
|t:|1728615958
|move|p2a: dauntless|Hidden Power|p1a: point/counterpoint
|-damage|p1a: point/counterpoint|59/100
|move|p1a: point/counterpoint|Explosion|p2a: dauntless
|-resisted|p2a: dauntless
|-damage|p2a: dauntless|0 fnt
|faint|p1a: point/counterpoint
|faint|p2a: dauntless
|
|win|gourgeist enjoyer
|player|p2|
|player|p1|
|player|p2|cremozar|1|

</script>
<script type="application/json" class="data" id="replaydata-smogtours-gen3ou-797124">
{"id":"smogtours-gen3ou-797124","format":"[Gen 3] OU","players":["gourgeist enjoyer","cremozar"],"uploadtime":1728615958,"views":107,"formatid":"gen3ou","rating":null,"private":0,"password":null}
</script>

<script defer src="js/replays.js?9d40a366"></script>
