<!DOCTYPE html>
<meta charset="utf-8" />
<meta name="viewport" content="width=device-width" />

<title>[Gen 3] OU: Dhgss vs. 1998 Mercedes-Benz - Replays - Pok&eacute;mon Showdown!</title>

<meta name="description" content="Watch a replay of a Pok&eacute;mon battle between Dhgss and 1998 Mercedes-Benz! Format: [Gen 3] OU; Date: Oct 4, 2024" />
<!--

Hey, you! Looking in the source for the replay log?

You can find them in JSON format, just add `.json` at the end of a replay URL.

https://replay.pokemonshowdown.com/gen7randomdoublesbattle-865046831.json

Or, if you only need the log itself, add `.log` instead:

https://replay.pokemonshowdown.com/gen7randomdoublesbattle-865046831.log

-->

<link rel="stylesheet" href="//pokemonshowdown.com/style/global.css?0.767286132409787" />
<link rel="stylesheet" href="//play.pokemonshowdown.com/style/font-awesome.css?0.9266228007934947" />
<link rel="stylesheet" href="//play.pokemonshowdown.com/style/battle.css?0.7924700842790926" />
<link rel="stylesheet" href="//play.pokemonshowdown.com/style/utilichart.css?0.8777417872839479" />

<!-- Global site tag (gtag.js) - Google Analytics -->
<script async src="https://www.googletagmanager.com/gtag/js?id=UA-26211653-1"></script>
<script>
  window.dataLayer = window.dataLayer || [];
  function gtag(){dataLayer.push(arguments);}
  gtag('js', new Date());

  gtag('config', 'UA-26211653-1');
</script>
<!-- End Google Analytics -->
<!-- Venatus Ad Manager - Install in <HEAD> of page -->
	<script src="https://hb.vntsm.com/v3/live/ad-manager.min.js" type="text/javascript" data-site-id="642aba63ec9a7b11c3c9c1be" data-mode="scan" async></script>
<!-- / Venatus Ad Manager -->

<style>
	@media (max-width:820px) {
		.battle {
			margin: 0 auto;
		}
		.battle-log {
			margin: 7px auto 0;
			max-width: 640px;
			height: 300px;
			position: static;
		}
	}
	.optgroup {
		display: inline-block;
		line-height: 22px;
		font-size: 10pt;
	}
	.optgroup .button {
		height: 25px;
		padding-top: 0;
		padding-bottom: 0;
	}
	.optgroup button.button {
		padding-left: 12px;
		padding-right: 12px;
	}
	.linklist {
		list-style: none;
		margin: 0.5em 0;
		padding: 0;
	}
	.linklist li {
		padding: 2px 0;
	}
	.sidebar {
		float: left;
		width: 320px;
	}
	.bar-wrapper {
		max-width: 1100px;
		margin: 0 auto;
	}
	.bar-wrapper.has-sidebar {
		max-width: 1430px;
	}
	.mainbar {
		margin: 0;
		padding-right: 1px;
	}
	.mainbar.has-sidebar {
		margin-left: 330px;
	}
	@media (min-width: 1511px) {
		.sidebar {
			width: 400px;
		}
		.bar-wrapper.has-sidebar {
			max-width: 1510px;
		}
		.mainbar.has-sidebar {
			margin-left: 410px;
		}
	}
	.section.first-section {
		margin-top: 9px;
	}
	.blocklink small {
		white-space: normal;
	}
	.button {
		vertical-align: middle;
	}
	.replay-controls {
		padding-top: 10px;
	}
	.replay-controls h1 {
		font-size: 16pt;
		font-weight: normal;
		color: #CCC;
	}
	.pagelink {
		text-align: center;
	}
	.pagelink a {
		width: 150px;
	}
	.textbox, .button {
		font-size: 11pt;
		vertical-align: middle;
	}
	@media (max-width: 450px) {
		.button {
			font-size: 9pt;
		}
	}
</style>

<div>

	<header>
		<div class="nav-wrapper"><ul class="nav">
			<li><a class="button nav-first" href="//pokemonshowdown.com/"><img src="//pokemonshowdown.com/images/pokemonshowdownbeta.png" srcset="//pokemonshowdown.com/images/pokemonshowdownbeta.png 1x, //pokemonshowdown.com/images/pokemonshowdownbeta@2x.png 2x" alt="Pok&eacute;mon Showdown" width="146" height="44" /> Home</a></li>
			<li><a class="button" href="//pokemonshowdown.com/dex/">Pok&eacute;dex</a></li>
			<li><a class="button cur" href="/">Replays</a></li>
			<li><a class="button" href="//pokemonshowdown.com/ladder/">Ladder</a></li>
			<li><a class="button nav-last" href="//pokemonshowdown.com/forums/">Forum</a></li>
			<li><a class="button greenbutton nav-first nav-last" href="//play.pokemonshowdown.com/">Play</a></li>
		</ul></div>
	</header>

	<div class="main" id="main">

		<noscript><section class="section">You need to enable JavaScript to use this page; sorry!</section></noscript>

	</div>

</div>

<script defer nomodule src="//play.pokemonshowdown.com/js/lib/ps-polyfill.js"></script>
<script defer src="//play.pokemonshowdown.com/js/lib/preact.min.js"></script>

<script defer src="//play.pokemonshowdown.com/config/config.js?6dec07f6"></script>
<script defer src="//play.pokemonshowdown.com/js/lib/jquery-1.11.0.min.js"></script>
<script defer src="//play.pokemonshowdown.com/js/lib/html-sanitizer-minified.js"></script>
<script defer src="//play.pokemonshowdown.com/js/battle-sound.js"></script>
<script defer src="//play.pokemonshowdown.com/js/battledata.js?0.6315294753075389"></script>
<script defer src="//play.pokemonshowdown.com/data/pokedex-mini.js?0.7603743185311358"></script>
<script defer src="//play.pokemonshowdown.com/data/pokedex-mini-bw.js?0.030888842834281283"></script>
<script defer src="//play.pokemonshowdown.com/data/graphics.js?0.05593094747507488"></script>
<script defer src="//play.pokemonshowdown.com/data/pokedex.js?0.47064822249611904"></script>
<script defer src="//play.pokemonshowdown.com/data/moves.js?0.8583693120512459"></script>
<script defer src="//play.pokemonshowdown.com/data/abilities.js?0.16017181182386842"></script>
<script defer src="//play.pokemonshowdown.com/data/items.js?0.4163379185673943"></script>
<script defer src="//play.pokemonshowdown.com/data/teambuilder-tables.js?0.31075597372830477"></script>
<script defer src="//play.pokemonshowdown.com/js/battle-tooltips.js?0.6536193500708172"></script>
<script defer src="//play.pokemonshowdown.com/js/battle.js?0.1916591943277901"></script>

<script defer src="js/utils.js?e31f9a17"></script>
<script defer src="js/replays-battle.js?7008c182"></script>

<!-- don't scrape this data! just add .json or .log after the URL!
Full API docs: https://github.com/smogon/pokemon-showdown-client/blob/master/WEB-API.md -->
<script type="text/plain" class="log" id="replaylog-smogtours-gen3ou-794482">
|inactive|Battle timer is ON: inactive players will automatically lose when time's up.
|t:|1728008704
|gametype|singles
|player|p1|Dhgss|ethan|
|player|p2|1998 Mercedes-Benz|emma|
|teamsize|p1|6
|teamsize|p2|6
|gen|3
|tier|[Gen 3] OU
|rule|Sleep Clause Mod: Limit one foe put to sleep
|rule|Switch Priority Clause Mod: Faster Pokémon switch first
|rule|Species Clause: Limit one of each Pokémon
|rule|OHKO Clause: OHKO moves are banned
|rule|Evasion Items Clause: Evasion items are banned
|rule|Evasion Moves Clause: Evasion moves are banned
|rule|Endless Battle Clause: Forcing endless battles is banned
|rule|HP Percentage Mod: HP is shown in percentages
|rule|One Boost Passer Clause: Limit one Baton Passer that has a way to boost its stats
|rule|Freeze Clause Mod: Limit one foe frozen
|
|t:|1728008704
|start
|switch|p1a: Salamence|Salamence, M|100/100
|switch|p2a: Peetar|Tyranitar, F|100/100
|-ability|p1a: Salamence|Intimidate|boost
|-unboost|p2a: Peetar|atk|1
|-weather|Sandstorm|[from] ability: Sand Stream|[of] p2a: Peetar
|turn|1
|c|☆Dhgss|gl
|c|☆1998 Mercedes-Benz|hf
|inactive|1998 Mercedes-Benz has 270 seconds left.
|
|t:|1728008750
|switch|p2a: awawawa|Skarmory, F|100/100
|move|p1a: Salamence|Brick Break|p2a: awawawa
|-damage|p2a: awawawa|68/100
|
|-weather|Sandstorm|[upkeep]
|-damage|p1a: Salamence|94/100|[from] Sandstorm
|-heal|p2a: awawawa|74/100|[from] item: Leftovers
|upkeep
|turn|2
|inactive|1998 Mercedes-Benz has 270 seconds left.
|inactive|1998 Mercedes-Benz has 240 seconds left.
|
|t:|1728008826
|switch|p1a: Forretress|Forretress, F|100/100
|switch|p2a: Prom Monarch|Celebi|100/100
|
|-weather|Sandstorm|[upkeep]
|-damage|p2a: Prom Monarch|94/100|[from] Sandstorm
|-heal|p2a: Prom Monarch|100/100|[from] item: Leftovers
|upkeep
|turn|3
|
|t:|1728008839
|move|p2a: Prom Monarch|Hidden Power|p1a: Forretress
|-supereffective|p1a: Forretress
|-damage|p1a: Forretress|11/100
|move|p1a: Forretress|Hidden Power|p2a: Prom Monarch
|-supereffective|p2a: Prom Monarch
|-crit|p2a: Prom Monarch
|-damage|p2a: Prom Monarch|0 fnt
|faint|p2a: Prom Monarch
|inactive|1998 Mercedes-Benz has 210 seconds left.
|
|t:|1728008893
|switch|p2a: Peetar|Tyranitar, F|100/100
|
|-weather|Sandstorm|[upkeep]
|-heal|p1a: Forretress|17/100|[from] item: Leftovers
|upkeep
|turn|4
|
|t:|1728008899
|switch|p2a: awawawa|Skarmory, F|74/100
|switch|p1a: Milotic|Milotic, F|100/100
|
|-weather|Sandstorm|[upkeep]
|-damage|p1a: Milotic|94/100|[from] Sandstorm
|-heal|p1a: Milotic|100/100|[from] item: Leftovers
|-heal|p2a: awawawa|80/100|[from] item: Leftovers
|upkeep
|turn|5
|
|t:|1728008905
|switch|p1a: Forretress|Forretress, F|17/100
|move|p2a: awawawa|Spikes|p1a: Forretress
|-sidestart|p1: Dhgss|Spikes
|
|-weather|Sandstorm|[upkeep]
|-heal|p2a: awawawa|86/100|[from] item: Leftovers
|-heal|p1a: Forretress|23/100|[from] item: Leftovers
|upkeep
|turn|6
|
|t:|1728008913
|move|p2a: awawawa|Drill Peck|p1a: Forretress
|-damage|p1a: Forretress|7/100
|move|p1a: Forretress|Spikes|p2a: awawawa
|-sidestart|p2: 1998 Mercedes-Benz|Spikes
|
|-weather|Sandstorm|[upkeep]
|-heal|p2a: awawawa|92/100|[from] item: Leftovers
|-heal|p1a: Forretress|13/100|[from] item: Leftovers
|upkeep
|turn|7
|
|t:|1728008942
|switch|p1a: Jolteon|Jolteon, M|100/100
|-damage|p1a: Jolteon|88/100|[from] Spikes
|move|p2a: awawawa|Drill Peck|p1a: Jolteon
|-resisted|p1a: Jolteon
|-damage|p1a: Jolteon|67/100
|
|-weather|Sandstorm|[upkeep]
|-damage|p1a: Jolteon|61/100|[from] Sandstorm
|-heal|p1a: Jolteon|67/100|[from] item: Leftovers
|-heal|p2a: awawawa|98/100|[from] item: Leftovers
|upkeep
|turn|8
|
|t:|1728008961
|switch|p2a: Peetar|Tyranitar, F|100/100
|-damage|p2a: Peetar|88/100|[from] Spikes
|move|p1a: Jolteon|Thunderbolt|p2a: Peetar
|-damage|p2a: Peetar|56/100
|
|-weather|Sandstorm|[upkeep]
|-damage|p1a: Jolteon|61/100|[from] Sandstorm
|-heal|p1a: Jolteon|67/100|[from] item: Leftovers
|-heal|p2a: Peetar|62/100|[from] item: Leftovers
|upkeep
|turn|9
|inactive|Dhgss has 270 seconds left.
|
|t:|1728009004
|switch|p1a: Milotic|Milotic, F|100/100
|-damage|p1a: Milotic|88/100|[from] Spikes
|move|p2a: Peetar|Rock Slide|p1a: Milotic
|-damage|p1a: Milotic|54/100
|
|-weather|Sandstorm|[upkeep]
|-damage|p1a: Milotic|47/100|[from] Sandstorm
|-heal|p1a: Milotic|54/100|[from] item: Leftovers
|-heal|p2a: Peetar|68/100|[from] item: Leftovers
|upkeep
|turn|10
|inactive|Dhgss has 240 seconds left.
|
|t:|1728009025
|switch|p2a: awawawa|Skarmory, F|98/100
|move|p1a: Milotic|Recover|p1a: Milotic
|-heal|p1a: Milotic|100/100
|
|-weather|Sandstorm|[upkeep]
|-damage|p1a: Milotic|94/100|[from] Sandstorm
|-heal|p1a: Milotic|100/100|[from] item: Leftovers
|-heal|p2a: awawawa|100/100|[from] item: Leftovers
|upkeep
|turn|11
|
|t:|1728009031
|move|p1a: Milotic|Surf|p2a: awawawa
|-damage|p2a: awawawa|71/100
|move|p2a: awawawa|Spikes|p1a: Milotic
|-sidestart|p1: Dhgss|Spikes
|
|-weather|Sandstorm|[upkeep]
|-damage|p1a: Milotic|94/100|[from] Sandstorm
|-heal|p1a: Milotic|100/100|[from] item: Leftovers
|-heal|p2a: awawawa|77/100|[from] item: Leftovers
|upkeep
|turn|12
|
|t:|1728009038
|move|p2a: awawawa|Protect|p2a: awawawa
|-singleturn|p2a: awawawa|Protect
|move|p1a: Milotic|Surf|p2a: awawawa
|-activate|p2a: awawawa|Protect
|
|-weather|Sandstorm|[upkeep]
|-damage|p1a: Milotic|94/100|[from] Sandstorm
|-heal|p1a: Milotic|100/100|[from] item: Leftovers
|-heal|p2a: awawawa|83/100|[from] item: Leftovers
|upkeep
|turn|13
|
|t:|1728009042
|move|p1a: Milotic|Surf|p2a: awawawa
|-damage|p2a: awawawa|54/100
|move|p2a: awawawa|Roar|p1a: Milotic
|drag|p1a: Jirachi|Jirachi|100/100
|-damage|p1a: Jirachi|84/100|[from] Spikes
|
|-weather|Sandstorm|[upkeep]
|-heal|p1a: Jirachi|90/100|[from] item: Leftovers
|-heal|p2a: awawawa|60/100|[from] item: Leftovers
|upkeep
|turn|14
|inactive|1998 Mercedes-Benz has 270 seconds left.
|
|t:|1728009060
|move|p2a: awawawa|Protect|p2a: awawawa
|-singleturn|p2a: awawawa|Protect
|move|p1a: Jirachi|Fire Punch|p2a: awawawa
|-activate|p2a: awawawa|Protect
|
|-weather|Sandstorm|[upkeep]
|-heal|p1a: Jirachi|96/100|[from] item: Leftovers
|-heal|p2a: awawawa|66/100|[from] item: Leftovers
|upkeep
|turn|15
|inactive|1998 Mercedes-Benz has 270 seconds left.
|
|t:|1728009074
|move|p1a: Jirachi|Body Slam|p2a: awawawa
|-resisted|p2a: awawawa
|-damage|p2a: awawawa|58/100
|move|p2a: awawawa|Spikes|p1a: Jirachi
|-sidestart|p1: Dhgss|Spikes
|
|-weather|Sandstorm|[upkeep]
|-heal|p1a: Jirachi|100/100|[from] item: Leftovers
|-heal|p2a: awawawa|64/100|[from] item: Leftovers
|upkeep
|turn|16
|inactive|Dhgss has 270 seconds left.
|
|t:|1728009080
|move|p2a: awawawa|Protect|p2a: awawawa
|-singleturn|p2a: awawawa|Protect
|move|p1a: Jirachi|Fire Punch|p2a: awawawa
|-activate|p2a: awawawa|Protect
|
|-weather|Sandstorm|[upkeep]
|-heal|p2a: awawawa|70/100|[from] item: Leftovers
|upkeep
|turn|17
|
|t:|1728009091
|switch|p2a: Peetar|Tyranitar, F|68/100
|-damage|p2a: Peetar|56/100|[from] Spikes
|move|p1a: Jirachi|Fire Punch|p2a: Peetar
|-resisted|p2a: Peetar
|-damage|p2a: Peetar|49/100
|
|-weather|Sandstorm|[upkeep]
|-heal|p2a: Peetar|55/100|[from] item: Leftovers
|upkeep
|turn|18
|
|t:|1728009103
|-singleturn|p2a: Peetar|move: Focus Punch
|switch|p1a: Forretress|Forretress, F|13/100
|-damage|p1a: Forretress|0 fnt|[from] Spikes
|faint|p1a: Forretress
|c|☆1998 Mercedes-Benz|beast has died
|
|t:|1728009116
|switch|p1a: Milotic|Milotic, F|100/100
|-damage|p1a: Milotic|76/100|[from] Spikes
|
|-weather|Sandstorm|[upkeep]
|-damage|p1a: Milotic|70/100|[from] Sandstorm
|-heal|p1a: Milotic|76/100|[from] item: Leftovers
|-heal|p2a: Peetar|61/100|[from] item: Leftovers
|upkeep
|turn|19
|c|☆Dhgss|lol
|
|t:|1728009136
|move|p1a: Milotic|Surf|p2a: Peetar
|-supereffective|p2a: Peetar
|-crit|p2a: Peetar
|-damage|p2a: Peetar|0 fnt
|faint|p2a: Peetar
|
|t:|1728009143
|switch|p2a: stinker|Gengar, F|100/100
|
|-weather|Sandstorm|[upkeep]
|-damage|p2a: stinker|95/100|[from] Sandstorm
|-damage|p1a: Milotic|70/100|[from] Sandstorm
|-heal|p2a: stinker|100/100|[from] item: Leftovers
|-heal|p1a: Milotic|76/100|[from] item: Leftovers
|upkeep
|turn|20
|
|t:|1728009153
|switch|p1a: Jirachi|Jirachi|100/100
|-damage|p1a: Jirachi|75/100|[from] Spikes
|move|p2a: stinker|Will-O-Wisp|p1a: Jirachi
|-status|p1a: Jirachi|brn
|
|-weather|Sandstorm|[upkeep]
|-damage|p2a: stinker|95/100|[from] Sandstorm
|-heal|p2a: stinker|100/100|[from] item: Leftovers
|-heal|p1a: Jirachi|82/100 brn|[from] item: Leftovers
|-damage|p1a: Jirachi|69/100 brn|[from] brn
|upkeep
|turn|21
|
|t:|1728009158
|switch|p2a: Transfem|Swampert, F|100/100
|-damage|p2a: Transfem|88/100|[from] Spikes
|move|p1a: Jirachi|Wish|p1a: Jirachi
|
|-weather|Sandstorm|[upkeep]
|-heal|p1a: Jirachi|75/100 brn|[from] item: Leftovers
|-damage|p1a: Jirachi|63/100 brn|[from] brn
|-heal|p2a: Transfem|94/100|[from] item: Leftovers
|upkeep
|turn|22
|
|t:|1728009163
|switch|p1a: Milotic|Milotic, F|76/100
|-damage|p1a: Milotic|51/100|[from] Spikes
|move|p2a: Transfem|Curse|p2a: Transfem
|-unboost|p2a: Transfem|spe|1
|-boost|p2a: Transfem|atk|1
|-boost|p2a: Transfem|def|1
|
|-heal|p1a: Milotic|100/100|[from] move: Wish|[wisher] Jirachi
|-weather|Sandstorm|[upkeep]
|-damage|p1a: Milotic|94/100|[from] Sandstorm
|-heal|p1a: Milotic|100/100|[from] item: Leftovers
|-heal|p2a: Transfem|100/100|[from] item: Leftovers
|upkeep
|turn|23
|
|t:|1728009170
|move|p1a: Milotic|Toxic|p2a: Transfem|[miss]
|-miss|p1a: Milotic|p2a: Transfem
|move|p2a: Transfem|Earthquake|p1a: Milotic
|-damage|p1a: Milotic|57/100
|
|-weather|Sandstorm|[upkeep]
|-damage|p1a: Milotic|51/100|[from] Sandstorm
|-heal|p1a: Milotic|57/100|[from] item: Leftovers
|upkeep
|turn|24
|
|t:|1728009179
|move|p1a: Milotic|Toxic|p2a: Transfem
|-status|p2a: Transfem|tox
|move|p2a: Transfem|Curse|p2a: Transfem
|-unboost|p2a: Transfem|spe|1
|-boost|p2a: Transfem|atk|1
|-boost|p2a: Transfem|def|1
|
|-weather|Sandstorm|[upkeep]
|-damage|p1a: Milotic|51/100|[from] Sandstorm
|-heal|p1a: Milotic|57/100|[from] item: Leftovers
|-damage|p2a: Transfem|94/100 tox|[from] psn
|upkeep
|turn|25
|
|t:|1728009195
|move|p1a: Milotic|Recover|p1a: Milotic
|-heal|p1a: Milotic|100/100
|move|p2a: Transfem|Earthquake|p1a: Milotic
|-damage|p1a: Milotic|44/100
|
|-weather|Sandstorm|[upkeep]
|-damage|p1a: Milotic|38/100|[from] Sandstorm
|-heal|p1a: Milotic|44/100|[from] item: Leftovers
|-heal|p2a: Transfem|100/100 tox|[from] item: Leftovers
|-damage|p2a: Transfem|88/100 tox|[from] psn
|upkeep
|turn|26
|
|t:|1728009202
|move|p1a: Milotic|Recover|p1a: Milotic
|-heal|p1a: Milotic|94/100
|move|p2a: Transfem|Earthquake|p1a: Milotic
|-damage|p1a: Milotic|36/100
|
|-weather|Sandstorm|[upkeep]
|-damage|p1a: Milotic|30/100|[from] Sandstorm
|-heal|p1a: Milotic|36/100|[from] item: Leftovers
|-heal|p2a: Transfem|94/100 tox|[from] item: Leftovers
|-damage|p2a: Transfem|76/100 tox|[from] psn
|upkeep
|turn|27
|
|t:|1728009212
|move|p1a: Milotic|Recover|p1a: Milotic
|-heal|p1a: Milotic|86/100
|move|p2a: Transfem|Earthquake|p1a: Milotic
|-damage|p1a: Milotic|34/100
|
|-weather|Sandstorm|[upkeep]
|-damage|p1a: Milotic|28/100|[from] Sandstorm
|-heal|p1a: Milotic|34/100|[from] item: Leftovers
|-heal|p2a: Transfem|82/100 tox|[from] item: Leftovers
|-damage|p2a: Transfem|57/100 tox|[from] psn
|upkeep
|turn|28
|
|t:|1728009226
|move|p1a: Milotic|Surf|p2a: Transfem
|-damage|p2a: Transfem|28/100 tox
|move|p2a: Transfem|Earthquake|p1a: Milotic
|-damage|p1a: Milotic|0 fnt
|faint|p1a: Milotic
|
|t:|1728009243
|switch|p1a: Jolteon|Jolteon, M|67/100
|-damage|p1a: Jolteon|43/100|[from] Spikes
|
|-weather|Sandstorm|[upkeep]
|-damage|p1a: Jolteon|36/100|[from] Sandstorm
|-heal|p1a: Jolteon|43/100|[from] item: Leftovers
|-heal|p2a: Transfem|34/100 tox|[from] item: Leftovers
|-damage|p2a: Transfem|3/100 tox|[from] psn
|upkeep
|turn|29
|
|t:|1728009254
|move|p1a: Jolteon|Hidden Power|p2a: Transfem
|-supereffective|p2a: Transfem
|-damage|p2a: Transfem|0 fnt
|faint|p2a: Transfem
|
|t:|1728009264
|switch|p2a: stinker|Gengar, F|100/100
|
|-weather|Sandstorm|[upkeep]
|-damage|p1a: Jolteon|36/100|[from] Sandstorm
|-damage|p2a: stinker|95/100|[from] Sandstorm
|-heal|p1a: Jolteon|43/100|[from] item: Leftovers
|-heal|p2a: stinker|100/100|[from] item: Leftovers
|upkeep
|turn|30
|
|t:|1728009273
|move|p1a: Jolteon|Thunderbolt|p2a: stinker
|-damage|p2a: stinker|53/100
|move|p2a: stinker|Ice Punch|p1a: Jolteon
|-damage|p1a: Jolteon|14/100
|
|-weather|Sandstorm|[upkeep]
|-damage|p1a: Jolteon|8/100|[from] Sandstorm
|-damage|p2a: stinker|47/100|[from] Sandstorm
|-heal|p1a: Jolteon|14/100|[from] item: Leftovers
|-heal|p2a: stinker|53/100|[from] item: Leftovers
|upkeep
|turn|31
|
|t:|1728009285
|move|p1a: Jolteon|Thunderbolt|p2a: stinker
|-damage|p2a: stinker|4/100
|move|p2a: stinker|Ice Punch|p1a: Jolteon
|-damage|p1a: Jolteon|0 fnt
|faint|p1a: Jolteon
|
|t:|1728009294
|switch|p1a: Salamence|Salamence, M|94/100
|-ability|p1a: Salamence|Intimidate|boost
|-unboost|p2a: stinker|atk|1
|
|-weather|Sandstorm|[upkeep]
|-damage|p2a: stinker|0 fnt|[from] Sandstorm
|-damage|p1a: Salamence|88/100|[from] Sandstorm
|faint|p2a: stinker
|upkeep
|
|t:|1728009299
|switch|p2a: awawawa|Skarmory, F|70/100
|turn|32
|
|t:|1728009312
|move|p2a: awawawa|Protect|p2a: awawawa
|-singleturn|p2a: awawawa|Protect
|move|p1a: Salamence|Rock Slide|p2a: awawawa
|-activate|p2a: awawawa|Protect
|
|-weather|Sandstorm|[upkeep]
|-damage|p1a: Salamence|82/100|[from] Sandstorm
|-heal|p2a: awawawa|76/100|[from] item: Leftovers
|upkeep
|turn|33
|
|t:|1728009316
|move|p1a: Salamence|Rock Slide|p2a: awawawa
|-damage|p2a: awawawa|42/100
|move|p2a: awawawa|Drill Peck|p1a: Salamence
|-damage|p1a: Salamence|52/100
|
|-weather|Sandstorm|[upkeep]
|-damage|p1a: Salamence|46/100|[from] Sandstorm
|-heal|p2a: awawawa|48/100|[from] item: Leftovers
|upkeep
|turn|34
|
|t:|1728009321
|switch|p1a: Jirachi|Jirachi|63/100 brn
|-damage|p1a: Jirachi|38/100 brn|[from] Spikes
|move|p2a: awawawa|Protect||[still]
|-fail|p2a: awawawa
|
|-weather|Sandstorm|[upkeep]
|-heal|p1a: Jirachi|44/100 brn|[from] item: Leftovers
|-damage|p1a: Jirachi|32/100 brn|[from] brn
|-heal|p2a: awawawa|54/100|[from] item: Leftovers
|upkeep
|turn|35
|
|t:|1728009326
|move|p1a: Jirachi|Wish|p1a: Jirachi
|move|p2a: awawawa|Roar|p1a: Jirachi
|drag|p1a: Salamence|Salamence, M|46/100
|-ability|p1a: Salamence|Intimidate|boost
|-unboost|p2a: awawawa|atk|1
|
|-weather|Sandstorm|[upkeep]
|-damage|p1a: Salamence|40/100|[from] Sandstorm
|-heal|p2a: awawawa|60/100|[from] item: Leftovers
|upkeep
|turn|36
|
|t:|1728009336
|move|p1a: Salamence|Rock Slide|p2a: awawawa
|-damage|p2a: awawawa|23/100
|move|p2a: awawawa|Drill Peck|p1a: Salamence
|-damage|p1a: Salamence|21/100
|
|-heal|p1a: Salamence|71/100|[from] move: Wish|[wisher] Jirachi
|-weather|Sandstorm|[upkeep]
|-damage|p1a: Salamence|65/100|[from] Sandstorm
|-heal|p2a: awawawa|29/100|[from] item: Leftovers
|upkeep
|turn|37
|
|t:|1728009346
|switch|p1a: Jirachi|Jirachi|32/100 brn
|-damage|p1a: Jirachi|7/100 brn|[from] Spikes
|move|p2a: awawawa|Roar|p1a: Jirachi
|drag|p1a: Tyranitar|Tyranitar, M|100/100
|-damage|p1a: Tyranitar|76/100|[from] Spikes
|
|-weather|Sandstorm|[upkeep]
|-heal|p1a: Tyranitar|82/100|[from] item: Leftovers
|-heal|p2a: awawawa|35/100|[from] item: Leftovers
|upkeep
|turn|38
|
|t:|1728009354
|move|p1a: Tyranitar|Taunt|p2a: awawawa
|-start|p2a: awawawa|move: Taunt
|cant|p2a: awawawa|move: Taunt|Roar
|
|-weather|Sandstorm|[upkeep]
|-heal|p1a: Tyranitar|88/100|[from] item: Leftovers
|-heal|p2a: awawawa|41/100|[from] item: Leftovers
|upkeep
|turn|39
|
|t:|1728009359
|move|p1a: Tyranitar|Dragon Dance|p1a: Tyranitar
|-boost|p1a: Tyranitar|atk|1
|-boost|p1a: Tyranitar|spe|1
|move|p2a: awawawa|Drill Peck|p1a: Tyranitar
|-resisted|p1a: Tyranitar
|-crit|p1a: Tyranitar
|-damage|p1a: Tyranitar|70/100
|
|-weather|Sandstorm|[upkeep]
|-heal|p1a: Tyranitar|77/100|[from] item: Leftovers
|-heal|p2a: awawawa|47/100|[from] item: Leftovers
|-end|p2a: awawawa|move: Taunt|[silent]
|upkeep
|turn|40
|
|t:|1728009368
|switch|p2a: 2012|Aerodactyl, M|100/100
|move|p1a: Tyranitar|Taunt|p2a: 2012
|-start|p2a: 2012|move: Taunt
|
|-weather|Sandstorm|[upkeep]
|-heal|p1a: Tyranitar|83/100|[from] item: Leftovers
|upkeep
|turn|41
|c|☆1998 Mercedes-Benz|MY KING
|c|☆1998 Mercedes-Benz|PLERASE
|inactive|Dhgss has 270 seconds left.
|
|t:|1728009407
|move|p2a: 2012|Earthquake|p1a: Tyranitar
|-supereffective|p1a: Tyranitar
|-damage|p1a: Tyranitar|15/100
|move|p1a: Tyranitar|Rock Slide|p2a: 2012
|-supereffective|p2a: 2012
|-damage|p2a: 2012|0 fnt
|faint|p2a: 2012
|
|t:|1728009411
|switch|p2a: awawawa|Skarmory, F|47/100
|
|-weather|Sandstorm|[upkeep]
|-heal|p1a: Tyranitar|21/100|[from] item: Leftovers
|-heal|p2a: awawawa|53/100|[from] item: Leftovers
|upkeep
|turn|42
|c|☆1998 Mercedes-Benz|gg
|-message|1998 Mercedes-Benz forfeited.
|
|win|Dhgss
|c|☆Dhgss|GG
|player|p2|

</script>
<script type="application/json" class="data" id="replaydata-smogtours-gen3ou-794482">
{"id":"smogtours-gen3ou-794482","format":"[Gen 3] OU","players":["Dhgss","1998 Mercedes-Benz"],"uploadtime":1728009417,"views":132,"formatid":"gen3ou","rating":null,"private":0,"password":null}
</script>

<script defer src="js/replays.js?9d40a366"></script>
