<!DOCTYPE html>
<meta charset="utf-8" />
<meta name="viewport" content="width=device-width" />

<title>[Gen 3] OU: TheComanderXD vs. knexhawk2 - Replays - Pok&eacute;mon Showdown!</title>

<meta name="description" content="Watch a replay of a Pok&eacute;mon battle between TheComanderXD and knexhawk2! Format: [Gen 3] OU; Date: Oct 14, 2024" />
<!--

Hey, you! Looking in the source for the replay log?

You can find them in JSON format, just add `.json` at the end of a replay URL.

https://replay.pokemonshowdown.com/gen7randomdoublesbattle-865046831.json

Or, if you only need the log itself, add `.log` instead:

https://replay.pokemonshowdown.com/gen7randomdoublesbattle-865046831.log

-->

<link rel="stylesheet" href="//pokemonshowdown.com/style/global.css?0.767286132409787" />
<link rel="stylesheet" href="//play.pokemonshowdown.com/style/font-awesome.css?0.9266228007934947" />
<link rel="stylesheet" href="//play.pokemonshowdown.com/style/battle.css?0.7924700842790926" />
<link rel="stylesheet" href="//play.pokemonshowdown.com/style/utilichart.css?0.8777417872839479" />

<!-- Global site tag (gtag.js) - Google Analytics -->
<script async src="https://www.googletagmanager.com/gtag/js?id=UA-26211653-1"></script>
<script>
  window.dataLayer = window.dataLayer || [];
  function gtag(){dataLayer.push(arguments);}
  gtag('js', new Date());

  gtag('config', 'UA-26211653-1');
</script>
<!-- End Google Analytics -->
<!-- Venatus Ad Manager - Install in <HEAD> of page -->
	<script src="https://hb.vntsm.com/v3/live/ad-manager.min.js" type="text/javascript" data-site-id="642aba63ec9a7b11c3c9c1be" data-mode="scan" async></script>
<!-- / Venatus Ad Manager -->

<style>
	@media (max-width:820px) {
		.battle {
			margin: 0 auto;
		}
		.battle-log {
			margin: 7px auto 0;
			max-width: 640px;
			height: 300px;
			position: static;
		}
	}
	.optgroup {
		display: inline-block;
		line-height: 22px;
		font-size: 10pt;
	}
	.optgroup .button {
		height: 25px;
		padding-top: 0;
		padding-bottom: 0;
	}
	.optgroup button.button {
		padding-left: 12px;
		padding-right: 12px;
	}
	.linklist {
		list-style: none;
		margin: 0.5em 0;
		padding: 0;
	}
	.linklist li {
		padding: 2px 0;
	}
	.sidebar {
		float: left;
		width: 320px;
	}
	.bar-wrapper {
		max-width: 1100px;
		margin: 0 auto;
	}
	.bar-wrapper.has-sidebar {
		max-width: 1430px;
	}
	.mainbar {
		margin: 0;
		padding-right: 1px;
	}
	.mainbar.has-sidebar {
		margin-left: 330px;
	}
	@media (min-width: 1511px) {
		.sidebar {
			width: 400px;
		}
		.bar-wrapper.has-sidebar {
			max-width: 1510px;
		}
		.mainbar.has-sidebar {
			margin-left: 410px;
		}
	}
	.section.first-section {
		margin-top: 9px;
	}
	.blocklink small {
		white-space: normal;
	}
	.button {
		vertical-align: middle;
	}
	.replay-controls {
		padding-top: 10px;
	}
	.replay-controls h1 {
		font-size: 16pt;
		font-weight: normal;
		color: #CCC;
	}
	.pagelink {
		text-align: center;
	}
	.pagelink a {
		width: 150px;
	}
	.textbox, .button {
		font-size: 11pt;
		vertical-align: middle;
	}
	@media (max-width: 450px) {
		.button {
			font-size: 9pt;
		}
	}
</style>

<div>

	<header>
		<div class="nav-wrapper"><ul class="nav">
			<li><a class="button nav-first" href="//pokemonshowdown.com/"><img src="//pokemonshowdown.com/images/pokemonshowdownbeta.png" srcset="//pokemonshowdown.com/images/pokemonshowdownbeta.png 1x, //pokemonshowdown.com/images/pokemonshowdownbeta@2x.png 2x" alt="Pok&eacute;mon Showdown" width="146" height="44" /> Home</a></li>
			<li><a class="button" href="//pokemonshowdown.com/dex/">Pok&eacute;dex</a></li>
			<li><a class="button cur" href="/">Replays</a></li>
			<li><a class="button" href="//pokemonshowdown.com/ladder/">Ladder</a></li>
			<li><a class="button nav-last" href="//pokemonshowdown.com/forums/">Forum</a></li>
			<li><a class="button greenbutton nav-first nav-last" href="//play.pokemonshowdown.com/">Play</a></li>
		</ul></div>
	</header>

	<div class="main" id="main">

		<noscript><section class="section">You need to enable JavaScript to use this page; sorry!</section></noscript>

	</div>

</div>

<script defer nomodule src="//play.pokemonshowdown.com/js/lib/ps-polyfill.js"></script>
<script defer src="//play.pokemonshowdown.com/js/lib/preact.min.js"></script>

<script defer src="//play.pokemonshowdown.com/config/config.js?6dec07f6"></script>
<script defer src="//play.pokemonshowdown.com/js/lib/jquery-1.11.0.min.js"></script>
<script defer src="//play.pokemonshowdown.com/js/lib/html-sanitizer-minified.js"></script>
<script defer src="//play.pokemonshowdown.com/js/battle-sound.js"></script>
<script defer src="//play.pokemonshowdown.com/js/battledata.js?0.6315294753075389"></script>
<script defer src="//play.pokemonshowdown.com/data/pokedex-mini.js?0.7603743185311358"></script>
<script defer src="//play.pokemonshowdown.com/data/pokedex-mini-bw.js?0.030888842834281283"></script>
<script defer src="//play.pokemonshowdown.com/data/graphics.js?0.05593094747507488"></script>
<script defer src="//play.pokemonshowdown.com/data/pokedex.js?0.47064822249611904"></script>
<script defer src="//play.pokemonshowdown.com/data/moves.js?0.8583693120512459"></script>
<script defer src="//play.pokemonshowdown.com/data/abilities.js?0.16017181182386842"></script>
<script defer src="//play.pokemonshowdown.com/data/items.js?0.4163379185673943"></script>
<script defer src="//play.pokemonshowdown.com/data/teambuilder-tables.js?0.31075597372830477"></script>
<script defer src="//play.pokemonshowdown.com/js/battle-tooltips.js?0.6536193500708172"></script>
<script defer src="//play.pokemonshowdown.com/js/battle.js?0.1916591943277901"></script>

<script defer src="js/utils.js?e31f9a17"></script>
<script defer src="js/replays-battle.js?7008c182"></script>

<!-- don't scrape this data! just add .json or .log after the URL!
Full API docs: https://github.com/smogon/pokemon-showdown-client/blob/master/WEB-API.md -->
<script type="text/plain" class="log" id="replaylog-smogtours-gen3ou-798538">
|inactive|Battle timer is ON: inactive players will automatically lose when time's up.
|t:|1728864930
|gametype|singles
|player|p1|TheComanderXD|red|
|player|p2|knexhawk2|benga|
|teamsize|p1|6
|teamsize|p2|6
|gen|3
|tier|[Gen 3] OU
|rule|Sleep Clause Mod: Limit one foe put to sleep
|rule|Switch Priority Clause Mod: Faster Pokémon switch first
|rule|Species Clause: Limit one of each Pokémon
|rule|OHKO Clause: OHKO moves are banned
|rule|Evasion Items Clause: Evasion items are banned
|rule|Evasion Moves Clause: Evasion moves are banned
|rule|Endless Battle Clause: Forcing endless battles is banned
|rule|HP Percentage Mod: HP is shown in percentages
|rule|One Boost Passer Clause: Limit one Baton Passer that has a way to boost its stats
|rule|Freeze Clause Mod: Limit one foe frozen
|
|t:|1728864930
|start
|switch|p1a: I SEE|Salamence, F|100/100
|switch|p2a: Metagross|Metagross|100/100
|-ability|p1a: I SEE|Intimidate|boost
|-fail|p2a: Metagross|unboost|[from] ability: Clear Body|[of] p2a: Metagross
|turn|1
|inactive|knexhawk2 has 270 seconds left.
|
|t:|1728864961
|switch|p1a: YELLOW|Metagross, shiny|100/100
|switch|p2a: Starmie|Starmie|100/100
|
|upkeep
|turn|2
|
|t:|1728864982
|switch|p2a: Skarmory|Skarmory, M|100/100
|switch|p1a: The Vern Nation|Blissey, F|100/100
|
|upkeep
|turn|3
|
|t:|1728865001
|move|p2a: Skarmory|Spikes|p1a: The Vern Nation
|-sidestart|p1: TheComanderXD|Spikes
|move|p1a: The Vern Nation|Thunderbolt|p2a: Skarmory
|-supereffective|p2a: Skarmory
|-damage|p2a: Skarmory|51/100
|
|-heal|p2a: Skarmory|57/100|[from] item: Leftovers
|upkeep
|turn|4
|inactive|knexhawk2 has 270 seconds left.
|
|t:|1728865029
|switch|p2a: Metagross|Metagross|100/100
|move|p1a: The Vern Nation|Thunderbolt|p2a: Metagross
|-damage|p2a: Metagross|69/100
|
|upkeep
|turn|5
|inactive|knexhawk2 has 270 seconds left.
|inactive|TheComanderXD has 270 seconds left.
|
|t:|1728865072
|switch|p1a: Bee me? Me Bee|Skarmory, F|100/100
|move|p2a: Metagross|Double-Edge|p1a: Bee me? Me Bee
|-resisted|p1a: Bee me? Me Bee
|-damage|p1a: Bee me? Me Bee|76/100
|-damage|p2a: Metagross|62/100|[from] Recoil|[of] p1a: Bee me? Me Bee
|
|-heal|p1a: Bee me? Me Bee|82/100|[from] item: Leftovers
|upkeep
|turn|6
|inactive|TheComanderXD has 270 seconds left.
|
|t:|1728865080
|switch|p2a: Jolteon|Jolteon, F|100/100
|move|p1a: Bee me? Me Bee|Spikes|p2a: Jolteon
|-sidestart|p2: knexhawk2|Spikes
|
|-heal|p1a: Bee me? Me Bee|88/100|[from] item: Leftovers
|upkeep
|turn|7
|
|t:|1728865086
|move|p1a: Bee me? Me Bee|Protect|p1a: Bee me? Me Bee
|-singleturn|p1a: Bee me? Me Bee|Protect
|move|p2a: Jolteon|Thunderbolt|p1a: Bee me? Me Bee
|-activate|p1a: Bee me? Me Bee|Protect
|
|-heal|p1a: Bee me? Me Bee|94/100|[from] item: Leftovers
|upkeep
|turn|8
|inactive|TheComanderXD has 270 seconds left.
|
|t:|1728865108
|switch|p1a: Perfect Rotation|Claydol|100/100
|move|p2a: Jolteon|Baton Pass|p2a: Jolteon
|
|t:|1728865111
|switch|p2a: Starmie|Starmie|100/100|[from] Baton Pass
|-damage|p2a: Starmie|88/100|[from] Spikes
|
|-heal|p2a: Starmie|94/100|[from] item: Leftovers
|upkeep
|turn|9
|
|t:|1728865120
|switch|p2a: Tyranitar|Tyranitar, M|100/100
|-damage|p2a: Tyranitar|88/100|[from] Spikes
|-weather|Sandstorm|[from] ability: Sand Stream|[of] p2a: Tyranitar
|switch|p1a: The Vern Nation|Blissey, F|100/100
|-damage|p1a: The Vern Nation|88/100|[from] Spikes
|
|-weather|Sandstorm|[upkeep]
|-damage|p1a: The Vern Nation|82/100|[from] Sandstorm
|-heal|p1a: The Vern Nation|88/100|[from] item: Leftovers
|upkeep
|turn|10
|
|t:|1728865133
|switch|p1a: Bee me? Me Bee|Skarmory, F|94/100
|move|p2a: Tyranitar|Dragon Dance|p2a: Tyranitar
|-boost|p2a: Tyranitar|atk|1
|-boost|p2a: Tyranitar|spe|1
|
|-weather|Sandstorm|[upkeep]
|-heal|p1a: Bee me? Me Bee|100/100|[from] item: Leftovers
|upkeep
|turn|11
|
|t:|1728865141
|move|p2a: Tyranitar|Rock Slide|p1a: Bee me? Me Bee
|-damage|p1a: Bee me? Me Bee|50/100
|cant|p1a: Bee me? Me Bee|flinch
|
|-weather|Sandstorm|[upkeep]
|-heal|p1a: Bee me? Me Bee|56/100|[from] item: Leftovers
|upkeep
|turn|12
|
|t:|1728865148
|move|p1a: Bee me? Me Bee|Protect|p1a: Bee me? Me Bee
|-singleturn|p1a: Bee me? Me Bee|Protect
|move|p2a: Tyranitar|Rock Slide|p1a: Bee me? Me Bee
|-activate|p1a: Bee me? Me Bee|Protect
|
|-weather|Sandstorm|[upkeep]
|-heal|p1a: Bee me? Me Bee|62/100|[from] item: Leftovers
|upkeep
|turn|13
|inactive|TheComanderXD has 270 seconds left.
|inactive|TheComanderXD has 240 seconds left.
|
|t:|1728865204
|switch|p1a: YELLOW|Metagross, shiny|100/100
|-damage|p1a: YELLOW|88/100|[from] Spikes
|move|p2a: Tyranitar|Rock Slide|p1a: YELLOW
|-resisted|p1a: YELLOW
|-damage|p1a: YELLOW|67/100
|
|-weather|Sandstorm|[upkeep]
|-heal|p1a: YELLOW|73/100|[from] item: Leftovers
|upkeep
|turn|14
|inactive|TheComanderXD has 240 seconds left.
|inactive|knexhawk2 has 270 seconds left.
|
|t:|1728865242
|move|p1a: YELLOW|Protect|p1a: YELLOW
|-singleturn|p1a: YELLOW|Protect
|move|p2a: Tyranitar|Earthquake|p1a: YELLOW
|-activate|p1a: YELLOW|Protect
|
|-weather|Sandstorm|[upkeep]
|-heal|p1a: YELLOW|79/100|[from] item: Leftovers
|upkeep
|turn|15
|inactive|TheComanderXD has 240 seconds left.
|inactive|knexhawk2 has 270 seconds left.
|inactive|TheComanderXD has 210 seconds left.
|
|t:|1728865289
|move|p2a: Tyranitar|Earthquake|p1a: YELLOW
|-supereffective|p1a: YELLOW
|-damage|p1a: YELLOW|11/100
|move|p1a: YELLOW|Meteor Mash|p2a: Tyranitar
|-supereffective|p2a: Tyranitar
|-damage|p2a: Tyranitar|2/100
|
|-weather|Sandstorm|[upkeep]
|-heal|p1a: YELLOW|17/100|[from] item: Leftovers
|upkeep
|turn|16
|inactive|TheComanderXD has 210 seconds left.
|
|t:|1728865308
|switch|p1a: I SEE|Salamence, F|100/100
|-ability|p1a: I SEE|Intimidate|boost
|-unboost|p2a: Tyranitar|atk|1
|move|p2a: Tyranitar|Hidden Power|p1a: I SEE
|-resisted|p1a: I SEE
|-damage|p1a: I SEE|86/100
|
|-weather|Sandstorm|[upkeep]
|-damage|p1a: I SEE|80/100|[from] Sandstorm
|-heal|p1a: I SEE|86/100|[from] item: Leftovers
|upkeep
|turn|17
|inactive|TheComanderXD has 180 seconds left.
|
|t:|1728865343
|switch|p2a: Skarmory|Skarmory, M|57/100
|switch|p1a: YELLOW|Metagross, shiny|17/100
|-damage|p1a: YELLOW|5/100|[from] Spikes
|
|-weather|Sandstorm|[upkeep]
|-heal|p2a: Skarmory|63/100|[from] item: Leftovers
|-heal|p1a: YELLOW|11/100|[from] item: Leftovers
|upkeep
|turn|18
|inactive|TheComanderXD has 180 seconds left.
|
|t:|1728865352
|move|p2a: Skarmory|Spikes|p1a: YELLOW
|-sidestart|p1: TheComanderXD|Spikes
|move|p1a: YELLOW|Explosion|p2a: Skarmory
|-resisted|p2a: Skarmory
|-damage|p2a: Skarmory|0 fnt
|faint|p1a: YELLOW
|faint|p2a: Skarmory
|inactive|TheComanderXD has 180 seconds left.
|
|t:|1728865374
|switch|p2a: Starmie|Starmie|94/100
|switch|p1a: I SEE|Salamence, F|86/100
|-damage|p2a: Starmie|82/100|[from] Spikes
|-ability|p1a: I SEE|Intimidate|boost
|-unboost|p2a: Starmie|atk|1
|
|-weather|Sandstorm|[upkeep]
|-damage|p2a: Starmie|76/100|[from] Sandstorm
|-damage|p1a: I SEE|80/100|[from] Sandstorm
|-heal|p2a: Starmie|82/100|[from] item: Leftovers
|-heal|p1a: I SEE|86/100|[from] item: Leftovers
|upkeep
|turn|19
|
|t:|1728865390
|switch|p1a: The Vern Nation|Blissey, F|88/100
|-damage|p1a: The Vern Nation|71/100|[from] Spikes
|move|p2a: Starmie|Ice Beam|p1a: The Vern Nation
|-damage|p1a: The Vern Nation|59/100
|
|-weather|Sandstorm|[upkeep]
|-damage|p2a: Starmie|76/100|[from] Sandstorm
|-damage|p1a: The Vern Nation|53/100|[from] Sandstorm
|-heal|p2a: Starmie|82/100|[from] item: Leftovers
|-heal|p1a: The Vern Nation|59/100|[from] item: Leftovers
|upkeep
|turn|20
|
|t:|1728865403
|switch|p2a: Jolteon|Jolteon, F|100/100
|-damage|p2a: Jolteon|88/100|[from] Spikes
|move|p1a: The Vern Nation|Sing|p2a: Jolteon
|-status|p2a: Jolteon|slp|[from] move: Sing
|
|-weather|Sandstorm|[upkeep]
|-damage|p2a: Jolteon|82/100 slp|[from] Sandstorm
|-damage|p1a: The Vern Nation|53/100|[from] Sandstorm
|-heal|p2a: Jolteon|88/100 slp|[from] item: Leftovers
|-heal|p1a: The Vern Nation|59/100|[from] item: Leftovers
|upkeep
|turn|21
|inactive|TheComanderXD has 150 seconds left.
|
|t:|1728865445
|switch|p2a: Metagross|Metagross|62/100
|-damage|p2a: Metagross|49/100|[from] Spikes
|switch|p1a: Perfect Rotation|Claydol|100/100
|
|-weather|Sandstorm|[upkeep]
|upkeep
|turn|22
|
|t:|1728865471
|switch|p2a: Tyranitar|Tyranitar, M|2/100
|-damage|p2a: Tyranitar|0 fnt|[from] Spikes
|faint|p2a: Tyranitar
|
|t:|1728865472
|switch|p2a: Starmie|Starmie|82/100
|-damage|p2a: Starmie|70/100|[from] Spikes
|
|-weather|Sandstorm|[upkeep]
|-damage|p2a: Starmie|64/100|[from] Sandstorm
|-heal|p2a: Starmie|70/100|[from] item: Leftovers
|upkeep
|turn|23
|inactive|knexhawk2 has 270 seconds left.
|inactive|TheComanderXD has 120 seconds left.
|
|t:|1728865514
|switch|p1a: I SEE|Salamence, F|86/100
|-ability|p1a: I SEE|Intimidate|boost
|-unboost|p2a: Starmie|atk|1
|move|p2a: Starmie|Hydro Pump|p1a: I SEE
|-resisted|p1a: I SEE
|-damage|p1a: I SEE|49/100
|
|-weather|Sandstorm|[upkeep]
|-damage|p2a: Starmie|64/100|[from] Sandstorm
|-damage|p1a: I SEE|43/100|[from] Sandstorm
|-heal|p2a: Starmie|70/100|[from] item: Leftovers
|-heal|p1a: I SEE|49/100|[from] item: Leftovers
|upkeep
|turn|24
|inactive|TheComanderXD has 120 seconds left.
|
|t:|1728865524
|switch|p2a: Metagross|Metagross|49/100
|-damage|p2a: Metagross|37/100|[from] Spikes
|switch|p1a: The Vern Nation|Blissey, F|59/100
|-damage|p1a: The Vern Nation|43/100|[from] Spikes
|
|-weather|Sandstorm|[upkeep]
|-damage|p1a: The Vern Nation|37/100|[from] Sandstorm
|-heal|p1a: The Vern Nation|43/100|[from] item: Leftovers
|upkeep
|turn|25
|inactive|TheComanderXD has 120 seconds left.
|
|t:|1728865537
|switch|p1a: Bee me? Me Bee|Skarmory, F|62/100
|move|p2a: Metagross|Meteor Mash|p1a: Bee me? Me Bee
|-resisted|p1a: Bee me? Me Bee
|-damage|p1a: Bee me? Me Bee|27/100
|
|-weather|Sandstorm|[upkeep]
|-heal|p1a: Bee me? Me Bee|33/100|[from] item: Leftovers
|upkeep
|turn|26
|inactive|TheComanderXD has 120 seconds left.
|
|t:|1728865546
|move|p1a: Bee me? Me Bee|Protect|p1a: Bee me? Me Bee
|-singleturn|p1a: Bee me? Me Bee|Protect
|move|p2a: Metagross|Meteor Mash|p1a: Bee me? Me Bee|[miss]
|-miss|p2a: Metagross|p1a: Bee me? Me Bee
|
|-weather|Sandstorm|[upkeep]
|-heal|p1a: Bee me? Me Bee|39/100|[from] item: Leftovers
|upkeep
|turn|27
|
|t:|1728865553
|move|p2a: Metagross|Meteor Mash|p1a: Bee me? Me Bee
|-resisted|p1a: Bee me? Me Bee
|-damage|p1a: Bee me? Me Bee|4/100
|move|p1a: Bee me? Me Bee|Spikes|p2a: Metagross
|-sidestart|p2: knexhawk2|Spikes
|
|-weather|Sandstorm|[upkeep]
|-heal|p1a: Bee me? Me Bee|10/100|[from] item: Leftovers
|upkeep
|turn|28
|inactive|TheComanderXD has 120 seconds left.
|inactive|TheComanderXD has 90 seconds left.
|
|t:|1728865599
|switch|p2a: Salamence|Salamence, F|100/100
|-ability|p2a: Salamence|Intimidate|boost
|-unboost|p1a: Bee me? Me Bee|atk|1
|move|p1a: Bee me? Me Bee|Protect||[still]
|-fail|p1a: Bee me? Me Bee
|
|-weather|Sandstorm|[upkeep]
|-damage|p2a: Salamence|94/100|[from] Sandstorm
|-heal|p2a: Salamence|100/100|[from] item: Leftovers
|-heal|p1a: Bee me? Me Bee|17/100|[from] item: Leftovers
|upkeep
|turn|29
|inactive|TheComanderXD has 90 seconds left.
|
|t:|1728865609
|move|p2a: Salamence|Fire Blast|p1a: Bee me? Me Bee
|-supereffective|p1a: Bee me? Me Bee
|-damage|p1a: Bee me? Me Bee|0 fnt
|faint|p1a: Bee me? Me Bee
|inactive|TheComanderXD has 90 seconds left.
|
|t:|1728865632
|switch|p1a: Perfect Rotation|Claydol|100/100
|
|-weather|Sandstorm|[upkeep]
|-damage|p2a: Salamence|94/100|[from] Sandstorm
|-heal|p2a: Salamence|100/100|[from] item: Leftovers
|upkeep
|turn|30
|
|t:|1728865641
|switch|p2a: Metagross|Metagross|37/100
|-damage|p2a: Metagross|20/100|[from] Spikes
|move|p1a: Perfect Rotation|Psychic|p2a: Metagross
|-resisted|p2a: Metagross
|-crit|p2a: Metagross
|-damage|p2a: Metagross|8/100
|
|-weather|Sandstorm|[upkeep]
|upkeep
|turn|31
|inactive|TheComanderXD has 60 seconds left.
|inactive|TheComanderXD has 30 seconds left.
|inactive|knexhawk2 has 270 seconds left.
|inactive|TheComanderXD has 20 seconds left.
|
|t:|1728865714
|move|p2a: Metagross|Explosion|p1a: Perfect Rotation
|-damage|p1a: Perfect Rotation|0 fnt
|faint|p2a: Metagross
|faint|p1a: Perfect Rotation
|inactive|TheComanderXD has 30 seconds left this turn.
|inactive|knexhawk2 has 270 seconds left.
|
|t:|1728865743
|switch|p2a: Salamence|Salamence, F|100/100
|switch|p1a: I SEE|Salamence, F|49/100
|-ability|p1a: I SEE|Intimidate|boost
|-unboost|p2a: Salamence|atk|1
|-ability|p2a: Salamence|Intimidate|boost
|-unboost|p1a: I SEE|atk|1
|
|-weather|Sandstorm|[upkeep]
|-damage|p1a: I SEE|43/100|[from] Sandstorm
|-damage|p2a: Salamence|94/100|[from] Sandstorm
|-heal|p1a: I SEE|49/100|[from] item: Leftovers
|-heal|p2a: Salamence|100/100|[from] item: Leftovers
|upkeep
|turn|32
|inactive|TheComanderXD has 30 seconds left.
|inactive|TheComanderXD has 20 seconds left.
|inactive|TheComanderXD has 15 seconds left.
|
|t:|1728865765
|switch|p2a: Jolteon|Jolteon, F|88/100 slp
|-damage|p2a: Jolteon|72/100 slp|[from] Spikes
|move|p1a: I SEE|Dragon Claw|p2a: Jolteon
|-damage|p2a: Jolteon|22/100 slp
|
|-weather|Sandstorm|[upkeep]
|-damage|p2a: Jolteon|16/100 slp|[from] Sandstorm
|-damage|p1a: I SEE|43/100|[from] Sandstorm
|-heal|p2a: Jolteon|22/100 slp|[from] item: Leftovers
|-heal|p1a: I SEE|49/100|[from] item: Leftovers
|upkeep
|turn|33
|inactive|TheComanderXD has 25 seconds left this turn.
|inactive|TheComanderXD has 20 seconds left.
|inactive|TheComanderXD has 15 seconds left.
|inactive|knexhawk2 has 240 seconds left.
|
|t:|1728865791
|cant|p2a: Jolteon|slp
|move|p1a: I SEE|Dragon Claw|p2a: Jolteon
|-damage|p2a: Jolteon|0 fnt
|faint|p2a: Jolteon
|inactive|TheComanderXD has 20 seconds left this turn.
|
|t:|1728865792
|switch|p2a: Starmie|Starmie|70/100
|-damage|p2a: Starmie|53/100|[from] Spikes
|
|-weather|Sandstorm|[upkeep]
|-damage|p2a: Starmie|47/100|[from] Sandstorm
|-damage|p1a: I SEE|43/100|[from] Sandstorm
|-heal|p2a: Starmie|53/100|[from] item: Leftovers
|-heal|p1a: I SEE|49/100|[from] item: Leftovers
|upkeep
|turn|34
|inactive|TheComanderXD has 30 seconds left this turn.
|inactive|knexhawk2 has 240 seconds left.
|inactive|TheComanderXD has 20 seconds left.
|inactive|TheComanderXD has 15 seconds left.
|inactive|TheComanderXD has 10 seconds left.
|
|t:|1728865813
|move|p2a: Starmie|Psychic|p1a: I SEE
|-damage|p1a: I SEE|0 fnt
|faint|p1a: I SEE
|inactive|TheComanderXD has 15 seconds left this turn.
|
|t:|1728865816
|switch|p1a: The Vern Nation|Blissey, F|43/100
|-damage|p1a: The Vern Nation|26/100|[from] Spikes
|
|-weather|Sandstorm|[upkeep]
|-damage|p2a: Starmie|47/100|[from] Sandstorm
|-damage|p1a: The Vern Nation|20/100|[from] Sandstorm
|-heal|p2a: Starmie|53/100|[from] item: Leftovers
|-heal|p1a: The Vern Nation|26/100|[from] item: Leftovers
|upkeep
|turn|35
|inactive|TheComanderXD has 25 seconds left this turn.
|inactive|TheComanderXD has 20 seconds left.
|
|t:|1728865825
|switch|p2a: Salamence|Salamence, F|100/100
|-ability|p2a: Salamence|Intimidate|boost
|-unboost|p1a: The Vern Nation|atk|1
|move|p1a: The Vern Nation|Soft-Boiled|p1a: The Vern Nation
|-heal|p1a: The Vern Nation|76/100
|
|-weather|Sandstorm|[upkeep]
|-damage|p2a: Salamence|94/100|[from] Sandstorm
|-damage|p1a: The Vern Nation|70/100|[from] Sandstorm
|-heal|p2a: Salamence|100/100|[from] item: Leftovers
|-heal|p1a: The Vern Nation|76/100|[from] item: Leftovers
|upkeep
|turn|36
|inactive|TheComanderXD has 30 seconds left this turn.
|inactive|TheComanderXD has 20 seconds left.
|
|t:|1728865835
|move|p2a: Salamence|Brick Break|p1a: The Vern Nation
|-supereffective|p1a: The Vern Nation
|-damage|p1a: The Vern Nation|22/100
|move|p1a: The Vern Nation|Ice Beam|p2a: Salamence
|-supereffective|p2a: Salamence
|-damage|p2a: Salamence|0 fnt
|faint|p2a: Salamence
|inactive|TheComanderXD has 25 seconds left this turn.
|
|t:|1728865840
|switch|p2a: Starmie|Starmie|53/100
|-damage|p2a: Starmie|37/100|[from] Spikes
|
|-weather|Sandstorm|[upkeep]
|-damage|p2a: Starmie|31/100|[from] Sandstorm
|-damage|p1a: The Vern Nation|16/100|[from] Sandstorm
|-heal|p2a: Starmie|37/100|[from] item: Leftovers
|-heal|p1a: The Vern Nation|22/100|[from] item: Leftovers
|upkeep
|turn|37
|inactive|TheComanderXD has 30 seconds left.
|
|t:|1728865849
|move|p2a: Starmie|Hydro Pump|p1a: The Vern Nation
|-damage|p1a: The Vern Nation|0 fnt
|faint|p1a: The Vern Nation
|
|t:|1728865853
|switch|p1a: *Monke Noises*|Tyranitar, M|100/100
|-damage|p1a: *Monke Noises*|84/100|[from] Spikes
|
|-weather|Sandstorm|[upkeep]
|-damage|p2a: Starmie|31/100|[from] Sandstorm
|-heal|p2a: Starmie|37/100|[from] item: Leftovers
|-heal|p1a: *Monke Noises*|90/100|[from] item: Leftovers
|upkeep
|turn|38
|
|t:|1728865863
|move|p2a: Starmie|Hydro Pump|p1a: *Monke Noises*
|-supereffective|p1a: *Monke Noises*
|-damage|p1a: *Monke Noises*|2/100
|move|p1a: *Monke Noises*|Hidden Power|p2a: Starmie
|-supereffective|p2a: Starmie
|-damage|p2a: Starmie|0 fnt
|faint|p2a: Starmie
|
|win|TheComanderXD

</script>
<script type="application/json" class="data" id="replaydata-smogtours-gen3ou-798538">
{"id":"smogtours-gen3ou-798538","format":"[Gen 3] OU","players":["TheComanderXD","knexhawk2"],"uploadtime":1728865863,"views":132,"formatid":"gen3ou","rating":null,"private":0,"password":null}
</script>

<script defer src="js/replays.js?9d40a366"></script>
