<!DOCTYPE html>
<meta charset="utf-8" />
<meta name="viewport" content="width=device-width" />

<title>[Gen 3] OU: Kvist vs. TheDHope - Replays - Pok&eacute;mon Showdown!</title>

<meta name="description" content="Watch a replay of a Pok&eacute;mon battle between Kvist and TheDHope! Format: [Gen 3] OU; Date: Oct 5, 2024" />
<!--

Hey, you! Looking in the source for the replay log?

You can find them in JSON format, just add `.json` at the end of a replay URL.

https://replay.pokemonshowdown.com/gen7randomdoublesbattle-865046831.json

Or, if you only need the log itself, add `.log` instead:

https://replay.pokemonshowdown.com/gen7randomdoublesbattle-865046831.log

-->

<link rel="stylesheet" href="//pokemonshowdown.com/style/global.css?0.023195364461161105" />
<link rel="stylesheet" href="//play.pokemonshowdown.com/style/font-awesome.css?0.13261647063804238" />
<link rel="stylesheet" href="//play.pokemonshowdown.com/style/battle.css?0.8753245789963631" />
<link rel="stylesheet" href="//play.pokemonshowdown.com/style/utilichart.css?0.8627959624976733" />

<!-- Global site tag (gtag.js) - Google Analytics -->
<script async src="https://www.googletagmanager.com/gtag/js?id=UA-26211653-1"></script>
<script>
  window.dataLayer = window.dataLayer || [];
  function gtag(){dataLayer.push(arguments);}
  gtag('js', new Date());

  gtag('config', 'UA-26211653-1');
</script>
<!-- End Google Analytics -->
<!-- Venatus Ad Manager - Install in <HEAD> of page -->
	<script src="https://hb.vntsm.com/v3/live/ad-manager.min.js" type="text/javascript" data-site-id="642aba63ec9a7b11c3c9c1be" data-mode="scan" async></script>
<!-- / Venatus Ad Manager -->

<style>
	@media (max-width:820px) {
		.battle {
			margin: 0 auto;
		}
		.battle-log {
			margin: 7px auto 0;
			max-width: 640px;
			height: 300px;
			position: static;
		}
	}
	.optgroup {
		display: inline-block;
		line-height: 22px;
		font-size: 10pt;
	}
	.optgroup .button {
		height: 25px;
		padding-top: 0;
		padding-bottom: 0;
	}
	.optgroup button.button {
		padding-left: 12px;
		padding-right: 12px;
	}
	.linklist {
		list-style: none;
		margin: 0.5em 0;
		padding: 0;
	}
	.linklist li {
		padding: 2px 0;
	}
	.sidebar {
		float: left;
		width: 320px;
	}
	.bar-wrapper {
		max-width: 1100px;
		margin: 0 auto;
	}
	.bar-wrapper.has-sidebar {
		max-width: 1430px;
	}
	.mainbar {
		margin: 0;
		padding-right: 1px;
	}
	.mainbar.has-sidebar {
		margin-left: 330px;
	}
	@media (min-width: 1511px) {
		.sidebar {
			width: 400px;
		}
		.bar-wrapper.has-sidebar {
			max-width: 1510px;
		}
		.mainbar.has-sidebar {
			margin-left: 410px;
		}
	}
	.section.first-section {
		margin-top: 9px;
	}
	.blocklink small {
		white-space: normal;
	}
	.button {
		vertical-align: middle;
	}
	.replay-controls {
		padding-top: 10px;
	}
	.replay-controls h1 {
		font-size: 16pt;
		font-weight: normal;
		color: #CCC;
	}
	.pagelink {
		text-align: center;
	}
	.pagelink a {
		width: 150px;
	}
	.textbox, .button {
		font-size: 11pt;
		vertical-align: middle;
	}
	@media (max-width: 450px) {
		.button {
			font-size: 9pt;
		}
	}
</style>

<div>

	<header>
		<div class="nav-wrapper"><ul class="nav">
			<li><a class="button nav-first" href="//pokemonshowdown.com/"><img src="//pokemonshowdown.com/images/pokemonshowdownbeta.png" srcset="//pokemonshowdown.com/images/pokemonshowdownbeta.png 1x, //pokemonshowdown.com/images/pokemonshowdownbeta@2x.png 2x" alt="Pok&eacute;mon Showdown" width="146" height="44" /> Home</a></li>
			<li><a class="button" href="//pokemonshowdown.com/dex/">Pok&eacute;dex</a></li>
			<li><a class="button cur" href="/">Replays</a></li>
			<li><a class="button" href="//pokemonshowdown.com/ladder/">Ladder</a></li>
			<li><a class="button nav-last" href="//pokemonshowdown.com/forums/">Forum</a></li>
			<li><a class="button greenbutton nav-first nav-last" href="//play.pokemonshowdown.com/">Play</a></li>
		</ul></div>
	</header>

	<div class="main" id="main">

		<noscript><section class="section">You need to enable JavaScript to use this page; sorry!</section></noscript>

	</div>

</div>

<script defer nomodule src="//play.pokemonshowdown.com/js/lib/ps-polyfill.js"></script>
<script defer src="//play.pokemonshowdown.com/js/lib/preact.min.js"></script>

<script defer src="//play.pokemonshowdown.com/config/config.js?2bddbc15"></script>
<script defer src="//play.pokemonshowdown.com/js/lib/jquery-1.11.0.min.js"></script>
<script defer src="//play.pokemonshowdown.com/js/lib/html-sanitizer-minified.js"></script>
<script defer src="//play.pokemonshowdown.com/js/battle-sound.js"></script>
<script defer src="//play.pokemonshowdown.com/js/battledata.js?0.7209276989879541"></script>
<script defer src="//play.pokemonshowdown.com/data/pokedex-mini.js?0.6111056340867951"></script>
<script defer src="//play.pokemonshowdown.com/data/pokedex-mini-bw.js?0.3532142036491459"></script>
<script defer src="//play.pokemonshowdown.com/data/graphics.js?0.24223875632456182"></script>
<script defer src="//play.pokemonshowdown.com/data/pokedex.js?0.38839984266356864"></script>
<script defer src="//play.pokemonshowdown.com/data/moves.js?0.21866028504024015"></script>
<script defer src="//play.pokemonshowdown.com/data/abilities.js?0.2005157953846628"></script>
<script defer src="//play.pokemonshowdown.com/data/items.js?0.9894211263848525"></script>
<script defer src="//play.pokemonshowdown.com/data/teambuilder-tables.js?0.6008791140282215"></script>
<script defer src="//play.pokemonshowdown.com/js/battle-tooltips.js?0.7580118955022959"></script>
<script defer src="//play.pokemonshowdown.com/js/battle.js?0.6057722274234274"></script>

<script defer src="js/utils.js?e31f9a17"></script>
<script defer src="js/replays-battle.js?7008c182"></script>

<!-- don't scrape this data! just add .json or .log after the URL!
Full API docs: https://github.com/smogon/pokemon-showdown-client/blob/master/WEB-API.md -->
<script type="text/plain" class="log" id="replaylog-smogtours-gen3ou-795126">
|inactive|Battle timer is ON: inactive players will automatically lose when time's up.
|t:|1728155289
|gametype|singles
|player|p1|Kvist|silver-gen2|
|player|p2|TheDHope|drayden|
|teamsize|p1|6
|teamsize|p2|6
|gen|3
|tier|[Gen 3] OU
|rule|Sleep Clause Mod: Limit one foe put to sleep
|rule|Switch Priority Clause Mod: Faster Pokémon switch first
|rule|Species Clause: Limit one of each Pokémon
|rule|OHKO Clause: OHKO moves are banned
|rule|Evasion Items Clause: Evasion items are banned
|rule|Evasion Moves Clause: Evasion moves are banned
|rule|Endless Battle Clause: Forcing endless battles is banned
|rule|HP Percentage Mod: HP is shown in percentages
|rule|One Boost Passer Clause: Limit one Baton Passer that has a way to boost its stats
|rule|Freeze Clause Mod: Limit one foe frozen
|
|t:|1728155289
|start
|switch|p1a: Zapdos|Zapdos|100/100
|switch|p2a: Tyranitar|Tyranitar, M|100/100
|-weather|Sandstorm|[from] ability: Sand Stream|[of] p2a: Tyranitar
|turn|1
|c|☆TheDHope|Hf
|
|t:|1728155310
|move|p1a: Zapdos|Baton Pass|p1a: Zapdos
|c|☆Kvist|hf
|
|t:|1728155312
|switch|p1a: Suicune|Suicune, shiny|100/100|[from] Baton Pass
|move|p2a: Tyranitar|Rock Slide|p1a: Suicune
|-crit|p1a: Suicune
|-damage|p1a: Suicune|54/100
|
|-weather|Sandstorm|[upkeep]
|-damage|p1a: Suicune|48/100|[from] Sandstorm
|-heal|p1a: Suicune|54/100|[from] item: Leftovers
|upkeep
|turn|2
|
|t:|1728155323
|switch|p2a: Celebi|Celebi|100/100
|move|p1a: Suicune|Surf|p2a: Celebi
|-resisted|p2a: Celebi
|-damage|p2a: Celebi|87/100
|
|-weather|Sandstorm|[upkeep]
|-damage|p2a: Celebi|81/100|[from] Sandstorm
|-damage|p1a: Suicune|48/100|[from] Sandstorm
|-heal|p2a: Celebi|87/100|[from] item: Leftovers
|-heal|p1a: Suicune|54/100|[from] item: Leftovers
|upkeep
|turn|3
|
|t:|1728155335
|switch|p1a: Metagross|Metagross, shiny|100/100
|move|p2a: Celebi|Leech Seed|p1a: Metagross
|-start|p1a: Metagross|move: Leech Seed
|
|-weather|Sandstorm|[upkeep]
|-damage|p2a: Celebi|81/100|[from] Sandstorm
|-heal|p2a: Celebi|87/100|[from] item: Leftovers
|-damage|p1a: Metagross|88/100|[from] Leech Seed|[of] p2a: Celebi
|-heal|p2a: Celebi|98/100|[silent]
|upkeep
|turn|4
|
|t:|1728155363
|switch|p2a: Skarmory|Skarmory, F|100/100
|move|p1a: Metagross|Meteor Mash|p2a: Skarmory
|-resisted|p2a: Skarmory
|-damage|p2a: Skarmory|70/100
|
|-weather|Sandstorm|[upkeep]
|-damage|p1a: Metagross|76/100|[from] Leech Seed|[of] p2a: Skarmory
|-heal|p2a: Skarmory|82/100|[silent]
|-heal|p2a: Skarmory|88/100|[from] item: Leftovers
|upkeep
|turn|5
|
|t:|1728155372
|switch|p1a: Breloom|Breloom, F|100/100
|move|p2a: Skarmory|Spikes|p1a: Breloom
|-sidestart|p1: Kvist|Spikes
|
|-weather|Sandstorm|[upkeep]
|-damage|p1a: Breloom|94/100|[from] Sandstorm
|-heal|p1a: Breloom|100/100|[from] item: Leftovers
|-heal|p2a: Skarmory|94/100|[from] item: Leftovers
|upkeep
|turn|6
|
|t:|1728155380
|move|p1a: Breloom|Spore|p2a: Skarmory
|-status|p2a: Skarmory|slp|[from] move: Spore
|cant|p2a: Skarmory|slp
|
|-weather|Sandstorm|[upkeep]
|-damage|p1a: Breloom|94/100|[from] Sandstorm
|-heal|p1a: Breloom|100/100|[from] item: Leftovers
|-heal|p2a: Skarmory|99/100 slp|[from] item: Leftovers
|upkeep
|turn|7
|inactive|TheDHope has 270 seconds left.
|
|t:|1728155411
|-singleturn|p1a: Breloom|move: Focus Punch
|switch|p2a: Celebi|Celebi|98/100
|move|p1a: Breloom|Focus Punch|p2a: Celebi
|-resisted|p2a: Celebi
|-damage|p2a: Celebi|65/100
|
|-weather|Sandstorm|[upkeep]
|-damage|p1a: Breloom|94/100|[from] Sandstorm
|-damage|p2a: Celebi|59/100|[from] Sandstorm
|-heal|p1a: Breloom|100/100|[from] item: Leftovers
|-heal|p2a: Celebi|65/100|[from] item: Leftovers
|upkeep
|turn|8
|
|t:|1728155427
|switch|p1a: Metagross|Metagross, shiny|76/100
|-damage|p1a: Metagross|64/100|[from] Spikes
|move|p2a: Celebi|Hidden Power|p1a: Metagross
|-supereffective|p1a: Metagross
|-damage|p1a: Metagross|22/100
|
|-weather|Sandstorm|[upkeep]
|-damage|p2a: Celebi|59/100|[from] Sandstorm
|-heal|p2a: Celebi|65/100|[from] item: Leftovers
|upkeep
|turn|9
|inactive|TheDHope has 270 seconds left.
|
|t:|1728155459
|move|p2a: Celebi|Hidden Power|p1a: Metagross
|-supereffective|p1a: Metagross
|-damage|p1a: Metagross|0 fnt
|faint|p1a: Metagross
|
|t:|1728155470
|switch|p1a: Tyranitar|Tyranitar, F|100/100
|-damage|p1a: Tyranitar|88/100|[from] Spikes
|
|-weather|Sandstorm|[upkeep]
|-damage|p2a: Celebi|59/100|[from] Sandstorm
|-heal|p2a: Celebi|65/100|[from] item: Leftovers
|-heal|p1a: Tyranitar|94/100|[from] item: Leftovers
|upkeep
|turn|10
|inactive|TheDHope has 270 seconds left.
|
|t:|1728155486
|switch|p2a: Swampert|Swampert, M|100/100
|move|p1a: Tyranitar|Crunch|p2a: Swampert
|-damage|p2a: Swampert|67/100
|
|-weather|Sandstorm|[upkeep]
|-heal|p1a: Tyranitar|100/100|[from] item: Leftovers
|-heal|p2a: Swampert|74/100|[from] item: Leftovers
|upkeep
|turn|11
|
|t:|1728155498
|switch|p1a: Zapdos|Zapdos|100/100
|move|p2a: Swampert|Hydro Pump|p1a: Zapdos
|-damage|p1a: Zapdos|67/100
|
|-weather|Sandstorm|[upkeep]
|-damage|p1a: Zapdos|61/100|[from] Sandstorm
|-heal|p1a: Zapdos|67/100|[from] item: Leftovers
|-heal|p2a: Swampert|80/100|[from] item: Leftovers
|upkeep
|turn|12
|inactive|TheDHope has 270 seconds left.
|
|t:|1728155511
|switch|p2a: Celebi|Celebi|65/100
|move|p1a: Zapdos|Hidden Power|p2a: Celebi
|-resisted|p2a: Celebi
|-damage|p2a: Celebi|58/100
|
|-weather|Sandstorm|[upkeep]
|-damage|p1a: Zapdos|61/100|[from] Sandstorm
|-damage|p2a: Celebi|52/100|[from] Sandstorm
|-heal|p1a: Zapdos|67/100|[from] item: Leftovers
|-heal|p2a: Celebi|58/100|[from] item: Leftovers
|upkeep
|turn|13
|inactive|Kvist has 270 seconds left.
|
|t:|1728155543
|move|p1a: Zapdos|Agility|p1a: Zapdos
|-boost|p1a: Zapdos|spe|2
|move|p2a: Celebi|Recover|p2a: Celebi
|-heal|p2a: Celebi|100/100
|
|-weather|Sandstorm|[upkeep]
|-damage|p1a: Zapdos|61/100|[from] Sandstorm
|-damage|p2a: Celebi|94/100|[from] Sandstorm
|-heal|p1a: Zapdos|67/100|[from] item: Leftovers
|-heal|p2a: Celebi|100/100|[from] item: Leftovers
|upkeep
|turn|14
|inactive|Kvist has 270 seconds left.
|
|t:|1728155556
|move|p1a: Zapdos|Baton Pass|p1a: Zapdos
|
|t:|1728155557
|switch|p1a: Tyranitar|Tyranitar, F|100/100|[from] Baton Pass
|-damage|p1a: Tyranitar|88/100|[from] Spikes
|move|p2a: Celebi|Leech Seed|p1a: Tyranitar
|-start|p1a: Tyranitar|move: Leech Seed
|
|-weather|Sandstorm|[upkeep]
|-damage|p2a: Celebi|94/100|[from] Sandstorm
|-heal|p1a: Tyranitar|94/100|[from] item: Leftovers
|-damage|p1a: Tyranitar|82/100|[from] Leech Seed|[of] p2a: Celebi
|-heal|p2a: Celebi|100/100|[silent]
|upkeep
|turn|15
|
|t:|1728155565
|move|p1a: Tyranitar|Crunch|p2a: Celebi
|-supereffective|p2a: Celebi
|-damage|p2a: Celebi|39/100
|move|p2a: Celebi|Giga Drain|p1a: Tyranitar
|-supereffective|p1a: Tyranitar
|-damage|p1a: Tyranitar|34/100
|-heal|p2a: Celebi|63/100|[from] drain|[of] p1a: Tyranitar
|
|-weather|Sandstorm|[upkeep]
|-damage|p2a: Celebi|57/100|[from] Sandstorm
|-heal|p1a: Tyranitar|40/100|[from] item: Leftovers
|-damage|p1a: Tyranitar|28/100|[from] Leech Seed|[of] p2a: Celebi
|-heal|p2a: Celebi|69/100|[silent]
|-heal|p2a: Celebi|75/100|[from] item: Leftovers
|upkeep
|turn|16
|
|t:|1728155587
|switch|p2a: Swampert|Swampert, M|80/100
|move|p1a: Tyranitar|Crunch|p2a: Swampert
|-crit|p2a: Swampert
|-damage|p2a: Swampert|8/100
|
|-weather|Sandstorm|[upkeep]
|-heal|p1a: Tyranitar|34/100|[from] item: Leftovers
|-damage|p1a: Tyranitar|21/100|[from] Leech Seed|[of] p2a: Swampert
|-heal|p2a: Swampert|20/100|[silent]
|-heal|p2a: Swampert|26/100|[from] item: Leftovers
|upkeep
|turn|17
|
|t:|1728155597
|move|p1a: Tyranitar|Crunch|p2a: Swampert
|-damage|p2a: Swampert|0 fnt
|faint|p2a: Swampert
|inactive|TheDHope has 270 seconds left.
|
|t:|1728155613
|switch|p2a: Jirachi|Jirachi|100/100
|
|-weather|Sandstorm|[upkeep]
|-heal|p1a: Tyranitar|28/100|[from] item: Leftovers
|-damage|p1a: Tyranitar|15/100|[from] Leech Seed|[of] p2a: Jirachi
|upkeep
|turn|18
|
|t:|1728155617
|move|p1a: Tyranitar|Flamethrower|p2a: Jirachi
|-supereffective|p2a: Jirachi
|-damage|p2a: Jirachi|55/100
|move|p2a: Jirachi|Hidden Power|p1a: Tyranitar
|-supereffective|p1a: Tyranitar
|-damage|p1a: Tyranitar|0 fnt
|faint|p1a: Tyranitar
|
|t:|1728155631
|switch|p1a: Snorlax|Snorlax, M|100/100
|-damage|p1a: Snorlax|88/100|[from] Spikes
|
|-weather|Sandstorm|[upkeep]
|-damage|p1a: Snorlax|82/100|[from] Sandstorm
|-heal|p2a: Jirachi|61/100|[from] item: Leftovers
|-heal|p1a: Snorlax|88/100|[from] item: Leftovers
|upkeep
|turn|19
|
|t:|1728155642
|switch|p2a: Celebi|Celebi|75/100
|move|p1a: Snorlax|Curse|p1a: Snorlax
|-unboost|p1a: Snorlax|spe|1
|-boost|p1a: Snorlax|atk|1
|-boost|p1a: Snorlax|def|1
|
|-weather|Sandstorm|[upkeep]
|-damage|p2a: Celebi|69/100|[from] Sandstorm
|-damage|p1a: Snorlax|82/100|[from] Sandstorm
|-heal|p2a: Celebi|75/100|[from] item: Leftovers
|-heal|p1a: Snorlax|88/100|[from] item: Leftovers
|upkeep
|turn|20
|
|t:|1728155646
|move|p2a: Celebi|Leech Seed|p1a: Snorlax
|-start|p1a: Snorlax|move: Leech Seed
|move|p1a: Snorlax|Shadow Ball|p2a: Celebi
|-supereffective|p2a: Celebi
|-damage|p2a: Celebi|5/100
|-unboost|p2a: Celebi|spd|1
|
|-weather|Sandstorm|[upkeep]
|-damage|p2a: Celebi|0 fnt|[from] Sandstorm
|-damage|p1a: Snorlax|82/100|[from] Sandstorm
|faint|p2a: Celebi
|-heal|p1a: Snorlax|88/100|[from] item: Leftovers
|upkeep
|
|t:|1728155651
|switch|p2a: Skarmory|Skarmory, F|99/100 slp
|turn|21
|
|t:|1728155656
|switch|p1a: Zapdos|Zapdos|67/100
|cant|p2a: Skarmory|slp
|
|-weather|Sandstorm|[upkeep]
|-damage|p1a: Zapdos|61/100|[from] Sandstorm
|-heal|p1a: Zapdos|67/100|[from] item: Leftovers
|-heal|p2a: Skarmory|100/100 slp|[from] item: Leftovers
|upkeep
|turn|22
|
|t:|1728155664
|switch|p2a: Tyranitar|Tyranitar, M|100/100
|move|p1a: Zapdos|Thunderbolt|p2a: Tyranitar
|-damage|p2a: Tyranitar|61/100
|-status|p2a: Tyranitar|par
|-enditem|p2a: Tyranitar|Lum Berry|[eat]
|-curestatus|p2a: Tyranitar|par|[msg]
|
|-weather|Sandstorm|[upkeep]
|-damage|p1a: Zapdos|61/100|[from] Sandstorm
|-heal|p1a: Zapdos|67/100|[from] item: Leftovers
|upkeep
|turn|23
|
|t:|1728155684
|-singleturn|p2a: Tyranitar|move: Focus Punch
|switch|p1a: Snorlax|Snorlax, M|88/100
|-damage|p1a: Snorlax|76/100|[from] Spikes
|move|p2a: Tyranitar|Focus Punch|p1a: Snorlax
|-supereffective|p1a: Snorlax
|-damage|p1a: Snorlax|0 fnt
|faint|p1a: Snorlax
|
|t:|1728155687
|switch|p1a: Suicune|Suicune, shiny|54/100
|-damage|p1a: Suicune|42/100|[from] Spikes
|
|-weather|Sandstorm|[upkeep]
|-damage|p1a: Suicune|35/100|[from] Sandstorm
|-heal|p1a: Suicune|42/100|[from] item: Leftovers
|upkeep
|turn|24
|
|t:|1728155701
|move|p2a: Tyranitar|Rock Slide|p1a: Suicune|[miss]
|-miss|p2a: Tyranitar|p1a: Suicune
|move|p1a: Suicune|Surf|p2a: Tyranitar
|-supereffective|p2a: Tyranitar
|-damage|p2a: Tyranitar|0 fnt
|faint|p2a: Tyranitar
|
|t:|1728155704
|switch|p2a: Jirachi|Jirachi|61/100
|
|-weather|Sandstorm|[upkeep]
|-damage|p1a: Suicune|35/100|[from] Sandstorm
|-heal|p2a: Jirachi|67/100|[from] item: Leftovers
|-heal|p1a: Suicune|42/100|[from] item: Leftovers
|upkeep
|turn|25
|
|t:|1728155714
|switch|p1a: Zapdos|Zapdos|67/100
|move|p2a: Jirachi|Calm Mind|p2a: Jirachi
|-boost|p2a: Jirachi|spa|1
|-boost|p2a: Jirachi|spd|1
|
|-weather|Sandstorm|[upkeep]
|-damage|p1a: Zapdos|61/100|[from] Sandstorm
|-heal|p1a: Zapdos|67/100|[from] item: Leftovers
|-heal|p2a: Jirachi|73/100|[from] item: Leftovers
|upkeep
|turn|26
|
|t:|1728155721
|move|p1a: Zapdos|Agility|p1a: Zapdos
|-boost|p1a: Zapdos|spe|2
|move|p2a: Jirachi|Psychic|p1a: Zapdos
|-damage|p1a: Zapdos|9/100
|-unboost|p1a: Zapdos|spd|1
|
|-weather|Sandstorm|[upkeep]
|-damage|p1a: Zapdos|3/100|[from] Sandstorm
|-heal|p1a: Zapdos|9/100|[from] item: Leftovers
|-heal|p2a: Jirachi|80/100|[from] item: Leftovers
|upkeep
|turn|27
|
|t:|1728155733
|move|p1a: Zapdos|Baton Pass|p1a: Zapdos
|
|t:|1728155734
|switch|p1a: Breloom|Breloom, F|100/100|[from] Baton Pass
|-damage|p1a: Breloom|88/100|[from] Spikes
|move|p2a: Jirachi|Psychic|p1a: Breloom
|-supereffective|p1a: Breloom
|-damage|p1a: Breloom|0 fnt
|faint|p1a: Breloom
|
|t:|1728155738
|switch|p1a: Suicune|Suicune, shiny|42/100
|-damage|p1a: Suicune|29/100|[from] Spikes
|
|-weather|Sandstorm|[upkeep]
|-damage|p1a: Suicune|23/100|[from] Sandstorm
|-heal|p2a: Jirachi|86/100|[from] item: Leftovers
|-heal|p1a: Suicune|29/100|[from] item: Leftovers
|upkeep
|turn|28
|
|t:|1728155744
|move|p2a: Jirachi|Hidden Power|p1a: Suicune
|-supereffective|p1a: Suicune
|-damage|p1a: Suicune|0 fnt
|faint|p1a: Suicune
|
|t:|1728155746
|switch|p1a: Zapdos|Zapdos|9/100
|
|-weather|Sandstorm|[upkeep]
|-damage|p1a: Zapdos|3/100|[from] Sandstorm
|-heal|p1a: Zapdos|9/100|[from] item: Leftovers
|-heal|p2a: Jirachi|92/100|[from] item: Leftovers
|upkeep
|turn|29
|
|t:|1728155747
|move|p1a: Zapdos|Thunderbolt|p2a: Jirachi
|-crit|p2a: Jirachi
|-damage|p2a: Jirachi|28/100
|move|p2a: Jirachi|Psychic|p1a: Zapdos
|-damage|p1a: Zapdos|0 fnt
|faint|p1a: Zapdos
|
|win|TheDHope
|c|☆TheDHope|Ggs
|c|☆Kvist|ggs
|player|p1|
|player|p2|
|player|p1|Kvist|silver-gen2|
|player|p1|

</script>
<script type="application/json" class="data" id="replaydata-smogtours-gen3ou-795126">
{"id":"smogtours-gen3ou-795126","format":"[Gen 3] OU","players":["Kvist","TheDHope"],"uploadtime":1728155747,"views":110,"formatid":"gen3ou","rating":null,"private":0,"password":null}
</script>

<script defer src="js/replays.js?9d40a366"></script>
