<!DOCTYPE html>
<meta charset="utf-8" />
<meta name="viewport" content="width=device-width" />

<title>[Gen 3] OU: Rainer2424 vs. blundergoth - Replays - Pok&eacute;mon Showdown!</title>

<meta name="description" content="Watch a replay of a Pok&eacute;mon battle between Rainer2424 and blundergoth! Format: [Gen 3] OU; Date: Oct 10, 2024" />
<!--

Hey, you! Looking in the source for the replay log?

You can find them in JSON format, just add `.json` at the end of a replay URL.

https://replay.pokemonshowdown.com/gen7randomdoublesbattle-865046831.json

Or, if you only need the log itself, add `.log` instead:

https://replay.pokemonshowdown.com/gen7randomdoublesbattle-865046831.log

-->

<link rel="stylesheet" href="//pokemonshowdown.com/style/global.css?0.767286132409787" />
<link rel="stylesheet" href="//play.pokemonshowdown.com/style/font-awesome.css?0.9266228007934947" />
<link rel="stylesheet" href="//play.pokemonshowdown.com/style/battle.css?0.7924700842790926" />
<link rel="stylesheet" href="//play.pokemonshowdown.com/style/utilichart.css?0.8777417872839479" />

<!-- Global site tag (gtag.js) - Google Analytics -->
<script async src="https://www.googletagmanager.com/gtag/js?id=UA-26211653-1"></script>
<script>
  window.dataLayer = window.dataLayer || [];
  function gtag(){dataLayer.push(arguments);}
  gtag('js', new Date());

  gtag('config', 'UA-26211653-1');
</script>
<!-- End Google Analytics -->
<!-- Venatus Ad Manager - Install in <HEAD> of page -->
	<script src="https://hb.vntsm.com/v3/live/ad-manager.min.js" type="text/javascript" data-site-id="642aba63ec9a7b11c3c9c1be" data-mode="scan" async></script>
<!-- / Venatus Ad Manager -->

<style>
	@media (max-width:820px) {
		.battle {
			margin: 0 auto;
		}
		.battle-log {
			margin: 7px auto 0;
			max-width: 640px;
			height: 300px;
			position: static;
		}
	}
	.optgroup {
		display: inline-block;
		line-height: 22px;
		font-size: 10pt;
	}
	.optgroup .button {
		height: 25px;
		padding-top: 0;
		padding-bottom: 0;
	}
	.optgroup button.button {
		padding-left: 12px;
		padding-right: 12px;
	}
	.linklist {
		list-style: none;
		margin: 0.5em 0;
		padding: 0;
	}
	.linklist li {
		padding: 2px 0;
	}
	.sidebar {
		float: left;
		width: 320px;
	}
	.bar-wrapper {
		max-width: 1100px;
		margin: 0 auto;
	}
	.bar-wrapper.has-sidebar {
		max-width: 1430px;
	}
	.mainbar {
		margin: 0;
		padding-right: 1px;
	}
	.mainbar.has-sidebar {
		margin-left: 330px;
	}
	@media (min-width: 1511px) {
		.sidebar {
			width: 400px;
		}
		.bar-wrapper.has-sidebar {
			max-width: 1510px;
		}
		.mainbar.has-sidebar {
			margin-left: 410px;
		}
	}
	.section.first-section {
		margin-top: 9px;
	}
	.blocklink small {
		white-space: normal;
	}
	.button {
		vertical-align: middle;
	}
	.replay-controls {
		padding-top: 10px;
	}
	.replay-controls h1 {
		font-size: 16pt;
		font-weight: normal;
		color: #CCC;
	}
	.pagelink {
		text-align: center;
	}
	.pagelink a {
		width: 150px;
	}
	.textbox, .button {
		font-size: 11pt;
		vertical-align: middle;
	}
	@media (max-width: 450px) {
		.button {
			font-size: 9pt;
		}
	}
</style>

<div>

	<header>
		<div class="nav-wrapper"><ul class="nav">
			<li><a class="button nav-first" href="//pokemonshowdown.com/"><img src="//pokemonshowdown.com/images/pokemonshowdownbeta.png" srcset="//pokemonshowdown.com/images/pokemonshowdownbeta.png 1x, //pokemonshowdown.com/images/pokemonshowdownbeta@2x.png 2x" alt="Pok&eacute;mon Showdown" width="146" height="44" /> Home</a></li>
			<li><a class="button" href="//pokemonshowdown.com/dex/">Pok&eacute;dex</a></li>
			<li><a class="button cur" href="/">Replays</a></li>
			<li><a class="button" href="//pokemonshowdown.com/ladder/">Ladder</a></li>
			<li><a class="button nav-last" href="//pokemonshowdown.com/forums/">Forum</a></li>
			<li><a class="button greenbutton nav-first nav-last" href="//play.pokemonshowdown.com/">Play</a></li>
		</ul></div>
	</header>

	<div class="main" id="main">

		<noscript><section class="section">You need to enable JavaScript to use this page; sorry!</section></noscript>

	</div>

</div>

<script defer nomodule src="//play.pokemonshowdown.com/js/lib/ps-polyfill.js"></script>
<script defer src="//play.pokemonshowdown.com/js/lib/preact.min.js"></script>

<script defer src="//play.pokemonshowdown.com/config/config.js?6dec07f6"></script>
<script defer src="//play.pokemonshowdown.com/js/lib/jquery-1.11.0.min.js"></script>
<script defer src="//play.pokemonshowdown.com/js/lib/html-sanitizer-minified.js"></script>
<script defer src="//play.pokemonshowdown.com/js/battle-sound.js"></script>
<script defer src="//play.pokemonshowdown.com/js/battledata.js?0.6315294753075389"></script>
<script defer src="//play.pokemonshowdown.com/data/pokedex-mini.js?0.7603743185311358"></script>
<script defer src="//play.pokemonshowdown.com/data/pokedex-mini-bw.js?0.030888842834281283"></script>
<script defer src="//play.pokemonshowdown.com/data/graphics.js?0.05593094747507488"></script>
<script defer src="//play.pokemonshowdown.com/data/pokedex.js?0.47064822249611904"></script>
<script defer src="//play.pokemonshowdown.com/data/moves.js?0.8583693120512459"></script>
<script defer src="//play.pokemonshowdown.com/data/abilities.js?0.16017181182386842"></script>
<script defer src="//play.pokemonshowdown.com/data/items.js?0.4163379185673943"></script>
<script defer src="//play.pokemonshowdown.com/data/teambuilder-tables.js?0.31075597372830477"></script>
<script defer src="//play.pokemonshowdown.com/js/battle-tooltips.js?0.6536193500708172"></script>
<script defer src="//play.pokemonshowdown.com/js/battle.js?0.1916591943277901"></script>

<script defer src="js/utils.js?e31f9a17"></script>
<script defer src="js/replays-battle.js?7008c182"></script>

<!-- don't scrape this data! just add .json or .log after the URL!
Full API docs: https://github.com/smogon/pokemon-showdown-client/blob/master/WEB-API.md -->
<script type="text/plain" class="log" id="replaylog-smogtours-gen3ou-796862">
|inactive|Battle timer is ON: inactive players will automatically lose when time's up.
|t:|1728528310
|gametype|singles
|player|p1|Rainer2424|101|
|player|p2|blundergoth|ingo|
|teamsize|p1|6
|teamsize|p2|6
|gen|3
|tier|[Gen 3] OU
|rule|Sleep Clause Mod: Limit one foe put to sleep
|rule|Switch Priority Clause Mod: Faster Pokémon switch first
|rule|Species Clause: Limit one of each Pokémon
|rule|OHKO Clause: OHKO moves are banned
|rule|Evasion Items Clause: Evasion items are banned
|rule|Evasion Moves Clause: Evasion moves are banned
|rule|Endless Battle Clause: Forcing endless battles is banned
|rule|HP Percentage Mod: HP is shown in percentages
|rule|One Boost Passer Clause: Limit one Baton Passer that has a way to boost its stats
|rule|Freeze Clause Mod: Limit one foe frozen
|
|t:|1728528310
|start
|switch|p1a: Dirt|Tyranitar, M|100/100
|switch|p2a: RazLeaf + Leech|Venusaur, F|100/100
|-weather|Sandstorm|[from] ability: Sand Stream|[of] p1a: Dirt
|turn|1
|
|t:|1728528324
|move|p2a: RazLeaf + Leech|Earthquake|p1a: Dirt
|-supereffective|p1a: Dirt
|-damage|p1a: Dirt|67/100
|move|p1a: Dirt|Ice Beam|p2a: RazLeaf + Leech
|-supereffective|p2a: RazLeaf + Leech
|-damage|p2a: RazLeaf + Leech|55/100
|
|-weather|Sandstorm|[upkeep]
|-damage|p2a: RazLeaf + Leech|49/100|[from] Sandstorm
|-heal|p2a: RazLeaf + Leech|55/100|[from] item: Leftovers
|-heal|p1a: Dirt|73/100|[from] item: Leftovers
|upkeep
|turn|2
|c|☆Rainer2424|Good luck
|
|t:|1728528342
|move|p2a: RazLeaf + Leech|Sleep Powder|p1a: Dirt|[miss]
|-miss|p2a: RazLeaf + Leech|p1a: Dirt
|move|p1a: Dirt|Ice Beam|p2a: RazLeaf + Leech
|-supereffective|p2a: RazLeaf + Leech
|-damage|p2a: RazLeaf + Leech|7/100
|
|-weather|Sandstorm|[upkeep]
|-damage|p2a: RazLeaf + Leech|1/100|[from] Sandstorm
|-heal|p2a: RazLeaf + Leech|7/100|[from] item: Leftovers
|-heal|p1a: Dirt|79/100|[from] item: Leftovers
|upkeep
|turn|3
|
|t:|1728528359
|move|p2a: RazLeaf + Leech|Sleep Powder|p1a: Dirt
|-status|p1a: Dirt|slp|[from] move: Sleep Powder
|cant|p1a: Dirt|slp
|
|-weather|Sandstorm|[upkeep]
|-damage|p2a: RazLeaf + Leech|1/100|[from] Sandstorm
|-heal|p2a: RazLeaf + Leech|7/100|[from] item: Leftovers
|-heal|p1a: Dirt|85/100 slp|[from] item: Leftovers
|upkeep
|turn|4
|
|t:|1728528368
|switch|p1a: 1970|Skarmory, M|100/100
|move|p2a: RazLeaf + Leech|Earthquake|p1a: 1970
|-immune|p1a: 1970
|
|-weather|Sandstorm|[upkeep]
|-damage|p2a: RazLeaf + Leech|1/100|[from] Sandstorm
|-heal|p2a: RazLeaf + Leech|7/100|[from] item: Leftovers
|upkeep
|turn|5
|
|t:|1728528376
|switch|p2a: ZC HP Ste|Forretress, F|100/100
|move|p1a: 1970|Protect||[still]
|-fail|p1a: 1970
|
|-weather|Sandstorm|[upkeep]
|upkeep
|turn|6
|
|t:|1728528380
|switch|p1a: T.V. Eye|Magneton|100/100
|move|p2a: ZC HP Ste|Spikes|p1a: T.V. Eye
|-sidestart|p1: Rainer2424|Spikes
|
|-weather|Sandstorm|[upkeep]
|upkeep
|turn|7
|
|t:|1728528385
|move|p1a: T.V. Eye|Hidden Power|p2a: ZC HP Ste
|-supereffective|p2a: ZC HP Ste
|-damage|p2a: ZC HP Ste|11/100
|move|p2a: ZC HP Ste|Spikes|p1a: T.V. Eye
|-sidestart|p1: Rainer2424|Spikes
|
|-weather|Sandstorm|[upkeep]
|-heal|p2a: ZC HP Ste|17/100|[from] item: Leftovers
|upkeep
|turn|8
|
|t:|1728528389
|move|p1a: T.V. Eye|Hidden Power|p2a: ZC HP Ste
|-supereffective|p2a: ZC HP Ste
|-damage|p2a: ZC HP Ste|0 fnt
|faint|p2a: ZC HP Ste
|
|t:|1728528402
|switch|p2a: Salamence|Salamence, M|100/100
|-ability|p2a: Salamence|Intimidate|boost
|-unboost|p1a: T.V. Eye|atk|1
|
|-weather|Sandstorm|[upkeep]
|-damage|p2a: Salamence|94/100|[from] Sandstorm
|-heal|p2a: Salamence|100/100|[from] item: Leftovers
|upkeep
|turn|9
|
|t:|1728528407
|move|p2a: Salamence|Fire Blast|p1a: T.V. Eye
|-supereffective|p1a: T.V. Eye
|-damage|p1a: T.V. Eye|0 fnt
|faint|p1a: T.V. Eye
|
|t:|1728528413
|switch|p1a: L.A. Blues|Swampert, F|100/100
|-damage|p1a: L.A. Blues|84/100|[from] Spikes
|
|-weather|Sandstorm|[upkeep]
|-damage|p2a: Salamence|94/100|[from] Sandstorm
|-heal|p2a: Salamence|100/100|[from] item: Leftovers
|-heal|p1a: L.A. Blues|90/100|[from] item: Leftovers
|upkeep
|turn|10
|
|t:|1728528420
|switch|p2a: WISH PROTECT|Jirachi|100/100
|move|p1a: L.A. Blues|Ice Beam|p2a: WISH PROTECT
|-resisted|p2a: WISH PROTECT
|-damage|p2a: WISH PROTECT|95/100
|
|-weather|Sandstorm|[upkeep]
|-heal|p2a: WISH PROTECT|100/100|[from] item: Leftovers
|-heal|p1a: L.A. Blues|96/100|[from] item: Leftovers
|upkeep
|turn|11
|
|t:|1728528430
|switch|p1a: Fun House|Celebi|100/100
|-damage|p1a: Fun House|84/100|[from] Spikes
|move|p2a: WISH PROTECT|Hidden Power|p1a: Fun House
|-resisted|p1a: Fun House
|-damage|p1a: Fun House|78/100
|
|-weather|Sandstorm|[upkeep]
|-damage|p1a: Fun House|72/100|[from] Sandstorm
|-heal|p1a: Fun House|78/100|[from] item: Leftovers
|upkeep
|turn|12
|
|t:|1728528436
|move|p1a: Fun House|Leech Seed|p2a: WISH PROTECT
|-start|p2a: WISH PROTECT|move: Leech Seed
|move|p2a: WISH PROTECT|Fire Punch|p1a: Fun House
|-supereffective|p1a: Fun House
|-damage|p1a: Fun House|52/100
|
|-weather|Sandstorm|[upkeep]
|-damage|p1a: Fun House|46/100|[from] Sandstorm
|-heal|p1a: Fun House|52/100|[from] item: Leftovers
|-damage|p2a: WISH PROTECT|88/100|[from] Leech Seed|[of] p1a: Fun House
|-heal|p1a: Fun House|64/100|[silent]
|upkeep
|turn|13
|
|t:|1728528439
|switch|p2a: FB|Tyranitar, M|100/100
|move|p1a: Fun House|Baton Pass|p1a: Fun House
|
|t:|1728528441
|switch|p1a: 1970|Skarmory, M|100/100|[from] Baton Pass
|
|-weather|Sandstorm|[upkeep]
|upkeep
|turn|14
|
|t:|1728528443
|move|p1a: 1970|Spikes|p2a: FB
|-sidestart|p2: blundergoth|Spikes
|move|p2a: FB|Fire Blast|p1a: 1970
|-supereffective|p1a: 1970
|-damage|p1a: 1970|28/100
|
|-weather|Sandstorm|[upkeep]
|-heal|p1a: 1970|34/100|[from] item: Leftovers
|upkeep
|turn|15
|
|t:|1728528452
|move|p1a: 1970|Protect|p1a: 1970
|-singleturn|p1a: 1970|Protect
|move|p2a: FB|Fire Blast|p1a: 1970|[miss]
|-miss|p2a: FB|p1a: 1970
|
|-weather|Sandstorm|[upkeep]
|-heal|p1a: 1970|40/100|[from] item: Leftovers
|upkeep
|turn|16
|
|t:|1728528460
|switch|p1a: Dirt|Tyranitar, M|85/100 slp
|-damage|p1a: Dirt|69/100 slp|[from] Spikes
|move|p2a: FB|Fire Blast|p1a: Dirt
|-resisted|p1a: Dirt
|-crit|p1a: Dirt
|-damage|p1a: Dirt|37/100 slp
|
|-weather|Sandstorm|[upkeep]
|-heal|p1a: Dirt|44/100 slp|[from] item: Leftovers
|upkeep
|turn|17
|
|t:|1728528480
|-singleturn|p1a: Dirt|move: Focus Punch
|move|p2a: FB|Hidden Power|p1a: Dirt
|-supereffective|p1a: Dirt
|-damage|p1a: Dirt|5/100 slp
|-curestatus|p1a: Dirt|slp|[msg]
|move|p1a: Dirt|Focus Punch||[still]
|cant|p1a: Dirt|Focus Punch|Focus Punch
|
|-weather|Sandstorm|[upkeep]
|-heal|p1a: Dirt|11/100|[from] item: Leftovers
|upkeep
|turn|18
|
|t:|1728528495
|move|p2a: FB|Crunch|p1a: Dirt
|-resisted|p1a: Dirt
|-damage|p1a: Dirt|0 fnt
|faint|p1a: Dirt
|
|t:|1728528508
|switch|p1a: Down On the Street|Flygon, M|100/100
|
|-weather|Sandstorm|[upkeep]
|upkeep
|turn|19
|
|t:|1728528513
|switch|p2a: RazLeaf + Leech|Venusaur, F|7/100
|-damage|p2a: RazLeaf + Leech|0 fnt|[from] Spikes
|faint|p2a: RazLeaf + Leech
|
|t:|1728528537
|switch|p2a: Salamence|Salamence, M|100/100
|-ability|p2a: Salamence|Intimidate|boost
|-unboost|p1a: Down On the Street|atk|1
|
|-weather|Sandstorm|[upkeep]
|-damage|p2a: Salamence|94/100|[from] Sandstorm
|-heal|p2a: Salamence|100/100|[from] item: Leftovers
|upkeep
|turn|20
|
|t:|1728528547
|switch|p1a: 1970|Skarmory, M|40/100
|move|p2a: Salamence|Dragon Claw|p1a: 1970
|-resisted|p1a: 1970
|-damage|p1a: 1970|23/100
|
|-weather|Sandstorm|[upkeep]
|-damage|p2a: Salamence|94/100|[from] Sandstorm
|-heal|p2a: Salamence|100/100|[from] item: Leftovers
|-heal|p1a: 1970|29/100|[from] item: Leftovers
|upkeep
|turn|21
|
|t:|1728528553
|move|p2a: Salamence|Dragon Claw|p1a: 1970
|-resisted|p1a: 1970
|-damage|p1a: 1970|12/100
|move|p1a: 1970|Toxic|p2a: Salamence|[miss]
|-miss|p1a: 1970|p2a: Salamence
|
|-weather|Sandstorm|[upkeep]
|-damage|p2a: Salamence|94/100|[from] Sandstorm
|-heal|p2a: Salamence|100/100|[from] item: Leftovers
|-heal|p1a: 1970|18/100|[from] item: Leftovers
|upkeep
|turn|22
|
|t:|1728528562
|move|p2a: Salamence|Fire Blast|p1a: 1970
|-supereffective|p1a: 1970
|-damage|p1a: 1970|0 fnt
|faint|p1a: 1970
|
|t:|1728528565
|switch|p1a: L.A. Blues|Swampert, F|96/100
|-damage|p1a: L.A. Blues|80/100|[from] Spikes
|
|-weather|Sandstorm|[upkeep]
|-damage|p2a: Salamence|94/100|[from] Sandstorm
|-heal|p2a: Salamence|100/100|[from] item: Leftovers
|-heal|p1a: L.A. Blues|86/100|[from] item: Leftovers
|upkeep
|turn|23
|
|t:|1728528570
|switch|p2a: WISH PROTECT|Jirachi|88/100
|-damage|p2a: WISH PROTECT|76/100|[from] Spikes
|move|p1a: L.A. Blues|Ice Beam|p2a: WISH PROTECT
|-resisted|p2a: WISH PROTECT
|-damage|p2a: WISH PROTECT|70/100
|
|-weather|Sandstorm|[upkeep]
|-heal|p2a: WISH PROTECT|76/100|[from] item: Leftovers
|-heal|p1a: L.A. Blues|92/100|[from] item: Leftovers
|upkeep
|turn|24
|
|t:|1728528574
|switch|p1a: Down On the Street|Flygon, M|100/100
|move|p2a: WISH PROTECT|Hidden Power|p1a: Down On the Street
|-damage|p1a: Down On the Street|77/100
|
|-weather|Sandstorm|[upkeep]
|-heal|p1a: Down On the Street|83/100|[from] item: Leftovers
|-heal|p2a: WISH PROTECT|82/100|[from] item: Leftovers
|upkeep
|turn|25
|
|t:|1728528581
|switch|p2a: Salamence|Salamence, M|100/100
|-ability|p2a: Salamence|Intimidate|boost
|-unboost|p1a: Down On the Street|atk|1
|move|p1a: Down On the Street|Substitute|p1a: Down On the Street
|-start|p1a: Down On the Street|Substitute
|-damage|p1a: Down On the Street|58/100
|
|-weather|Sandstorm|[upkeep]
|-damage|p2a: Salamence|94/100|[from] Sandstorm
|-heal|p1a: Down On the Street|64/100|[from] item: Leftovers
|-heal|p2a: Salamence|100/100|[from] item: Leftovers
|upkeep
|turn|26
|
|t:|1728528584
|move|p1a: Down On the Street|Rock Slide|p2a: Salamence
|-supereffective|p2a: Salamence
|-damage|p2a: Salamence|62/100
|move|p2a: Salamence|Dragon Claw|p1a: Down On the Street
|-supereffective|p1a: Down On the Street
|-end|p1a: Down On the Street|Substitute
|
|-weather|Sandstorm|[upkeep]
|-damage|p2a: Salamence|56/100|[from] Sandstorm
|-heal|p1a: Down On the Street|70/100|[from] item: Leftovers
|-heal|p2a: Salamence|62/100|[from] item: Leftovers
|upkeep
|turn|27
|
|t:|1728528590
|switch|p2a: Quagsire|Quagsire, F|100/100
|-damage|p2a: Quagsire|88/100|[from] Spikes
|move|p1a: Down On the Street|Rock Slide|p2a: Quagsire
|-resisted|p2a: Quagsire
|-damage|p2a: Quagsire|83/100
|
|-weather|Sandstorm|[upkeep]
|-heal|p1a: Down On the Street|76/100|[from] item: Leftovers
|-heal|p2a: Quagsire|89/100|[from] item: Leftovers
|upkeep
|turn|28
|
|t:|1728528599
|switch|p1a: L.A. Blues|Swampert, F|92/100
|-damage|p1a: L.A. Blues|75/100|[from] Spikes
|move|p2a: Quagsire|Ice Beam|p1a: L.A. Blues
|-damage|p1a: L.A. Blues|63/100
|
|-weather|Sandstorm|[upkeep]
|-heal|p1a: L.A. Blues|69/100|[from] item: Leftovers
|-heal|p2a: Quagsire|95/100|[from] item: Leftovers
|upkeep
|turn|29
|
|t:|1728528604
|switch|p2a: Salamence|Salamence, M|62/100
|-ability|p2a: Salamence|Intimidate|boost
|-unboost|p1a: L.A. Blues|atk|1
|move|p1a: L.A. Blues|Earthquake|p2a: Salamence
|-immune|p2a: Salamence
|
|-weather|Sandstorm|[upkeep]
|-damage|p2a: Salamence|56/100|[from] Sandstorm
|-heal|p2a: Salamence|62/100|[from] item: Leftovers
|-heal|p1a: L.A. Blues|75/100|[from] item: Leftovers
|upkeep
|turn|30
|
|t:|1728528607
|switch|p2a: Quagsire|Quagsire, F|95/100
|-damage|p2a: Quagsire|83/100|[from] Spikes
|move|p1a: L.A. Blues|Ice Beam|p2a: Quagsire
|-damage|p2a: Quagsire|58/100
|
|-weather|Sandstorm|[upkeep]
|-heal|p1a: L.A. Blues|81/100|[from] item: Leftovers
|-heal|p2a: Quagsire|64/100|[from] item: Leftovers
|upkeep
|turn|31
|
|t:|1728528610
|move|p1a: L.A. Blues|Curse|p1a: L.A. Blues
|-unboost|p1a: L.A. Blues|spe|1
|-boost|p1a: L.A. Blues|atk|1
|-boost|p1a: L.A. Blues|def|1
|move|p2a: Quagsire|Curse|p2a: Quagsire
|-unboost|p2a: Quagsire|spe|1
|-boost|p2a: Quagsire|atk|1
|-boost|p2a: Quagsire|def|1
|
|-weather|Sandstorm|[upkeep]
|-heal|p1a: L.A. Blues|87/100|[from] item: Leftovers
|-heal|p2a: Quagsire|70/100|[from] item: Leftovers
|upkeep
|turn|32
|
|t:|1728528621
|move|p1a: L.A. Blues|Curse|p1a: L.A. Blues
|-unboost|p1a: L.A. Blues|spe|1
|-boost|p1a: L.A. Blues|atk|1
|-boost|p1a: L.A. Blues|def|1
|move|p2a: Quagsire|Curse|p2a: Quagsire
|-unboost|p2a: Quagsire|spe|1
|-boost|p2a: Quagsire|atk|1
|-boost|p2a: Quagsire|def|1
|
|-weather|Sandstorm|[upkeep]
|-heal|p1a: L.A. Blues|94/100|[from] item: Leftovers
|-heal|p2a: Quagsire|76/100|[from] item: Leftovers
|upkeep
|turn|33
|
|t:|1728528623
|move|p1a: L.A. Blues|Earthquake|p2a: Quagsire
|-damage|p2a: Quagsire|57/100
|move|p2a: Quagsire|Curse|p2a: Quagsire
|-unboost|p2a: Quagsire|spe|1
|-boost|p2a: Quagsire|atk|1
|-boost|p2a: Quagsire|def|1
|
|-weather|Sandstorm|[upkeep]
|-heal|p1a: L.A. Blues|99/100|[from] item: Leftovers
|-heal|p2a: Quagsire|63/100|[from] item: Leftovers
|upkeep
|turn|34
|
|t:|1728528630
|move|p1a: L.A. Blues|Curse|p1a: L.A. Blues
|-unboost|p1a: L.A. Blues|spe|1
|-boost|p1a: L.A. Blues|atk|1
|-boost|p1a: L.A. Blues|def|1
|move|p2a: Quagsire|Earthquake|p1a: L.A. Blues
|-damage|p1a: L.A. Blues|80/100
|
|-weather|Sandstorm|[upkeep]
|-heal|p1a: L.A. Blues|86/100|[from] item: Leftovers
|-heal|p2a: Quagsire|70/100|[from] item: Leftovers
|upkeep
|turn|35
|
|t:|1728528637
|move|p1a: L.A. Blues|Curse|p1a: L.A. Blues
|-unboost|p1a: L.A. Blues|spe|1
|-boost|p1a: L.A. Blues|atk|1
|-boost|p1a: L.A. Blues|def|1
|move|p2a: Quagsire|Earthquake|p1a: L.A. Blues
|-damage|p1a: L.A. Blues|69/100
|
|-weather|Sandstorm|[upkeep]
|-heal|p1a: L.A. Blues|75/100|[from] item: Leftovers
|-heal|p2a: Quagsire|76/100|[from] item: Leftovers
|upkeep
|turn|36
|
|t:|1728528640
|move|p1a: L.A. Blues|Earthquake|p2a: Quagsire
|-damage|p2a: Quagsire|48/100
|move|p2a: Quagsire|Earthquake|p1a: L.A. Blues
|-damage|p1a: L.A. Blues|57/100
|
|-weather|Sandstorm|[upkeep]
|-heal|p1a: L.A. Blues|63/100|[from] item: Leftovers
|-heal|p2a: Quagsire|54/100|[from] item: Leftovers
|upkeep
|turn|37
|
|t:|1728528658
|move|p1a: L.A. Blues|Ice Beam|p2a: Quagsire
|-damage|p2a: Quagsire|31/100
|move|p2a: Quagsire|Rest|p2a: Quagsire
|-status|p2a: Quagsire|slp|[from] move: Rest
|-heal|p2a: Quagsire|100/100 slp|[silent]
|
|-weather|Sandstorm|[upkeep]
|-heal|p1a: L.A. Blues|69/100|[from] item: Leftovers
|upkeep
|turn|38
|
|t:|1728528665
|move|p1a: L.A. Blues|Curse|p1a: L.A. Blues
|-unboost|p1a: L.A. Blues|spe|1
|-boost|p1a: L.A. Blues|atk|1
|-boost|p1a: L.A. Blues|def|1
|cant|p2a: Quagsire|slp
|
|-weather|Sandstorm|[upkeep]
|-heal|p1a: L.A. Blues|76/100|[from] item: Leftovers
|upkeep
|turn|39
|
|t:|1728528666
|move|p1a: L.A. Blues|Earthquake|p2a: Quagsire
|-damage|p2a: Quagsire|69/100 slp
|cant|p2a: Quagsire|slp
|
|-weather|Sandstorm|[upkeep]
|-heal|p1a: L.A. Blues|82/100|[from] item: Leftovers
|-heal|p2a: Quagsire|75/100 slp|[from] item: Leftovers
|upkeep
|turn|40
|
|t:|1728528670
|move|p1a: L.A. Blues|Ice Beam|p2a: Quagsire
|-damage|p2a: Quagsire|50/100 slp
|-curestatus|p2a: Quagsire|slp|[msg]
|move|p2a: Quagsire|Earthquake|p1a: L.A. Blues
|-damage|p1a: L.A. Blues|65/100
|
|-weather|Sandstorm|[upkeep]
|-heal|p1a: L.A. Blues|71/100|[from] item: Leftovers
|-heal|p2a: Quagsire|56/100|[from] item: Leftovers
|upkeep
|turn|41
|
|t:|1728528675
|move|p1a: L.A. Blues|Ice Beam|p2a: Quagsire
|-damage|p2a: Quagsire|32/100
|move|p2a: Quagsire|Rest|p2a: Quagsire
|-status|p2a: Quagsire|slp|[from] move: Rest
|-heal|p2a: Quagsire|100/100 slp|[silent]
|
|-weather|Sandstorm|[upkeep]
|-heal|p1a: L.A. Blues|78/100|[from] item: Leftovers
|upkeep
|turn|42
|
|t:|1728528682
|move|p1a: L.A. Blues|Earthquake|p2a: Quagsire
|-damage|p2a: Quagsire|70/100 slp
|cant|p2a: Quagsire|slp
|
|-weather|Sandstorm|[upkeep]
|-heal|p1a: L.A. Blues|84/100|[from] item: Leftovers
|-heal|p2a: Quagsire|76/100 slp|[from] item: Leftovers
|upkeep
|turn|43
|
|t:|1728528685
|move|p1a: L.A. Blues|Curse|p1a: L.A. Blues
|-unboost|p1a: L.A. Blues|spe|1
|-boost|p1a: L.A. Blues|atk|1
|-boost|p1a: L.A. Blues|def|1
|cant|p2a: Quagsire|slp
|
|-weather|Sandstorm|[upkeep]
|-heal|p2a: Quagsire|82/100 slp|[from] item: Leftovers
|-heal|p1a: L.A. Blues|90/100|[from] item: Leftovers
|upkeep
|turn|44
|
|t:|1728528689
|-curestatus|p2a: Quagsire|slp|[msg]
|move|p2a: Quagsire|Earthquake|p1a: L.A. Blues
|-damage|p1a: L.A. Blues|77/100
|move|p1a: L.A. Blues|Earthquake|p2a: Quagsire
|-damage|p2a: Quagsire|46/100
|
|-weather|Sandstorm|[upkeep]
|-heal|p2a: Quagsire|53/100|[from] item: Leftovers
|-heal|p1a: L.A. Blues|84/100|[from] item: Leftovers
|upkeep
|turn|45
|
|t:|1728528701
|move|p2a: Quagsire|Earthquake|p1a: L.A. Blues
|-damage|p1a: L.A. Blues|70/100
|move|p1a: L.A. Blues|Ice Beam|p2a: Quagsire
|-damage|p2a: Quagsire|28/100
|
|-weather|Sandstorm|[upkeep]
|-heal|p2a: Quagsire|35/100|[from] item: Leftovers
|-heal|p1a: L.A. Blues|76/100|[from] item: Leftovers
|upkeep
|turn|46
|
|t:|1728528705
|move|p2a: Quagsire|Rest|p2a: Quagsire
|-status|p2a: Quagsire|slp|[from] move: Rest
|-heal|p2a: Quagsire|100/100 slp|[silent]
|move|p1a: L.A. Blues|Earthquake|p2a: Quagsire
|-damage|p2a: Quagsire|62/100 slp
|
|-weather|Sandstorm|[upkeep]
|-heal|p2a: Quagsire|68/100 slp|[from] item: Leftovers
|-heal|p1a: L.A. Blues|82/100|[from] item: Leftovers
|upkeep
|turn|47
|
|t:|1728528707
|cant|p2a: Quagsire|slp
|move|p1a: L.A. Blues|Earthquake|p2a: Quagsire
|-damage|p2a: Quagsire|32/100 slp
|
|-weather|Sandstorm|[upkeep]
|-heal|p2a: Quagsire|38/100 slp|[from] item: Leftovers
|-heal|p1a: L.A. Blues|89/100|[from] item: Leftovers
|upkeep
|turn|48
|
|t:|1728528710
|cant|p2a: Quagsire|slp
|move|p1a: L.A. Blues|Earthquake|p2a: Quagsire
|-damage|p2a: Quagsire|0 fnt
|faint|p2a: Quagsire
|
|t:|1728528716
|switch|p2a: FB|Tyranitar, M|100/100
|-damage|p2a: FB|88/100|[from] Spikes
|
|-weather|Sandstorm|[upkeep]
|-heal|p2a: FB|94/100|[from] item: Leftovers
|-heal|p1a: L.A. Blues|95/100|[from] item: Leftovers
|upkeep
|turn|49
|
|t:|1728528718
|move|p2a: FB|Hidden Power|p1a: L.A. Blues
|-supereffective|p1a: L.A. Blues
|-crit|p1a: L.A. Blues
|-damage|p1a: L.A. Blues|0 fnt
|faint|p1a: L.A. Blues
|c|☆Rainer2424|Damn
|
|t:|1728528728
|switch|p1a: Down On the Street|Flygon, M|76/100
|
|-weather|Sandstorm|[upkeep]
|-heal|p1a: Down On the Street|82/100|[from] item: Leftovers
|-heal|p2a: FB|100/100|[from] item: Leftovers
|upkeep
|turn|50
|
|t:|1728528736
|move|p1a: Down On the Street|Earthquake|p2a: FB
|-supereffective|p2a: FB
|-damage|p2a: FB|38/100
|move|p2a: FB|Crunch|p1a: Down On the Street
|-damage|p1a: Down On the Street|32/100
|-unboost|p1a: Down On the Street|spd|1
|
|-weather|Sandstorm|[upkeep]
|-heal|p1a: Down On the Street|38/100|[from] item: Leftovers
|-heal|p2a: FB|44/100|[from] item: Leftovers
|upkeep
|turn|51
|
|t:|1728528742
|switch|p2a: Salamence|Salamence, M|62/100
|-ability|p2a: Salamence|Intimidate|boost
|-unboost|p1a: Down On the Street|atk|1
|move|p1a: Down On the Street|Substitute|p1a: Down On the Street
|-start|p1a: Down On the Street|Substitute
|-damage|p1a: Down On the Street|13/100
|
|-weather|Sandstorm|[upkeep]
|-damage|p2a: Salamence|56/100|[from] Sandstorm
|-heal|p1a: Down On the Street|19/100|[from] item: Leftovers
|-heal|p2a: Salamence|62/100|[from] item: Leftovers
|upkeep
|turn|52
|
|t:|1728528749
|move|p1a: Down On the Street|Rock Slide|p2a: Salamence
|-supereffective|p2a: Salamence
|-crit|p2a: Salamence
|-damage|p2a: Salamence|0 fnt
|faint|p2a: Salamence
|
|t:|1728528752
|switch|p2a: WISH PROTECT|Jirachi|82/100
|-damage|p2a: WISH PROTECT|70/100|[from] Spikes
|
|-weather|Sandstorm|[upkeep]
|-heal|p1a: Down On the Street|25/100|[from] item: Leftovers
|-heal|p2a: WISH PROTECT|76/100|[from] item: Leftovers
|upkeep
|turn|53
|c|☆Rainer2424|Sorry
|
|t:|1728528758
|move|p1a: Down On the Street|Earthquake|p2a: WISH PROTECT
|-supereffective|p2a: WISH PROTECT
|-crit|p2a: WISH PROTECT
|-damage|p2a: WISH PROTECT|0 fnt
|faint|p2a: WISH PROTECT
|c|☆blundergoth|there's your retribution
|c|☆blundergoth|oh
|c|☆blundergoth|come on
|c|☆Rainer2424|Really sorry
|inactive|blundergoth has 270 seconds left.
|c|☆blundergoth|had wish ice punch to clean
|
|t:|1728528803
|switch|p2a: FB|Tyranitar, M|44/100
|-damage|p2a: FB|31/100|[from] Spikes
|
|-weather|Sandstorm|[upkeep]
|-heal|p1a: Down On the Street|31/100|[from] item: Leftovers
|-heal|p2a: FB|38/100|[from] item: Leftovers
|upkeep
|turn|54
|-message|blundergoth forfeited.
|
|win|Rainer2424
|c|☆Rainer2424|Yeah, how much eq doing?
|c|☆Rainer2424|at least half I assume

</script>
<script type="application/json" class="data" id="replaydata-smogtours-gen3ou-796862">
{"id":"smogtours-gen3ou-796862","format":"[Gen 3] OU","players":["Rainer2424","blundergoth"],"uploadtime":1728528808,"views":151,"formatid":"gen3ou","rating":null,"private":0,"password":null}
</script>

<script defer src="js/replays.js?9d40a366"></script>
