<!DOCTYPE html>
<meta charset="utf-8" />
<meta name="viewport" content="width=device-width" />

<title>[Gen 3] OU: walkrr vs. E585 - Replays - Pok&eacute;mon Showdown!</title>

<meta name="description" content="Watch a replay of a Pok&eacute;mon battle between walkrr and E585! Format: [Gen 3] OU; Date: Oct 10, 2024" />
<!--

Hey, you! Looking in the source for the replay log?

You can find them in JSON format, just add `.json` at the end of a replay URL.

https://replay.pokemonshowdown.com/gen7randomdoublesbattle-865046831.json

Or, if you only need the log itself, add `.log` instead:

https://replay.pokemonshowdown.com/gen7randomdoublesbattle-865046831.log

-->

<link rel="stylesheet" href="//pokemonshowdown.com/style/global.css?0.023195364461161105" />
<link rel="stylesheet" href="//play.pokemonshowdown.com/style/font-awesome.css?0.13261647063804238" />
<link rel="stylesheet" href="//play.pokemonshowdown.com/style/battle.css?0.8753245789963631" />
<link rel="stylesheet" href="//play.pokemonshowdown.com/style/utilichart.css?0.8627959624976733" />

<!-- Global site tag (gtag.js) - Google Analytics -->
<script async src="https://www.googletagmanager.com/gtag/js?id=UA-26211653-1"></script>
<script>
  window.dataLayer = window.dataLayer || [];
  function gtag(){dataLayer.push(arguments);}
  gtag('js', new Date());

  gtag('config', 'UA-26211653-1');
</script>
<!-- End Google Analytics -->
<!-- Venatus Ad Manager - Install in <HEAD> of page -->
	<script src="https://hb.vntsm.com/v3/live/ad-manager.min.js" type="text/javascript" data-site-id="642aba63ec9a7b11c3c9c1be" data-mode="scan" async></script>
<!-- / Venatus Ad Manager -->

<style>
	@media (max-width:820px) {
		.battle {
			margin: 0 auto;
		}
		.battle-log {
			margin: 7px auto 0;
			max-width: 640px;
			height: 300px;
			position: static;
		}
	}
	.optgroup {
		display: inline-block;
		line-height: 22px;
		font-size: 10pt;
	}
	.optgroup .button {
		height: 25px;
		padding-top: 0;
		padding-bottom: 0;
	}
	.optgroup button.button {
		padding-left: 12px;
		padding-right: 12px;
	}
	.linklist {
		list-style: none;
		margin: 0.5em 0;
		padding: 0;
	}
	.linklist li {
		padding: 2px 0;
	}
	.sidebar {
		float: left;
		width: 320px;
	}
	.bar-wrapper {
		max-width: 1100px;
		margin: 0 auto;
	}
	.bar-wrapper.has-sidebar {
		max-width: 1430px;
	}
	.mainbar {
		margin: 0;
		padding-right: 1px;
	}
	.mainbar.has-sidebar {
		margin-left: 330px;
	}
	@media (min-width: 1511px) {
		.sidebar {
			width: 400px;
		}
		.bar-wrapper.has-sidebar {
			max-width: 1510px;
		}
		.mainbar.has-sidebar {
			margin-left: 410px;
		}
	}
	.section.first-section {
		margin-top: 9px;
	}
	.blocklink small {
		white-space: normal;
	}
	.button {
		vertical-align: middle;
	}
	.replay-controls {
		padding-top: 10px;
	}
	.replay-controls h1 {
		font-size: 16pt;
		font-weight: normal;
		color: #CCC;
	}
	.pagelink {
		text-align: center;
	}
	.pagelink a {
		width: 150px;
	}
	.textbox, .button {
		font-size: 11pt;
		vertical-align: middle;
	}
	@media (max-width: 450px) {
		.button {
			font-size: 9pt;
		}
	}
</style>

<div>

	<header>
		<div class="nav-wrapper"><ul class="nav">
			<li><a class="button nav-first" href="//pokemonshowdown.com/"><img src="//pokemonshowdown.com/images/pokemonshowdownbeta.png" srcset="//pokemonshowdown.com/images/pokemonshowdownbeta.png 1x, //pokemonshowdown.com/images/pokemonshowdownbeta@2x.png 2x" alt="Pok&eacute;mon Showdown" width="146" height="44" /> Home</a></li>
			<li><a class="button" href="//pokemonshowdown.com/dex/">Pok&eacute;dex</a></li>
			<li><a class="button cur" href="/">Replays</a></li>
			<li><a class="button" href="//pokemonshowdown.com/ladder/">Ladder</a></li>
			<li><a class="button nav-last" href="//pokemonshowdown.com/forums/">Forum</a></li>
			<li><a class="button greenbutton nav-first nav-last" href="//play.pokemonshowdown.com/">Play</a></li>
		</ul></div>
	</header>

	<div class="main" id="main">

		<noscript><section class="section">You need to enable JavaScript to use this page; sorry!</section></noscript>

	</div>

</div>

<script defer nomodule src="//play.pokemonshowdown.com/js/lib/ps-polyfill.js"></script>
<script defer src="//play.pokemonshowdown.com/js/lib/preact.min.js"></script>

<script defer src="//play.pokemonshowdown.com/config/config.js?2bddbc15"></script>
<script defer src="//play.pokemonshowdown.com/js/lib/jquery-1.11.0.min.js"></script>
<script defer src="//play.pokemonshowdown.com/js/lib/html-sanitizer-minified.js"></script>
<script defer src="//play.pokemonshowdown.com/js/battle-sound.js"></script>
<script defer src="//play.pokemonshowdown.com/js/battledata.js?0.7209276989879541"></script>
<script defer src="//play.pokemonshowdown.com/data/pokedex-mini.js?0.6111056340867951"></script>
<script defer src="//play.pokemonshowdown.com/data/pokedex-mini-bw.js?0.3532142036491459"></script>
<script defer src="//play.pokemonshowdown.com/data/graphics.js?0.24223875632456182"></script>
<script defer src="//play.pokemonshowdown.com/data/pokedex.js?0.38839984266356864"></script>
<script defer src="//play.pokemonshowdown.com/data/moves.js?0.21866028504024015"></script>
<script defer src="//play.pokemonshowdown.com/data/abilities.js?0.2005157953846628"></script>
<script defer src="//play.pokemonshowdown.com/data/items.js?0.9894211263848525"></script>
<script defer src="//play.pokemonshowdown.com/data/teambuilder-tables.js?0.6008791140282215"></script>
<script defer src="//play.pokemonshowdown.com/js/battle-tooltips.js?0.7580118955022959"></script>
<script defer src="//play.pokemonshowdown.com/js/battle.js?0.6057722274234274"></script>

<script defer src="js/utils.js?e31f9a17"></script>
<script defer src="js/replays-battle.js?7008c182"></script>

<!-- don't scrape this data! just add .json or .log after the URL!
Full API docs: https://github.com/smogon/pokemon-showdown-client/blob/master/WEB-API.md -->
<script type="text/plain" class="log" id="replaylog-smogtours-gen3ou-796967">
|inactive|Battle timer is ON: inactive players will automatically lose when time's up.
|t:|1728586925
|gametype|singles
|player|p1|walkrr|101|
|player|p2|E585|1|
|teamsize|p1|6
|teamsize|p2|6
|gen|3
|tier|[Gen 3] OU
|rule|Sleep Clause Mod: Limit one foe put to sleep
|rule|Switch Priority Clause Mod: Faster Pokémon switch first
|rule|Species Clause: Limit one of each Pokémon
|rule|OHKO Clause: OHKO moves are banned
|rule|Evasion Items Clause: Evasion items are banned
|rule|Evasion Moves Clause: Evasion moves are banned
|rule|Endless Battle Clause: Forcing endless battles is banned
|rule|HP Percentage Mod: HP is shown in percentages
|rule|One Boost Passer Clause: Limit one Baton Passer that has a way to boost its stats
|rule|Freeze Clause Mod: Limit one foe frozen
|
|t:|1728586925
|start
|switch|p1a: Skarmory|Skarmory, M|100/100
|switch|p2a: Zapdos|Zapdos|100/100
|turn|1
|c|☆walkrr|glhf
|
|t:|1728586948
|switch|p1a: Blissey|Blissey, F|100/100
|move|p2a: Zapdos|Baton Pass|p2a: Zapdos
|
|t:|1728586952
|switch|p2a: Tyranitar|Tyranitar, F|100/100|[from] Baton Pass
|-weather|Sandstorm|[from] ability: Sand Stream|[of] p2a: Tyranitar
|
|-weather|Sandstorm|[upkeep]
|-damage|p1a: Blissey|94/100|[from] Sandstorm
|-heal|p1a: Blissey|100/100|[from] item: Leftovers
|upkeep
|turn|2
|
|t:|1728586967
|-singleturn|p2a: Tyranitar|move: Focus Punch
|switch|p1a: Flygon|Flygon, M|100/100
|move|p2a: Tyranitar|Focus Punch|p1a: Flygon
|-damage|p1a: Flygon|29/100
|
|-weather|Sandstorm|[upkeep]
|-heal|p1a: Flygon|35/100|[from] item: Leftovers
|upkeep
|turn|3
|
|t:|1728586980
|switch|p2a: Skarmory|Skarmory, M|100/100
|move|p1a: Flygon|Toxic|p2a: Skarmory
|-immune|p2a: Skarmory
|
|-weather|Sandstorm|[upkeep]
|-heal|p1a: Flygon|41/100|[from] item: Leftovers
|upkeep
|turn|4
|c|☆E585|glhf
|
|t:|1728586991
|switch|p1a: Skarmory|Skarmory, M|100/100
|move|p2a: Skarmory|Spikes|p1a: Skarmory
|-sidestart|p1: walkrr|Spikes
|
|-weather|Sandstorm|[upkeep]
|upkeep
|turn|5
|
|t:|1728586996
|switch|p2a: Tyranitar|Tyranitar, F|100/100
|move|p1a: Skarmory|Spikes|p2a: Tyranitar
|-sidestart|p2: E585|Spikes
|
|-weather|Sandstorm|[upkeep]
|upkeep
|turn|6
|
|t:|1728587002
|move|p2a: Tyranitar|Rock Slide|p1a: Skarmory|[miss]
|-miss|p2a: Tyranitar|p1a: Skarmory
|move|p1a: Skarmory|Spikes|p2a: Tyranitar
|-sidestart|p2: E585|Spikes
|
|-weather|Sandstorm|[upkeep]
|upkeep
|turn|7
|
|t:|1728587008
|move|p2a: Tyranitar|Rock Slide|p1a: Skarmory
|-damage|p1a: Skarmory|50/100
|move|p1a: Skarmory|Spikes|p2a: Tyranitar
|-sidestart|p2: E585|Spikes
|
|-weather|Sandstorm|[upkeep]
|-heal|p1a: Skarmory|56/100|[from] item: Leftovers
|upkeep
|turn|8
|
|t:|1728587016
|move|p1a: Skarmory|Protect|p1a: Skarmory
|-singleturn|p1a: Skarmory|Protect
|move|p2a: Tyranitar|Rock Slide|p1a: Skarmory
|-activate|p1a: Skarmory|Protect
|
|-weather|Sandstorm|[upkeep]
|-heal|p1a: Skarmory|62/100|[from] item: Leftovers
|upkeep
|turn|9
|
|t:|1728587036
|switch|p1a: Flygon|Flygon, M|41/100
|move|p2a: Tyranitar|Rock Slide|p1a: Flygon
|-resisted|p1a: Flygon
|-damage|p1a: Flygon|14/100
|
|-weather|Sandstorm|[upkeep]
|-heal|p1a: Flygon|20/100|[from] item: Leftovers
|upkeep
|turn|10
|
|t:|1728587045
|switch|p2a: Skarmory|Skarmory, M|100/100
|move|p1a: Flygon|Protect||[still]
|-fail|p1a: Flygon
|
|-weather|Sandstorm|[upkeep]
|-heal|p1a: Flygon|26/100|[from] item: Leftovers
|upkeep
|turn|11
|
|t:|1728587052
|move|p1a: Flygon|Rock Slide|p2a: Skarmory
|-damage|p2a: Skarmory|87/100
|move|p2a: Skarmory|Roar|p1a: Flygon
|drag|p1a: Skarmory|Skarmory, M|62/100
|
|-weather|Sandstorm|[upkeep]
|-heal|p2a: Skarmory|93/100|[from] item: Leftovers
|-heal|p1a: Skarmory|68/100|[from] item: Leftovers
|upkeep
|turn|12
|
|t:|1728587062
|move|p2a: Skarmory|Spikes|p1a: Skarmory
|-sidestart|p1: walkrr|Spikes
|move|p1a: Skarmory|Roar|p2a: Skarmory
|drag|p2a: Salamence|Salamence, F|100/100
|-ability|p2a: Salamence|Intimidate|boost
|-unboost|p1a: Skarmory|atk|1
|
|-weather|Sandstorm|[upkeep]
|-damage|p2a: Salamence|94/100|[from] Sandstorm
|-heal|p2a: Salamence|100/100|[from] item: Leftovers
|-heal|p1a: Skarmory|74/100|[from] item: Leftovers
|upkeep
|turn|13
|
|t:|1728587075
|switch|p2a: Skarmory|Skarmory, M|93/100
|move|p1a: Skarmory|Protect||[still]
|-fail|p1a: Skarmory
|
|-weather|Sandstorm|[upkeep]
|-heal|p2a: Skarmory|99/100|[from] item: Leftovers
|-heal|p1a: Skarmory|80/100|[from] item: Leftovers
|upkeep
|turn|14
|
|t:|1728587085
|switch|p1a: Flygon|Flygon, M|26/100
|move|p2a: Skarmory|Spikes|p1a: Flygon
|-sidestart|p1: walkrr|Spikes
|
|-weather|Sandstorm|[upkeep]
|-heal|p1a: Flygon|32/100|[from] item: Leftovers
|-heal|p2a: Skarmory|100/100|[from] item: Leftovers
|upkeep
|turn|15
|
|t:|1728587092
|move|p1a: Flygon|Protect|p1a: Flygon
|-singleturn|p1a: Flygon|Protect
|move|p2a: Skarmory|Toxic|p1a: Flygon
|-activate|p1a: Flygon|Protect
|
|-weather|Sandstorm|[upkeep]
|-heal|p1a: Flygon|39/100|[from] item: Leftovers
|upkeep
|turn|16
|
|t:|1728587101
|switch|p1a: Skarmory|Skarmory, M|80/100
|move|p2a: Skarmory|Roar|p1a: Skarmory
|drag|p1a: Moltres|Moltres|100/100
|
|-weather|Sandstorm|[upkeep]
|-damage|p1a: Moltres|94/100|[from] Sandstorm
|-heal|p1a: Moltres|100/100|[from] item: Leftovers
|upkeep
|turn|17
|
|t:|1728587111
|switch|p2a: Blissey|Blissey, F|100/100
|-damage|p2a: Blissey|76/100|[from] Spikes
|move|p1a: Moltres|Will-O-Wisp|p2a: Blissey|[miss]
|-miss|p1a: Moltres|p2a: Blissey
|
|-weather|Sandstorm|[upkeep]
|-damage|p1a: Moltres|94/100|[from] Sandstorm
|-damage|p2a: Blissey|69/100|[from] Sandstorm
|-heal|p1a: Moltres|100/100|[from] item: Leftovers
|-heal|p2a: Blissey|76/100|[from] item: Leftovers
|upkeep
|turn|18
|
|t:|1728587136
|switch|p1a: Misdreavus|Misdreavus, F|100/100
|move|p2a: Blissey|Seismic Toss|p1a: Misdreavus
|-immune|p1a: Misdreavus
|
|-weather|Sandstorm|[upkeep]
|-damage|p1a: Misdreavus|94/100|[from] Sandstorm
|-damage|p2a: Blissey|69/100|[from] Sandstorm
|-heal|p1a: Misdreavus|100/100|[from] item: Leftovers
|-heal|p2a: Blissey|76/100|[from] item: Leftovers
|upkeep
|turn|19
|
|t:|1728587146
|switch|p2a: Skarmory|Skarmory, M|100/100
|move|p1a: Misdreavus|Mean Look|p2a: Skarmory
|-activate|p2a: Skarmory|trapped
|
|-weather|Sandstorm|[upkeep]
|-damage|p1a: Misdreavus|94/100|[from] Sandstorm
|-heal|p1a: Misdreavus|100/100|[from] item: Leftovers
|upkeep
|turn|20
|
|t:|1728587153
|move|p1a: Misdreavus|Perish Song|p1a: Misdreavus
|-start|p1a: Misdreavus|perish3|[silent]
|-start|p2a: Skarmory|perish3|[silent]
|-fieldactivate|move: Perish Song
|move|p2a: Skarmory|Roar|p1a: Misdreavus
|drag|p1a: Moltres|Moltres|100/100
|
|-weather|Sandstorm|[upkeep]
|-damage|p1a: Moltres|94/100|[from] Sandstorm
|-heal|p1a: Moltres|100/100|[from] item: Leftovers
|-start|p2a: Skarmory|perish3
|upkeep
|turn|21
|
|t:|1728587168
|move|p1a: Moltres|Will-O-Wisp|p2a: Skarmory
|-status|p2a: Skarmory|brn
|move|p2a: Skarmory|Toxic|p1a: Moltres
|-status|p1a: Moltres|tox
|
|-weather|Sandstorm|[upkeep]
|-damage|p1a: Moltres|94/100 tox|[from] Sandstorm
|-heal|p1a: Moltres|100/100 tox|[from] item: Leftovers
|-damage|p1a: Moltres|94/100 tox|[from] psn
|-damage|p2a: Skarmory|88/100 brn|[from] brn
|-start|p2a: Skarmory|perish2
|upkeep
|turn|22
|
|t:|1728587183
|switch|p1a: Flygon|Flygon, M|39/100
|switch|p2a: Blissey|Blissey, F|76/100
|-damage|p2a: Blissey|51/100|[from] Spikes
|
|-weather|Sandstorm|[upkeep]
|-damage|p2a: Blissey|45/100|[from] Sandstorm
|-heal|p1a: Flygon|45/100|[from] item: Leftovers
|-heal|p2a: Blissey|51/100|[from] item: Leftovers
|upkeep
|turn|23
|
|t:|1728587193
|switch|p2a: Skarmory|Skarmory, M|88/100 brn
|move|p1a: Flygon|Protect||[still]
|-fail|p1a: Flygon
|
|-weather|Sandstorm|[upkeep]
|-heal|p1a: Flygon|51/100|[from] item: Leftovers
|-heal|p2a: Skarmory|94/100 brn|[from] item: Leftovers
|-damage|p2a: Skarmory|82/100 brn|[from] brn
|upkeep
|turn|24
|inactive|walkrr has 270 seconds left.
|
|t:|1728587226
|switch|p2a: Zapdos|Zapdos|100/100
|move|p1a: Flygon|Protect||[still]
|-fail|p1a: Flygon
|
|-weather|Sandstorm|[upkeep]
|-damage|p2a: Zapdos|94/100|[from] Sandstorm
|-heal|p2a: Zapdos|100/100|[from] item: Leftovers
|-heal|p1a: Flygon|57/100|[from] item: Leftovers
|upkeep
|turn|25
|inactive|walkrr has 270 seconds left.
|inactive|E585 has 270 seconds left.
|
|t:|1728587264
|move|p1a: Flygon|Protect|p1a: Flygon
|-singleturn|p1a: Flygon|Protect
|move|p2a: Zapdos|Hidden Power|p1a: Flygon
|-activate|p1a: Flygon|Protect
|
|-weather|Sandstorm|[upkeep]
|-damage|p2a: Zapdos|94/100|[from] Sandstorm
|-heal|p2a: Zapdos|100/100|[from] item: Leftovers
|-heal|p1a: Flygon|63/100|[from] item: Leftovers
|upkeep
|turn|26
|inactive|E585 has 270 seconds left.
|inactive|walkrr has 240 seconds left.
|
|t:|1728587294
|switch|p1a: Zapdos|Zapdos|100/100
|move|p2a: Zapdos|Hidden Power|p1a: Zapdos
|-supereffective|p1a: Zapdos
|-damage|p1a: Zapdos|64/100
|
|-weather|Sandstorm|[upkeep]
|-damage|p2a: Zapdos|94/100|[from] Sandstorm
|-damage|p1a: Zapdos|58/100|[from] Sandstorm
|-heal|p2a: Zapdos|100/100|[from] item: Leftovers
|-heal|p1a: Zapdos|64/100|[from] item: Leftovers
|upkeep
|turn|27
|inactive|walkrr has 240 seconds left.
|inactive|E585 has 270 seconds left.
|
|t:|1728587320
|move|p2a: Zapdos|Thunderbolt|p1a: Zapdos
|-damage|p1a: Zapdos|26/100
|move|p1a: Zapdos|Rest|p1a: Zapdos
|-status|p1a: Zapdos|slp|[from] move: Rest
|-heal|p1a: Zapdos|100/100 slp|[silent]
|
|-weather|Sandstorm|[upkeep]
|-damage|p2a: Zapdos|94/100|[from] Sandstorm
|-damage|p1a: Zapdos|94/100 slp|[from] Sandstorm
|-heal|p2a: Zapdos|100/100|[from] item: Leftovers
|-heal|p1a: Zapdos|100/100 slp|[from] item: Leftovers
|upkeep
|turn|28
|inactive|E585 has 270 seconds left.
|
|t:|1728587339
|switch|p1a: Blissey|Blissey, F|100/100
|-damage|p1a: Blissey|76/100|[from] Spikes
|move|p2a: Zapdos|Thunderbolt|p1a: Blissey
|-damage|p1a: Blissey|55/100
|
|-weather|Sandstorm|[upkeep]
|-damage|p2a: Zapdos|94/100|[from] Sandstorm
|-damage|p1a: Blissey|49/100|[from] Sandstorm
|-heal|p2a: Zapdos|100/100|[from] item: Leftovers
|-heal|p1a: Blissey|55/100|[from] item: Leftovers
|upkeep
|turn|29
|
|t:|1728587354
|switch|p2a: Tyranitar|Tyranitar, F|100/100
|-damage|p2a: Tyranitar|76/100|[from] Spikes
|move|p1a: Blissey|Aromatherapy|p1a: Blissey
|-cureteam|p1a: Blissey|[from] move: Aromatherapy
|
|-weather|Sandstorm|[upkeep]
|-damage|p1a: Blissey|49/100|[from] Sandstorm
|-heal|p1a: Blissey|55/100|[from] item: Leftovers
|upkeep
|turn|30
|inactive|E585 has 270 seconds left.
|
|t:|1728587364
|move|p2a: Tyranitar|Double-Edge|p1a: Blissey
|-damage|p1a: Blissey|0 fnt
|-damage|p2a: Tyranitar|41/100|[from] Recoil|[of] p1a: Blissey
|faint|p1a: Blissey
|
|t:|1728587373
|switch|p1a: Skarmory|Skarmory, M|80/100
|
|-weather|Sandstorm|[upkeep]
|-heal|p1a: Skarmory|86/100|[from] item: Leftovers
|upkeep
|turn|31
|
|t:|1728587388
|switch|p2a: Blissey|Blissey, F|51/100
|-damage|p2a: Blissey|26/100|[from] Spikes
|move|p1a: Skarmory|Drill Peck|p2a: Blissey
|-damage|p2a: Blissey|2/100
|
|-weather|Sandstorm|[upkeep]
|-damage|p2a: Blissey|0 fnt|[from] Sandstorm
|faint|p2a: Blissey
|-heal|p1a: Skarmory|92/100|[from] item: Leftovers
|upkeep
|
|t:|1728587399
|switch|p2a: Zapdos|Zapdos|100/100
|turn|32
|inactive|walkrr has 210 seconds left.
|inactive|walkrr has 180 seconds left.
|inactive|walkrr has 150 seconds left.
|inactive|E585 has 270 seconds left.
|
|t:|1728587498
|move|p2a: Zapdos|Agility|p2a: Zapdos
|-boost|p2a: Zapdos|spe|2
|move|p1a: Skarmory|Drill Peck|p2a: Zapdos
|-resisted|p2a: Zapdos
|-damage|p2a: Zapdos|85/100
|
|-weather|Sandstorm|[upkeep]
|-damage|p2a: Zapdos|79/100|[from] Sandstorm
|-heal|p2a: Zapdos|85/100|[from] item: Leftovers
|-heal|p1a: Skarmory|98/100|[from] item: Leftovers
|upkeep
|turn|33
|
|t:|1728587508
|move|p2a: Zapdos|Thunderbolt|p1a: Skarmory
|-supereffective|p1a: Skarmory
|-damage|p1a: Skarmory|4/100
|move|p1a: Skarmory|Roar|p2a: Zapdos
|drag|p2a: Salamence|Salamence, F|100/100
|-ability|p2a: Salamence|Intimidate|boost
|-unboost|p1a: Skarmory|atk|1
|
|-weather|Sandstorm|[upkeep]
|-damage|p2a: Salamence|94/100|[from] Sandstorm
|-heal|p2a: Salamence|100/100|[from] item: Leftovers
|-heal|p1a: Skarmory|10/100|[from] item: Leftovers
|upkeep
|turn|34
|
|t:|1728587520
|move|p1a: Skarmory|Protect|p1a: Skarmory
|-singleturn|p1a: Skarmory|Protect
|move|p2a: Salamence|Dragon Dance|p2a: Salamence
|-boost|p2a: Salamence|atk|1
|-boost|p2a: Salamence|spe|1
|
|-weather|Sandstorm|[upkeep]
|-damage|p2a: Salamence|94/100|[from] Sandstorm
|-heal|p2a: Salamence|100/100|[from] item: Leftovers
|-heal|p1a: Skarmory|16/100|[from] item: Leftovers
|upkeep
|turn|35
|
|t:|1728587530
|move|p2a: Salamence|Rock Slide|p1a: Skarmory
|-damage|p1a: Skarmory|0 fnt
|faint|p1a: Skarmory
|
|t:|1728587535
|switch|p1a: Flygon|Flygon, M|63/100
|
|-weather|Sandstorm|[upkeep]
|-damage|p2a: Salamence|94/100|[from] Sandstorm
|-heal|p2a: Salamence|100/100|[from] item: Leftovers
|-heal|p1a: Flygon|69/100|[from] item: Leftovers
|upkeep
|turn|36
|inactive|walkrr has 150 seconds left.
|
|t:|1728587574
|move|p1a: Flygon|Protect|p1a: Flygon
|-singleturn|p1a: Flygon|Protect
|move|p2a: Salamence|Dragon Dance|p2a: Salamence
|-boost|p2a: Salamence|atk|1
|-boost|p2a: Salamence|spe|1
|
|-weather|Sandstorm|[upkeep]
|-damage|p2a: Salamence|94/100|[from] Sandstorm
|-heal|p2a: Salamence|100/100|[from] item: Leftovers
|-heal|p1a: Flygon|75/100|[from] item: Leftovers
|upkeep
|turn|37
|
|t:|1728587585
|move|p2a: Salamence|Hidden Power|p1a: Flygon
|-damage|p1a: Flygon|7/100
|move|p1a: Flygon|Rock Slide|p2a: Salamence
|-supereffective|p2a: Salamence
|-damage|p2a: Salamence|58/100
|
|-weather|Sandstorm|[upkeep]
|-damage|p2a: Salamence|52/100|[from] Sandstorm
|-heal|p2a: Salamence|58/100|[from] item: Leftovers
|-heal|p1a: Flygon|13/100|[from] item: Leftovers
|upkeep
|turn|38
|
|t:|1728587595
|move|p1a: Flygon|Protect|p1a: Flygon
|-singleturn|p1a: Flygon|Protect
|move|p2a: Salamence|Hidden Power|p1a: Flygon
|-activate|p1a: Flygon|Protect
|
|-weather|Sandstorm|[upkeep]
|-damage|p2a: Salamence|52/100|[from] Sandstorm
|-heal|p2a: Salamence|58/100|[from] item: Leftovers
|-heal|p1a: Flygon|19/100|[from] item: Leftovers
|upkeep
|turn|39
|
|t:|1728587608
|move|p2a: Salamence|Hidden Power|p1a: Flygon
|-crit|p1a: Flygon
|-damage|p1a: Flygon|0 fnt
|faint|p1a: Flygon
|
|t:|1728587623
|switch|p1a: Moltres|Moltres|94/100
|
|-weather|Sandstorm|[upkeep]
|-damage|p2a: Salamence|52/100|[from] Sandstorm
|-damage|p1a: Moltres|88/100|[from] Sandstorm
|-heal|p2a: Salamence|58/100|[from] item: Leftovers
|-heal|p1a: Moltres|94/100|[from] item: Leftovers
|upkeep
|turn|40
|
|t:|1728587637
|move|p2a: Salamence|Rock Slide|p1a: Moltres
|-supereffective|p1a: Moltres
|-damage|p1a: Moltres|0 fnt
|faint|p1a: Moltres
|
|t:|1728587642
|switch|p1a: Zapdos|Zapdos|100/100
|
|-weather|Sandstorm|[upkeep]
|-damage|p2a: Salamence|52/100|[from] Sandstorm
|-damage|p1a: Zapdos|94/100|[from] Sandstorm
|-heal|p2a: Salamence|58/100|[from] item: Leftovers
|-heal|p1a: Zapdos|100/100|[from] item: Leftovers
|upkeep
|turn|41
|
|t:|1728587649
|move|p2a: Salamence|Rock Slide|p1a: Zapdos
|-supereffective|p1a: Zapdos
|-damage|p1a: Zapdos|0 fnt
|faint|p1a: Zapdos
|
|t:|1728587653
|switch|p1a: Misdreavus|Misdreavus, F|100/100
|
|-weather|Sandstorm|[upkeep]
|-damage|p2a: Salamence|52/100|[from] Sandstorm
|-damage|p1a: Misdreavus|94/100|[from] Sandstorm
|-heal|p2a: Salamence|58/100|[from] item: Leftovers
|-heal|p1a: Misdreavus|100/100|[from] item: Leftovers
|upkeep
|turn|42
|inactive|walkrr has 150 seconds left.
|
|t:|1728587666
|move|p2a: Salamence|Hidden Power|p1a: Misdreavus
|-damage|p1a: Misdreavus|0 fnt
|faint|p1a: Misdreavus
|
|win|E585
|c|☆walkrr|gg

</script>
<script type="application/json" class="data" id="replaydata-smogtours-gen3ou-796967">
{"id":"smogtours-gen3ou-796967","format":"[Gen 3] OU","players":["walkrr","E585"],"uploadtime":1728587666,"views":141,"formatid":"gen3ou","rating":null,"private":0,"password":null}
</script>

<script defer src="js/replays.js?9d40a366"></script>
