<!DOCTYPE html>
<meta charset="utf-8" />
<meta name="viewport" content="width=device-width" />

<title>[Gen 3] OU: garhamsandich vs. thunderousbagel - Replays - Pok&eacute;mon Showdown!</title>

<meta name="description" content="Watch a replay of a Pok&eacute;mon battle between garhamsandich and thunderousbagel! Format: [Gen 3] OU; Date: Oct 10, 2024" />
<!--

Hey, you! Looking in the source for the replay log?

You can find them in JSON format, just add `.json` at the end of a replay URL.

https://replay.pokemonshowdown.com/gen7randomdoublesbattle-865046831.json

Or, if you only need the log itself, add `.log` instead:

https://replay.pokemonshowdown.com/gen7randomdoublesbattle-865046831.log

-->

<link rel="stylesheet" href="//pokemonshowdown.com/style/global.css?0.023195364461161105" />
<link rel="stylesheet" href="//play.pokemonshowdown.com/style/font-awesome.css?0.13261647063804238" />
<link rel="stylesheet" href="//play.pokemonshowdown.com/style/battle.css?0.8753245789963631" />
<link rel="stylesheet" href="//play.pokemonshowdown.com/style/utilichart.css?0.8627959624976733" />

<!-- Global site tag (gtag.js) - Google Analytics -->
<script async src="https://www.googletagmanager.com/gtag/js?id=UA-26211653-1"></script>
<script>
  window.dataLayer = window.dataLayer || [];
  function gtag(){dataLayer.push(arguments);}
  gtag('js', new Date());

  gtag('config', 'UA-26211653-1');
</script>
<!-- End Google Analytics -->
<!-- Venatus Ad Manager - Install in <HEAD> of page -->
	<script src="https://hb.vntsm.com/v3/live/ad-manager.min.js" type="text/javascript" data-site-id="642aba63ec9a7b11c3c9c1be" data-mode="scan" async></script>
<!-- / Venatus Ad Manager -->

<style>
	@media (max-width:820px) {
		.battle {
			margin: 0 auto;
		}
		.battle-log {
			margin: 7px auto 0;
			max-width: 640px;
			height: 300px;
			position: static;
		}
	}
	.optgroup {
		display: inline-block;
		line-height: 22px;
		font-size: 10pt;
	}
	.optgroup .button {
		height: 25px;
		padding-top: 0;
		padding-bottom: 0;
	}
	.optgroup button.button {
		padding-left: 12px;
		padding-right: 12px;
	}
	.linklist {
		list-style: none;
		margin: 0.5em 0;
		padding: 0;
	}
	.linklist li {
		padding: 2px 0;
	}
	.sidebar {
		float: left;
		width: 320px;
	}
	.bar-wrapper {
		max-width: 1100px;
		margin: 0 auto;
	}
	.bar-wrapper.has-sidebar {
		max-width: 1430px;
	}
	.mainbar {
		margin: 0;
		padding-right: 1px;
	}
	.mainbar.has-sidebar {
		margin-left: 330px;
	}
	@media (min-width: 1511px) {
		.sidebar {
			width: 400px;
		}
		.bar-wrapper.has-sidebar {
			max-width: 1510px;
		}
		.mainbar.has-sidebar {
			margin-left: 410px;
		}
	}
	.section.first-section {
		margin-top: 9px;
	}
	.blocklink small {
		white-space: normal;
	}
	.button {
		vertical-align: middle;
	}
	.replay-controls {
		padding-top: 10px;
	}
	.replay-controls h1 {
		font-size: 16pt;
		font-weight: normal;
		color: #CCC;
	}
	.pagelink {
		text-align: center;
	}
	.pagelink a {
		width: 150px;
	}
	.textbox, .button {
		font-size: 11pt;
		vertical-align: middle;
	}
	@media (max-width: 450px) {
		.button {
			font-size: 9pt;
		}
	}
</style>

<div>

	<header>
		<div class="nav-wrapper"><ul class="nav">
			<li><a class="button nav-first" href="//pokemonshowdown.com/"><img src="//pokemonshowdown.com/images/pokemonshowdownbeta.png" srcset="//pokemonshowdown.com/images/pokemonshowdownbeta.png 1x, //pokemonshowdown.com/images/pokemonshowdownbeta@2x.png 2x" alt="Pok&eacute;mon Showdown" width="146" height="44" /> Home</a></li>
			<li><a class="button" href="//pokemonshowdown.com/dex/">Pok&eacute;dex</a></li>
			<li><a class="button cur" href="/">Replays</a></li>
			<li><a class="button" href="//pokemonshowdown.com/ladder/">Ladder</a></li>
			<li><a class="button nav-last" href="//pokemonshowdown.com/forums/">Forum</a></li>
			<li><a class="button greenbutton nav-first nav-last" href="//play.pokemonshowdown.com/">Play</a></li>
		</ul></div>
	</header>

	<div class="main" id="main">

		<noscript><section class="section">You need to enable JavaScript to use this page; sorry!</section></noscript>

	</div>

</div>

<script defer nomodule src="//play.pokemonshowdown.com/js/lib/ps-polyfill.js"></script>
<script defer src="//play.pokemonshowdown.com/js/lib/preact.min.js"></script>

<script defer src="//play.pokemonshowdown.com/config/config.js?2bddbc15"></script>
<script defer src="//play.pokemonshowdown.com/js/lib/jquery-1.11.0.min.js"></script>
<script defer src="//play.pokemonshowdown.com/js/lib/html-sanitizer-minified.js"></script>
<script defer src="//play.pokemonshowdown.com/js/battle-sound.js"></script>
<script defer src="//play.pokemonshowdown.com/js/battledata.js?0.7209276989879541"></script>
<script defer src="//play.pokemonshowdown.com/data/pokedex-mini.js?0.6111056340867951"></script>
<script defer src="//play.pokemonshowdown.com/data/pokedex-mini-bw.js?0.3532142036491459"></script>
<script defer src="//play.pokemonshowdown.com/data/graphics.js?0.24223875632456182"></script>
<script defer src="//play.pokemonshowdown.com/data/pokedex.js?0.38839984266356864"></script>
<script defer src="//play.pokemonshowdown.com/data/moves.js?0.21866028504024015"></script>
<script defer src="//play.pokemonshowdown.com/data/abilities.js?0.2005157953846628"></script>
<script defer src="//play.pokemonshowdown.com/data/items.js?0.9894211263848525"></script>
<script defer src="//play.pokemonshowdown.com/data/teambuilder-tables.js?0.6008791140282215"></script>
<script defer src="//play.pokemonshowdown.com/js/battle-tooltips.js?0.7580118955022959"></script>
<script defer src="//play.pokemonshowdown.com/js/battle.js?0.6057722274234274"></script>

<script defer src="js/utils.js?e31f9a17"></script>
<script defer src="js/replays-battle.js?7008c182"></script>

<!-- don't scrape this data! just add .json or .log after the URL!
Full API docs: https://github.com/smogon/pokemon-showdown-client/blob/master/WEB-API.md -->
<script type="text/plain" class="log" id="replaylog-smogtours-gen3ou-797054">
|inactive|Battle timer is ON: inactive players will automatically lose when time's up.
|t:|1728598914
|gametype|singles
|player|p1|garhamsandich|102|
|player|p2|thunderousbagel|169|
|teamsize|p1|6
|teamsize|p2|6
|gen|3
|tier|[Gen 3] OU
|rule|Sleep Clause Mod: Limit one foe put to sleep
|rule|Switch Priority Clause Mod: Faster Pokémon switch first
|rule|Species Clause: Limit one of each Pokémon
|rule|OHKO Clause: OHKO moves are banned
|rule|Evasion Items Clause: Evasion items are banned
|rule|Evasion Moves Clause: Evasion moves are banned
|rule|Endless Battle Clause: Forcing endless battles is banned
|rule|HP Percentage Mod: HP is shown in percentages
|rule|One Boost Passer Clause: Limit one Baton Passer that has a way to boost its stats
|rule|Freeze Clause Mod: Limit one foe frozen
|
|t:|1728598914
|start
|switch|p1a: Blaziken|Blaziken, F|100/100
|switch|p2a: Tyranitar|Tyranitar, M|100/100
|-weather|Sandstorm|[from] ability: Sand Stream|[of] p2a: Tyranitar
|turn|1
|inactive|thunderousbagel has 270 seconds left.
|
|t:|1728598956
|switch|p2a: Moltres|Moltres, shiny|100/100
|move|p1a: Blaziken|Substitute|p1a: Blaziken
|-start|p1a: Blaziken|Substitute
|-damage|p1a: Blaziken|76/100
|
|-weather|Sandstorm|[upkeep]
|-damage|p2a: Moltres|94/100|[from] Sandstorm
|-damage|p1a: Blaziken|70/100|[from] Sandstorm
|-heal|p2a: Moltres|100/100|[from] item: Leftovers
|-heal|p1a: Blaziken|76/100|[from] item: Leftovers
|upkeep
|turn|2
|
|t:|1728598967
|move|p2a: Moltres|Protect|p2a: Moltres
|-singleturn|p2a: Moltres|Protect
|move|p1a: Blaziken|Hidden Power|p2a: Moltres
|-activate|p2a: Moltres|Protect
|
|-weather|Sandstorm|[upkeep]
|-damage|p2a: Moltres|94/100|[from] Sandstorm
|-damage|p1a: Blaziken|70/100|[from] Sandstorm
|-heal|p2a: Moltres|100/100|[from] item: Leftovers
|-heal|p1a: Blaziken|76/100|[from] item: Leftovers
|upkeep
|turn|3
|
|t:|1728598974
|move|p2a: Moltres|Flamethrower|p1a: Blaziken
|-resisted|p1a: Blaziken
|-end|p1a: Blaziken|Substitute
|move|p1a: Blaziken|Hidden Power|p2a: Moltres
|-damage|p2a: Moltres|73/100
|
|-weather|Sandstorm|[upkeep]
|-damage|p2a: Moltres|67/100|[from] Sandstorm
|-damage|p1a: Blaziken|70/100|[from] Sandstorm
|-heal|p2a: Moltres|73/100|[from] item: Leftovers
|-heal|p1a: Blaziken|76/100|[from] item: Leftovers
|upkeep
|turn|4
|
|t:|1728598981
|move|p2a: Moltres|Toxic|p1a: Blaziken
|-status|p1a: Blaziken|tox
|move|p1a: Blaziken|Hidden Power|p2a: Moltres
|-damage|p2a: Moltres|42/100
|
|-weather|Sandstorm|[upkeep]
|-damage|p2a: Moltres|36/100|[from] Sandstorm
|-damage|p1a: Blaziken|70/100 tox|[from] Sandstorm
|-heal|p2a: Moltres|42/100|[from] item: Leftovers
|-heal|p1a: Blaziken|76/100 tox|[from] item: Leftovers
|-damage|p1a: Blaziken|70/100 tox|[from] psn
|upkeep
|turn|5
|
|t:|1728598994
|move|p2a: Moltres|Protect|p2a: Moltres
|-singleturn|p2a: Moltres|Protect
|move|p1a: Blaziken|Hidden Power|p2a: Moltres
|-activate|p2a: Moltres|Protect
|
|-weather|Sandstorm|[upkeep]
|-damage|p2a: Moltres|36/100|[from] Sandstorm
|-damage|p1a: Blaziken|64/100 tox|[from] Sandstorm
|-heal|p2a: Moltres|42/100|[from] item: Leftovers
|-heal|p1a: Blaziken|70/100 tox|[from] item: Leftovers
|-damage|p1a: Blaziken|58/100 tox|[from] psn
|upkeep
|turn|6
|
|t:|1728599018
|switch|p2a: Swampert|Swampert, M, shiny|100/100
|move|p1a: Blaziken|Fire Blast|p2a: Swampert|[miss]
|-miss|p1a: Blaziken|p2a: Swampert
|
|-weather|Sandstorm|[upkeep]
|-damage|p1a: Blaziken|52/100 tox|[from] Sandstorm
|-heal|p1a: Blaziken|58/100 tox|[from] item: Leftovers
|-damage|p1a: Blaziken|40/100 tox|[from] psn
|upkeep
|turn|7
|
|t:|1728599024
|switch|p1a: Celebi|Celebi|100/100
|move|p2a: Swampert|Surf|p1a: Celebi
|-resisted|p1a: Celebi
|-crit|p1a: Celebi
|-damage|p1a: Celebi|77/100
|
|-weather|Sandstorm|[upkeep]
|-damage|p1a: Celebi|71/100|[from] Sandstorm
|-heal|p1a: Celebi|77/100|[from] item: Leftovers
|upkeep
|turn|8
|
|t:|1728599031
|switch|p2a: Jumpluff|Jumpluff, M, shiny|100/100
|move|p1a: Celebi|Swords Dance|p1a: Celebi
|-boost|p1a: Celebi|atk|2
|
|-weather|Sandstorm|[upkeep]
|-damage|p2a: Jumpluff|94/100|[from] Sandstorm
|-damage|p1a: Celebi|71/100|[from] Sandstorm
|-heal|p2a: Jumpluff|100/100|[from] item: Leftovers
|-heal|p1a: Celebi|77/100|[from] item: Leftovers
|upkeep
|turn|9
|
|t:|1728599034
|move|p2a: Jumpluff|Encore|p1a: Celebi
|-start|p1a: Celebi|Encore
|move|p1a: Celebi|Swords Dance|p1a: Celebi
|-boost|p1a: Celebi|atk|2
|
|-weather|Sandstorm|[upkeep]
|-damage|p2a: Jumpluff|94/100|[from] Sandstorm
|-damage|p1a: Celebi|71/100|[from] Sandstorm
|-heal|p2a: Jumpluff|100/100|[from] item: Leftovers
|-heal|p1a: Celebi|77/100|[from] item: Leftovers
|upkeep
|turn|10
|
|t:|1728599048
|move|p2a: Jumpluff|Sleep Powder|p1a: Celebi|[miss]
|-miss|p2a: Jumpluff|p1a: Celebi
|move|p1a: Celebi|Swords Dance|p1a: Celebi
|-boost|p1a: Celebi|atk|2
|
|-weather|Sandstorm|[upkeep]
|-damage|p2a: Jumpluff|94/100|[from] Sandstorm
|-damage|p1a: Celebi|71/100|[from] Sandstorm
|-heal|p2a: Jumpluff|100/100|[from] item: Leftovers
|-heal|p1a: Celebi|77/100|[from] item: Leftovers
|upkeep
|turn|11
|
|t:|1728599053
|move|p2a: Jumpluff|Sleep Powder|p1a: Celebi
|-status|p1a: Celebi|slp|[from] move: Sleep Powder
|cant|p1a: Celebi|slp
|
|-weather|Sandstorm|[upkeep]
|-damage|p2a: Jumpluff|94/100|[from] Sandstorm
|-damage|p1a: Celebi|71/100 slp|[from] Sandstorm
|-heal|p2a: Jumpluff|100/100|[from] item: Leftovers
|-heal|p1a: Celebi|77/100 slp|[from] item: Leftovers
|upkeep
|turn|12
|
|t:|1728599060
|move|p2a: Jumpluff|Substitute|p2a: Jumpluff
|-start|p2a: Jumpluff|Substitute
|-damage|p2a: Jumpluff|76/100
|cant|p1a: Celebi|slp
|
|-weather|Sandstorm|[upkeep]
|-damage|p2a: Jumpluff|69/100|[from] Sandstorm
|-damage|p1a: Celebi|71/100 slp|[from] Sandstorm
|-heal|p2a: Jumpluff|76/100|[from] item: Leftovers
|-heal|p1a: Celebi|77/100 slp|[from] item: Leftovers
|-end|p1a: Celebi|Encore
|upkeep
|turn|13
|
|t:|1728599084
|-curestatus|p1a: Celebi|slp|[from] ability: Natural Cure
|switch|p1a: Blaziken|Blaziken, F|40/100 tox
|move|p2a: Jumpluff|Sleep Powder|p1a: Blaziken|[miss]
|-miss|p2a: Jumpluff|p1a: Blaziken
|
|-weather|Sandstorm|[upkeep]
|-damage|p2a: Jumpluff|69/100|[from] Sandstorm
|-damage|p1a: Blaziken|34/100 tox|[from] Sandstorm
|-heal|p2a: Jumpluff|76/100|[from] item: Leftovers
|-heal|p1a: Blaziken|40/100 tox|[from] item: Leftovers
|-damage|p1a: Blaziken|34/100 tox|[from] psn
|upkeep
|turn|14
|
|t:|1728599088
|move|p2a: Jumpluff|Leech Seed|p1a: Blaziken
|-start|p1a: Blaziken|move: Leech Seed
|move|p1a: Blaziken|Hidden Power|p2a: Jumpluff
|-supereffective|p2a: Jumpluff
|-end|p2a: Jumpluff|Substitute
|
|-weather|Sandstorm|[upkeep]
|-damage|p2a: Jumpluff|69/100|[from] Sandstorm
|-damage|p1a: Blaziken|28/100 tox|[from] Sandstorm
|-heal|p2a: Jumpluff|76/100|[from] item: Leftovers
|-heal|p1a: Blaziken|34/100 tox|[from] item: Leftovers
|-damage|p1a: Blaziken|21/100 tox|[from] Leech Seed|[of] p2a: Jumpluff
|-heal|p2a: Jumpluff|87/100|[silent]
|-damage|p1a: Blaziken|9/100 tox|[from] psn
|upkeep
|turn|15
|
|t:|1728599099
|move|p2a: Jumpluff|Substitute|p2a: Jumpluff
|-start|p2a: Jumpluff|Substitute
|-damage|p2a: Jumpluff|62/100
|move|p1a: Blaziken|Hidden Power|p2a: Jumpluff
|-supereffective|p2a: Jumpluff
|-end|p2a: Jumpluff|Substitute
|
|-weather|Sandstorm|[upkeep]
|-damage|p2a: Jumpluff|56/100|[from] Sandstorm
|-damage|p1a: Blaziken|3/100 tox|[from] Sandstorm
|-heal|p2a: Jumpluff|62/100|[from] item: Leftovers
|-heal|p1a: Blaziken|9/100 tox|[from] item: Leftovers
|-damage|p1a: Blaziken|0 fnt|[from] Leech Seed|[of] p2a: Jumpluff
|-heal|p2a: Jumpluff|70/100|[silent]
|faint|p1a: Blaziken
|upkeep
|
|t:|1728599101
|switch|p1a: Salamence|Salamence, F|100/100
|-ability|p1a: Salamence|Intimidate|boost
|-unboost|p2a: Jumpluff|atk|1
|turn|16
|
|t:|1728599131
|move|p2a: Jumpluff|Sleep Powder|p1a: Salamence
|-status|p1a: Salamence|slp|[from] move: Sleep Powder
|cant|p1a: Salamence|slp
|
|-weather|Sandstorm|[upkeep]
|-damage|p2a: Jumpluff|64/100|[from] Sandstorm
|-damage|p1a: Salamence|94/100 slp|[from] Sandstorm
|-heal|p2a: Jumpluff|70/100|[from] item: Leftovers
|-heal|p1a: Salamence|100/100 slp|[from] item: Leftovers
|upkeep
|turn|17
|
|t:|1728599143
|move|p2a: Jumpluff|Leech Seed|p1a: Salamence
|-start|p1a: Salamence|move: Leech Seed
|-curestatus|p1a: Salamence|slp|[msg]
|move|p1a: Salamence|Hidden Power|p2a: Jumpluff
|-supereffective|p2a: Jumpluff
|-damage|p2a: Jumpluff|0 fnt
|faint|p2a: Jumpluff
|
|t:|1728599153
|switch|p2a: Forretress|Forretress, M|100/100
|
|-weather|Sandstorm|[upkeep]
|-damage|p1a: Salamence|94/100|[from] Sandstorm
|-heal|p1a: Salamence|100/100|[from] item: Leftovers
|-damage|p1a: Salamence|88/100|[from] Leech Seed|[of] p2a: Forretress
|upkeep
|turn|18
|
|t:|1728599160
|switch|p1a: Magneton|Magneton|100/100
|move|p2a: Forretress|Earthquake|p1a: Magneton
|-supereffective|p1a: Magneton
|-damage|p1a: Magneton|2/100
|
|-weather|Sandstorm|[upkeep]
|-heal|p1a: Magneton|8/100|[from] item: Leftovers
|upkeep
|turn|19
|
|t:|1728599166
|move|p1a: Magneton|Hidden Power|p2a: Forretress
|-supereffective|p2a: Forretress
|-damage|p2a: Forretress|0 fnt
|faint|p2a: Forretress
|
|t:|1728599174
|switch|p2a: Moltres|Moltres, shiny|42/100
|
|-weather|Sandstorm|[upkeep]
|-damage|p2a: Moltres|36/100|[from] Sandstorm
|-heal|p2a: Moltres|42/100|[from] item: Leftovers
|-heal|p1a: Magneton|14/100|[from] item: Leftovers
|upkeep
|turn|20
|
|t:|1728599178
|move|p2a: Moltres|Flamethrower|p1a: Magneton
|-supereffective|p1a: Magneton
|-damage|p1a: Magneton|0 fnt
|faint|p1a: Magneton
|
|t:|1728599180
|switch|p1a: Gyarados|Gyarados, F|100/100
|-ability|p1a: Gyarados|Intimidate|boost
|-unboost|p2a: Moltres|atk|1
|
|-weather|Sandstorm|[upkeep]
|-damage|p2a: Moltres|36/100|[from] Sandstorm
|-damage|p1a: Gyarados|94/100|[from] Sandstorm
|-heal|p2a: Moltres|42/100|[from] item: Leftovers
|-heal|p1a: Gyarados|100/100|[from] item: Leftovers
|upkeep
|turn|21
|
|t:|1728599188
|switch|p2a: Jirachi|Jirachi|100/100
|move|p1a: Gyarados|Hidden Power|p2a: Jirachi
|-resisted|p2a: Jirachi
|-damage|p2a: Jirachi|93/100
|
|-weather|Sandstorm|[upkeep]
|-damage|p1a: Gyarados|94/100|[from] Sandstorm
|-heal|p1a: Gyarados|100/100|[from] item: Leftovers
|-heal|p2a: Jirachi|99/100|[from] item: Leftovers
|upkeep
|turn|22
|
|t:|1728599196
|switch|p1a: Metagross|Metagross|100/100
|move|p2a: Jirachi|Thunder|p1a: Metagross|[miss]
|-miss|p2a: Jirachi|p1a: Metagross
|
|-weather|Sandstorm|[upkeep]
|-heal|p2a: Jirachi|100/100|[from] item: Leftovers
|upkeep
|turn|23
|
|t:|1728599209
|switch|p2a: Swampert|Swampert, M, shiny|100/100
|move|p1a: Metagross|Agility|p1a: Metagross
|-boost|p1a: Metagross|spe|2
|
|-weather|Sandstorm|[upkeep]
|upkeep
|turn|24
|
|t:|1728599216
|switch|p1a: Celebi|Celebi|77/100
|move|p2a: Swampert|Surf|p1a: Celebi
|-resisted|p1a: Celebi
|-damage|p1a: Celebi|65/100
|
|-weather|Sandstorm|[upkeep]
|-damage|p1a: Celebi|59/100|[from] Sandstorm
|-heal|p1a: Celebi|65/100|[from] item: Leftovers
|upkeep
|turn|25
|
|t:|1728599220
|switch|p2a: Moltres|Moltres, shiny|42/100
|move|p1a: Celebi|Leech Seed|p2a: Moltres
|-start|p2a: Moltres|move: Leech Seed
|
|-weather|Sandstorm|[upkeep]
|-damage|p2a: Moltres|36/100|[from] Sandstorm
|-damage|p1a: Celebi|59/100|[from] Sandstorm
|-heal|p2a: Moltres|42/100|[from] item: Leftovers
|-damage|p2a: Moltres|29/100|[from] Leech Seed|[of] p1a: Celebi
|-heal|p1a: Celebi|69/100|[silent]
|-heal|p1a: Celebi|75/100|[from] item: Leftovers
|upkeep
|turn|26
|
|t:|1728599228
|switch|p1a: Salamence|Salamence, F|88/100
|-ability|p1a: Salamence|Intimidate|boost
|-unboost|p2a: Moltres|atk|1
|move|p2a: Moltres|Flamethrower|p1a: Salamence
|-resisted|p1a: Salamence
|-damage|p1a: Salamence|59/100
|
|-weather|Sandstorm|[upkeep]
|-damage|p2a: Moltres|23/100|[from] Sandstorm
|-damage|p1a: Salamence|53/100|[from] Sandstorm
|-heal|p2a: Moltres|29/100|[from] item: Leftovers
|-damage|p2a: Moltres|17/100|[from] Leech Seed|[of] p1a: Salamence
|-heal|p1a: Salamence|64/100|[silent]
|-heal|p1a: Salamence|70/100|[from] item: Leftovers
|upkeep
|turn|27
|
|t:|1728599244
|switch|p2a: Swampert|Swampert, M, shiny|100/100
|switch|p1a: Metagross|Metagross|100/100
|
|-weather|Sandstorm|[upkeep]
|upkeep
|turn|28
|
|t:|1728599249
|switch|p1a: Celebi|Celebi|75/100
|move|p2a: Swampert|Protect||[still]
|-fail|p2a: Swampert
|
|-weather|Sandstorm|[upkeep]
|-damage|p1a: Celebi|69/100|[from] Sandstorm
|-heal|p1a: Celebi|75/100|[from] item: Leftovers
|upkeep
|turn|29
|
|t:|1728599256
|move|p1a: Celebi|Leech Seed|p2a: Swampert
|-start|p2a: Swampert|move: Leech Seed
|move|p2a: Swampert|Toxic|p1a: Celebi
|-status|p1a: Celebi|tox
|
|-weather|Sandstorm|[upkeep]
|-damage|p1a: Celebi|69/100 tox|[from] Sandstorm
|-heal|p1a: Celebi|75/100 tox|[from] item: Leftovers
|-damage|p1a: Celebi|69/100 tox|[from] psn
|-damage|p2a: Swampert|88/100|[from] Leech Seed|[of] p1a: Celebi
|-heal|p1a: Celebi|81/100 tox|[silent]
|upkeep
|turn|30
|
|t:|1728599265
|switch|p2a: Tyranitar|Tyranitar, M|100/100
|move|p1a: Celebi|Leech Seed|p2a: Tyranitar
|-start|p2a: Tyranitar|move: Leech Seed
|
|-weather|Sandstorm|[upkeep]
|-damage|p1a: Celebi|75/100 tox|[from] Sandstorm
|-heal|p1a: Celebi|81/100 tox|[from] item: Leftovers
|-damage|p1a: Celebi|69/100 tox|[from] psn
|-damage|p2a: Tyranitar|88/100|[from] Leech Seed|[of] p1a: Celebi
|-heal|p1a: Celebi|81/100 tox|[silent]
|upkeep
|turn|31
|
|t:|1728599275
|move|p1a: Celebi|Swords Dance|p1a: Celebi
|-boost|p1a: Celebi|atk|2
|move|p2a: Tyranitar|Crunch|p1a: Celebi
|-supereffective|p1a: Celebi
|-crit|p1a: Celebi
|-damage|p1a: Celebi|0 fnt
|faint|p1a: Celebi
|c|☆garhamsandich|are u serious
|
|t:|1728599293
|switch|p1a: Gyarados|Gyarados, F|100/100
|-ability|p1a: Gyarados|Intimidate|boost
|-unboost|p2a: Tyranitar|atk|1
|
|-weather|Sandstorm|[upkeep]
|-damage|p1a: Gyarados|94/100|[from] Sandstorm
|-heal|p1a: Gyarados|100/100|[from] item: Leftovers
|-heal|p2a: Tyranitar|94/100|[from] item: Leftovers
|-damage|p2a: Tyranitar|82/100|[from] Leech Seed|[of] p1a: Gyarados
|upkeep
|turn|32
|
|t:|1728599311
|switch|p2a: Jirachi|Jirachi|100/100
|move|p1a: Gyarados|Dragon Dance|p1a: Gyarados
|-boost|p1a: Gyarados|atk|1
|-boost|p1a: Gyarados|spe|1
|
|-weather|Sandstorm|[upkeep]
|-damage|p1a: Gyarados|94/100|[from] Sandstorm
|-heal|p1a: Gyarados|100/100|[from] item: Leftovers
|upkeep
|turn|33
|
|t:|1728599318
|move|p1a: Gyarados|Earthquake|p2a: Jirachi
|-supereffective|p2a: Jirachi
|-damage|p2a: Jirachi|40/100
|move|p2a: Jirachi|Thunder|p1a: Gyarados
|-supereffective|p1a: Gyarados
|-damage|p1a: Gyarados|0 fnt
|faint|p1a: Gyarados
|
|t:|1728599321
|switch|p1a: Metagross|Metagross|100/100
|
|-weather|Sandstorm|[upkeep]
|-heal|p2a: Jirachi|46/100|[from] item: Leftovers
|upkeep
|turn|34
|
|t:|1728599332
|move|p2a: Jirachi|Thunder|p1a: Metagross|[miss]
|-miss|p2a: Jirachi|p1a: Metagross
|move|p1a: Metagross|Earthquake|p2a: Jirachi
|-supereffective|p2a: Jirachi
|-damage|p2a: Jirachi|0 fnt
|faint|p2a: Jirachi
|
|t:|1728599341
|switch|p2a: Moltres|Moltres, shiny|17/100
|
|-weather|Sandstorm|[upkeep]
|-damage|p2a: Moltres|11/100|[from] Sandstorm
|-heal|p2a: Moltres|17/100|[from] item: Leftovers
|upkeep
|turn|35
|
|t:|1728599369
|switch|p1a: Salamence|Salamence, F|70/100
|-ability|p1a: Salamence|Intimidate|boost
|-unboost|p2a: Moltres|atk|1
|move|p2a: Moltres|Flamethrower|p1a: Salamence
|-resisted|p1a: Salamence
|-damage|p1a: Salamence|40/100
|
|-weather|Sandstorm|[upkeep]
|-damage|p2a: Moltres|11/100|[from] Sandstorm
|-damage|p1a: Salamence|34/100|[from] Sandstorm
|-heal|p2a: Moltres|17/100|[from] item: Leftovers
|-heal|p1a: Salamence|40/100|[from] item: Leftovers
|upkeep
|turn|36
|
|t:|1728599376
|switch|p2a: Swampert|Swampert, M, shiny|88/100
|move|p1a: Salamence|Hidden Power|p2a: Swampert
|-damage|p2a: Swampert|62/100
|
|-weather|Sandstorm|[upkeep]
|-damage|p1a: Salamence|34/100|[from] Sandstorm
|-heal|p1a: Salamence|40/100|[from] item: Leftovers
|-heal|p2a: Swampert|68/100|[from] item: Leftovers
|upkeep
|turn|37
|
|t:|1728599394
|move|p1a: Salamence|Hidden Power|p2a: Swampert
|-damage|p2a: Swampert|38/100
|move|p2a: Swampert|Toxic|p1a: Salamence
|-status|p1a: Salamence|tox
|
|-weather|Sandstorm|[upkeep]
|-damage|p1a: Salamence|34/100 tox|[from] Sandstorm
|-heal|p1a: Salamence|40/100 tox|[from] item: Leftovers
|-damage|p1a: Salamence|34/100 tox|[from] psn
|-heal|p2a: Swampert|44/100|[from] item: Leftovers
|upkeep
|turn|38
|
|t:|1728599403
|switch|p2a: Tyranitar|Tyranitar, M|82/100
|move|p1a: Salamence|Dragon Dance|p1a: Salamence
|-boost|p1a: Salamence|atk|1
|-boost|p1a: Salamence|spe|1
|
|-weather|Sandstorm|[upkeep]
|-damage|p1a: Salamence|27/100 tox|[from] Sandstorm
|-heal|p1a: Salamence|34/100 tox|[from] item: Leftovers
|-damage|p1a: Salamence|21/100 tox|[from] psn
|-heal|p2a: Tyranitar|88/100|[from] item: Leftovers
|upkeep
|turn|39
|
|t:|1728599409
|move|p1a: Salamence|Hidden Power|p2a: Tyranitar
|-resisted|p2a: Tyranitar
|-damage|p2a: Tyranitar|62/100
|move|p2a: Tyranitar|Crunch|p1a: Salamence
|-damage|p1a: Salamence|0 fnt
|faint|p1a: Salamence
|
|t:|1728599411
|switch|p1a: Metagross|Metagross|100/100
|
|-weather|Sandstorm|[upkeep]
|-heal|p2a: Tyranitar|68/100|[from] item: Leftovers
|upkeep
|turn|40
|
|t:|1728599417
|move|p1a: Metagross|Agility|p1a: Metagross
|-boost|p1a: Metagross|spe|2
|move|p2a: Tyranitar|Fire Blast|p1a: Metagross
|-supereffective|p1a: Metagross
|-damage|p1a: Metagross|26/100
|
|-weather|Sandstorm|[upkeep]
|-heal|p1a: Metagross|33/100|[from] item: Leftovers
|-heal|p2a: Tyranitar|74/100|[from] item: Leftovers
|upkeep
|turn|41
|
|t:|1728599435
|move|p1a: Metagross|Meteor Mash|p2a: Tyranitar|[miss]
|-miss|p1a: Metagross|p2a: Tyranitar
|move|p2a: Tyranitar|Crunch|p1a: Metagross
|-damage|p1a: Metagross|0 fnt
|faint|p1a: Metagross
|
|win|thunderousbagel
|c|☆thunderousbagel|sorry
|c|☆garhamsandich|crit crunch twice
|c|☆garhamsandich|is
|c|☆garhamsandich|insane
|c|☆thunderousbagel|yeah

</script>
<script type="application/json" class="data" id="replaydata-smogtours-gen3ou-797054">
{"id":"smogtours-gen3ou-797054","format":"[Gen 3] OU","players":["garhamsandich","thunderousbagel"],"uploadtime":1728599435,"views":104,"formatid":"gen3ou","rating":null,"private":0,"password":null}
</script>

<script defer src="js/replays.js?9d40a366"></script>
