<!DOCTYPE html>
<meta charset="utf-8" />
<meta name="viewport" content="width=device-width" />

<title>[Gen 3] OU: Alecss vs. KingWafl - Replays - Pok&eacute;mon Showdown!</title>

<meta name="description" content="Watch a replay of a Pok&eacute;mon battle between Alecss and KingWafl! Format: [Gen 3] OU; Date: Oct 29, 2024" />
<!--

Hey, you! Looking in the source for the replay log?

You can find them in JSON format, just add `.json` at the end of a replay URL.

https://replay.pokemonshowdown.com/gen7randomdoublesbattle-865046831.json

Or, if you only need the log itself, add `.log` instead:

https://replay.pokemonshowdown.com/gen7randomdoublesbattle-865046831.log

-->

<link rel="stylesheet" href="//pokemonshowdown.com/style/global.css?0.767286132409787" />
<link rel="stylesheet" href="//play.pokemonshowdown.com/style/font-awesome.css?0.9266228007934947" />
<link rel="stylesheet" href="//play.pokemonshowdown.com/style/battle.css?0.7924700842790926" />
<link rel="stylesheet" href="//play.pokemonshowdown.com/style/utilichart.css?0.8777417872839479" />

<!-- Global site tag (gtag.js) - Google Analytics -->
<script async src="https://www.googletagmanager.com/gtag/js?id=UA-26211653-1"></script>
<script>
  window.dataLayer = window.dataLayer || [];
  function gtag(){dataLayer.push(arguments);}
  gtag('js', new Date());

  gtag('config', 'UA-26211653-1');
</script>
<!-- End Google Analytics -->
<!-- Venatus Ad Manager - Install in <HEAD> of page -->
	<script src="https://hb.vntsm.com/v3/live/ad-manager.min.js" type="text/javascript" data-site-id="642aba63ec9a7b11c3c9c1be" data-mode="scan" async></script>
<!-- / Venatus Ad Manager -->

<style>
	@media (max-width:820px) {
		.battle {
			margin: 0 auto;
		}
		.battle-log {
			margin: 7px auto 0;
			max-width: 640px;
			height: 300px;
			position: static;
		}
	}
	.optgroup {
		display: inline-block;
		line-height: 22px;
		font-size: 10pt;
	}
	.optgroup .button {
		height: 25px;
		padding-top: 0;
		padding-bottom: 0;
	}
	.optgroup button.button {
		padding-left: 12px;
		padding-right: 12px;
	}
	.linklist {
		list-style: none;
		margin: 0.5em 0;
		padding: 0;
	}
	.linklist li {
		padding: 2px 0;
	}
	.sidebar {
		float: left;
		width: 320px;
	}
	.bar-wrapper {
		max-width: 1100px;
		margin: 0 auto;
	}
	.bar-wrapper.has-sidebar {
		max-width: 1430px;
	}
	.mainbar {
		margin: 0;
		padding-right: 1px;
	}
	.mainbar.has-sidebar {
		margin-left: 330px;
	}
	@media (min-width: 1511px) {
		.sidebar {
			width: 400px;
		}
		.bar-wrapper.has-sidebar {
			max-width: 1510px;
		}
		.mainbar.has-sidebar {
			margin-left: 410px;
		}
	}
	.section.first-section {
		margin-top: 9px;
	}
	.blocklink small {
		white-space: normal;
	}
	.button {
		vertical-align: middle;
	}
	.replay-controls {
		padding-top: 10px;
	}
	.replay-controls h1 {
		font-size: 16pt;
		font-weight: normal;
		color: #CCC;
	}
	.pagelink {
		text-align: center;
	}
	.pagelink a {
		width: 150px;
	}
	.textbox, .button {
		font-size: 11pt;
		vertical-align: middle;
	}
	@media (max-width: 450px) {
		.button {
			font-size: 9pt;
		}
	}
</style>

<div>

	<header>
		<div class="nav-wrapper"><ul class="nav">
			<li><a class="button nav-first" href="//pokemonshowdown.com/"><img src="//pokemonshowdown.com/images/pokemonshowdownbeta.png" srcset="//pokemonshowdown.com/images/pokemonshowdownbeta.png 1x, //pokemonshowdown.com/images/pokemonshowdownbeta@2x.png 2x" alt="Pok&eacute;mon Showdown" width="146" height="44" /> Home</a></li>
			<li><a class="button" href="//pokemonshowdown.com/dex/">Pok&eacute;dex</a></li>
			<li><a class="button cur" href="/">Replays</a></li>
			<li><a class="button" href="//pokemonshowdown.com/ladder/">Ladder</a></li>
			<li><a class="button nav-last" href="//pokemonshowdown.com/forums/">Forum</a></li>
			<li><a class="button greenbutton nav-first nav-last" href="//play.pokemonshowdown.com/">Play</a></li>
		</ul></div>
	</header>

	<div class="main" id="main">

		<noscript><section class="section">You need to enable JavaScript to use this page; sorry!</section></noscript>

	</div>

</div>

<script defer nomodule src="//play.pokemonshowdown.com/js/lib/ps-polyfill.js"></script>
<script defer src="//play.pokemonshowdown.com/js/lib/preact.min.js"></script>

<script defer src="//play.pokemonshowdown.com/config/config.js?6dec07f6"></script>
<script defer src="//play.pokemonshowdown.com/js/lib/jquery-1.11.0.min.js"></script>
<script defer src="//play.pokemonshowdown.com/js/lib/html-sanitizer-minified.js"></script>
<script defer src="//play.pokemonshowdown.com/js/battle-sound.js"></script>
<script defer src="//play.pokemonshowdown.com/js/battledata.js?0.6315294753075389"></script>
<script defer src="//play.pokemonshowdown.com/data/pokedex-mini.js?0.7603743185311358"></script>
<script defer src="//play.pokemonshowdown.com/data/pokedex-mini-bw.js?0.030888842834281283"></script>
<script defer src="//play.pokemonshowdown.com/data/graphics.js?0.05593094747507488"></script>
<script defer src="//play.pokemonshowdown.com/data/pokedex.js?0.47064822249611904"></script>
<script defer src="//play.pokemonshowdown.com/data/moves.js?0.8583693120512459"></script>
<script defer src="//play.pokemonshowdown.com/data/abilities.js?0.16017181182386842"></script>
<script defer src="//play.pokemonshowdown.com/data/items.js?0.4163379185673943"></script>
<script defer src="//play.pokemonshowdown.com/data/teambuilder-tables.js?0.31075597372830477"></script>
<script defer src="//play.pokemonshowdown.com/js/battle-tooltips.js?0.6536193500708172"></script>
<script defer src="//play.pokemonshowdown.com/js/battle.js?0.1916591943277901"></script>

<script defer src="js/utils.js?e31f9a17"></script>
<script defer src="js/replays-battle.js?7008c182"></script>

<!-- don't scrape this data! just add .json or .log after the URL!
Full API docs: https://github.com/smogon/pokemon-showdown-client/blob/master/WEB-API.md -->
<script type="text/plain" class="log" id="replaylog-smogtours-gen3ou-803221">
|inactive|Battle timer is ON: inactive players will automatically lose when time's up.
|t:|1730169491
|gametype|singles
|player|p1|Alecss|red-gen1|
|player|p2|KingWafl|169|
|teamsize|p1|6
|teamsize|p2|6
|gen|3
|tier|[Gen 3] OU
|rule|Sleep Clause Mod: Limit one foe put to sleep
|rule|Switch Priority Clause Mod: Faster Pokémon switch first
|rule|Species Clause: Limit one of each Pokémon
|rule|OHKO Clause: OHKO moves are banned
|rule|Evasion Items Clause: Evasion items are banned
|rule|Evasion Moves Clause: Evasion moves are banned
|rule|Endless Battle Clause: Forcing endless battles is banned
|rule|HP Percentage Mod: HP is shown in percentages
|rule|One Boost Passer Clause: Limit one Baton Passer that has a way to boost its stats
|rule|Freeze Clause Mod: Limit one foe frozen
|
|t:|1730169491
|start
|switch|p1a: Tyranitar|Tyranitar, F|100/100
|switch|p2a: Zapdos|Zapdos|100/100
|-weather|Sandstorm|[from] ability: Sand Stream|[of] p1a: Tyranitar
|turn|1
|c|☆KingWafl|glhf!
|c|☆Alecss|u2
|
|t:|1730169502
|switch|p2a: Suicune|Suicune|100/100
|move|p1a: Tyranitar|Rock Slide|p2a: Suicune
|-damage|p2a: Suicune|69/100
|
|-weather|Sandstorm|[upkeep]
|-damage|p2a: Suicune|63/100|[from] Sandstorm
|-heal|p2a: Suicune|69/100|[from] item: Leftovers
|upkeep
|turn|2
|
|t:|1730169513
|switch|p1a: Celebi|Celebi|100/100
|move|p2a: Suicune|Surf|p1a: Celebi
|-resisted|p1a: Celebi
|-damage|p1a: Celebi|83/100
|
|-weather|Sandstorm|[upkeep]
|-damage|p1a: Celebi|77/100|[from] Sandstorm
|-damage|p2a: Suicune|63/100|[from] Sandstorm
|-heal|p1a: Celebi|83/100|[from] item: Leftovers
|-heal|p2a: Suicune|69/100|[from] item: Leftovers
|upkeep
|turn|3
|
|t:|1730169518
|switch|p2a: Celebi|Celebi|100/100
|move|p1a: Celebi|Giga Drain|p2a: Celebi
|-resisted|p2a: Celebi
|-damage|p2a: Celebi|93/100
|-heal|p1a: Celebi|88/100|[from] drain|[of] p2a: Celebi
|
|-weather|Sandstorm|[upkeep]
|-damage|p1a: Celebi|82/100|[from] Sandstorm
|-damage|p2a: Celebi|86/100|[from] Sandstorm
|-heal|p1a: Celebi|88/100|[from] item: Leftovers
|-heal|p2a: Celebi|93/100|[from] item: Leftovers
|upkeep
|turn|4
|
|t:|1730169522
|move|p1a: Celebi|Calm Mind|p1a: Celebi
|-boost|p1a: Celebi|spa|1
|-boost|p1a: Celebi|spd|1
|move|p2a: Celebi|Calm Mind|p2a: Celebi
|-boost|p2a: Celebi|spa|1
|-boost|p2a: Celebi|spd|1
|
|-weather|Sandstorm|[upkeep]
|-damage|p1a: Celebi|82/100|[from] Sandstorm
|-damage|p2a: Celebi|86/100|[from] Sandstorm
|-heal|p1a: Celebi|88/100|[from] item: Leftovers
|-heal|p2a: Celebi|93/100|[from] item: Leftovers
|upkeep
|turn|5
|
|t:|1730169529
|move|p1a: Celebi|Calm Mind|p1a: Celebi
|-boost|p1a: Celebi|spa|1
|-boost|p1a: Celebi|spd|1
|move|p2a: Celebi|Calm Mind|p2a: Celebi
|-boost|p2a: Celebi|spa|1
|-boost|p2a: Celebi|spd|1
|
|-weather|Sandstorm|[upkeep]
|-damage|p1a: Celebi|82/100|[from] Sandstorm
|-damage|p2a: Celebi|86/100|[from] Sandstorm
|-heal|p1a: Celebi|88/100|[from] item: Leftovers
|-heal|p2a: Celebi|93/100|[from] item: Leftovers
|upkeep
|turn|6
|
|t:|1730169537
|move|p1a: Celebi|Hidden Power|p2a: Celebi
|-supereffective|p2a: Celebi
|-crit|p2a: Celebi
|-damage|p2a: Celebi|0 fnt
|faint|p2a: Celebi
|c|☆Alecss|mb
|
|t:|1730169548
|switch|p2a: Dugtrio|Dugtrio, F|100/100
|
|-weather|Sandstorm|[upkeep]
|-damage|p1a: Celebi|82/100|[from] Sandstorm
|-heal|p1a: Celebi|88/100|[from] item: Leftovers
|upkeep
|turn|7
|
|t:|1730169550
|move|p2a: Dugtrio|Hidden Power|p1a: Celebi
|-supereffective|p1a: Celebi
|-damage|p1a: Celebi|3/100
|move|p1a: Celebi|Giga Drain|p2a: Dugtrio
|-supereffective|p2a: Dugtrio
|-damage|p2a: Dugtrio|0 fnt
|-heal|p1a: Celebi|32/100|[from] drain|[of] p2a: Dugtrio
|faint|p2a: Dugtrio
|
|t:|1730169559
|switch|p2a: Blissey|Blissey, F|100/100
|
|-weather|Sandstorm|[upkeep]
|-damage|p1a: Celebi|26/100|[from] Sandstorm
|-damage|p2a: Blissey|94/100|[from] Sandstorm
|-heal|p1a: Celebi|32/100|[from] item: Leftovers
|-heal|p2a: Blissey|100/100|[from] item: Leftovers
|upkeep
|turn|8
|
|t:|1730169564
|move|p1a: Celebi|Psychic|p2a: Blissey
|-damage|p2a: Blissey|67/100
|move|p2a: Blissey|Calm Mind|p2a: Blissey
|-boost|p2a: Blissey|spa|1
|-boost|p2a: Blissey|spd|1
|
|-weather|Sandstorm|[upkeep]
|-damage|p1a: Celebi|26/100|[from] Sandstorm
|-damage|p2a: Blissey|61/100|[from] Sandstorm
|-heal|p1a: Celebi|32/100|[from] item: Leftovers
|-heal|p2a: Blissey|67/100|[from] item: Leftovers
|upkeep
|turn|9
|
|t:|1730169568
|move|p1a: Celebi|Psychic|p2a: Blissey
|-damage|p2a: Blissey|47/100
|move|p2a: Blissey|Calm Mind|p2a: Blissey
|-boost|p2a: Blissey|spa|1
|-boost|p2a: Blissey|spd|1
|
|-weather|Sandstorm|[upkeep]
|-damage|p1a: Celebi|26/100|[from] Sandstorm
|-damage|p2a: Blissey|41/100|[from] Sandstorm
|-heal|p1a: Celebi|32/100|[from] item: Leftovers
|-heal|p2a: Blissey|47/100|[from] item: Leftovers
|upkeep
|turn|10
|
|t:|1730169573
|switch|p1a: Metagross|Metagross|100/100
|move|p2a: Blissey|Soft-Boiled|p2a: Blissey
|-heal|p2a: Blissey|97/100
|
|-weather|Sandstorm|[upkeep]
|-damage|p2a: Blissey|91/100|[from] Sandstorm
|-heal|p2a: Blissey|97/100|[from] item: Leftovers
|upkeep
|turn|11
|
|t:|1730169576
|move|p1a: Metagross|Meteor Mash|p2a: Blissey
|-damage|p2a: Blissey|12/100
|-boost|p1a: Metagross|atk|1
|move|p2a: Blissey|Thunderbolt|p1a: Metagross
|-damage|p1a: Metagross|42/100
|
|-weather|Sandstorm|[upkeep]
|-damage|p2a: Blissey|5/100|[from] Sandstorm
|-heal|p2a: Blissey|12/100|[from] item: Leftovers
|upkeep
|turn|12
|
|t:|1730169585
|move|p1a: Metagross|Meteor Mash|p2a: Blissey|[miss]
|-miss|p1a: Metagross|p2a: Blissey
|move|p2a: Blissey|Thunderbolt|p1a: Metagross
|-damage|p1a: Metagross|0 fnt
|faint|p1a: Metagross
|
|t:|1730169594
|switch|p1a: Aerodactyl|Aerodactyl, F|100/100
|
|-weather|Sandstorm|[upkeep]
|-damage|p2a: Blissey|5/100|[from] Sandstorm
|-heal|p2a: Blissey|12/100|[from] item: Leftovers
|upkeep
|turn|13
|
|t:|1730169601
|move|p1a: Aerodactyl|Rock Slide|p2a: Blissey
|-damage|p2a: Blissey|0 fnt
|faint|p2a: Blissey
|
|t:|1730169602
|switch|p2a: Jirachi|Jirachi|100/100
|
|-weather|Sandstorm|[upkeep]
|upkeep
|turn|14
|
|t:|1730169607
|switch|p1a: Skarmory|Skarmory, M|100/100
|move|p2a: Jirachi|Calm Mind|p2a: Jirachi
|-boost|p2a: Jirachi|spa|1
|-boost|p2a: Jirachi|spd|1
|
|-weather|Sandstorm|[upkeep]
|upkeep
|turn|15
|
|t:|1730169612
|move|p2a: Jirachi|Thunderbolt|p1a: Skarmory
|-supereffective|p1a: Skarmory
|-damage|p1a: Skarmory|17/100
|move|p1a: Skarmory|Roar|p2a: Jirachi
|drag|p2a: Suicune|Suicune|69/100
|
|-weather|Sandstorm|[upkeep]
|-damage|p2a: Suicune|63/100|[from] Sandstorm
|-heal|p2a: Suicune|69/100|[from] item: Leftovers
|-heal|p1a: Skarmory|23/100|[from] item: Leftovers
|upkeep
|turn|16
|
|t:|1730169618
|move|p2a: Suicune|Calm Mind|p2a: Suicune
|-boost|p2a: Suicune|spa|1
|-boost|p2a: Suicune|spd|1
|move|p1a: Skarmory|Spikes|p2a: Suicune
|-sidestart|p2: KingWafl|Spikes
|
|-weather|Sandstorm|[upkeep]
|-damage|p2a: Suicune|63/100|[from] Sandstorm
|-heal|p2a: Suicune|69/100|[from] item: Leftovers
|-heal|p1a: Skarmory|29/100|[from] item: Leftovers
|upkeep
|turn|17
|
|t:|1730169623
|move|p2a: Suicune|Roar|p1a: Skarmory
|drag|p1a: Celebi|Celebi|32/100
|
|-weather|Sandstorm|[upkeep]
|-damage|p1a: Celebi|26/100|[from] Sandstorm
|-damage|p2a: Suicune|63/100|[from] Sandstorm
|-heal|p1a: Celebi|32/100|[from] item: Leftovers
|-heal|p2a: Suicune|69/100|[from] item: Leftovers
|upkeep
|turn|18
|
|t:|1730169626
|move|p1a: Celebi|Giga Drain|p2a: Suicune
|-supereffective|p2a: Suicune
|-damage|p2a: Suicune|44/100
|-heal|p1a: Celebi|46/100|[from] drain|[of] p2a: Suicune
|move|p2a: Suicune|Surf|p1a: Celebi
|-resisted|p1a: Celebi
|-damage|p1a: Celebi|24/100
|
|-weather|Sandstorm|[upkeep]
|-damage|p1a: Celebi|17/100|[from] Sandstorm
|-damage|p2a: Suicune|38/100|[from] Sandstorm
|-heal|p1a: Celebi|24/100|[from] item: Leftovers
|-heal|p2a: Suicune|44/100|[from] item: Leftovers
|upkeep
|turn|19
|
|t:|1730169631
|move|p1a: Celebi|Giga Drain|p2a: Suicune
|-supereffective|p2a: Suicune
|-damage|p2a: Suicune|19/100
|-heal|p1a: Celebi|38/100|[from] drain|[of] p2a: Suicune
|move|p2a: Suicune|Roar|p1a: Celebi
|drag|p1a: Skarmory|Skarmory, M|29/100
|
|-weather|Sandstorm|[upkeep]
|-damage|p2a: Suicune|12/100|[from] Sandstorm
|-heal|p2a: Suicune|19/100|[from] item: Leftovers
|-heal|p1a: Skarmory|35/100|[from] item: Leftovers
|upkeep
|turn|20
|
|t:|1730169636
|move|p2a: Suicune|Surf|p1a: Skarmory
|-damage|p1a: Skarmory|0 fnt
|faint|p1a: Skarmory
|
|t:|1730169639
|switch|p1a: Aerodactyl|Aerodactyl, F|100/100
|
|-weather|Sandstorm|[upkeep]
|-damage|p2a: Suicune|12/100|[from] Sandstorm
|-heal|p2a: Suicune|19/100|[from] item: Leftovers
|upkeep
|turn|21
|
|t:|1730169643
|move|p1a: Aerodactyl|Earthquake|p2a: Suicune
|-damage|p2a: Suicune|0 fnt
|faint|p2a: Suicune
|
|t:|1730169645
|switch|p2a: Zapdos|Zapdos|100/100
|
|-weather|Sandstorm|[upkeep]
|-damage|p2a: Zapdos|94/100|[from] Sandstorm
|-heal|p2a: Zapdos|100/100|[from] item: Leftovers
|upkeep
|turn|22
|
|t:|1730169650
|switch|p1a: Celebi|Celebi|38/100
|move|p2a: Zapdos|Toxic|p1a: Celebi
|-status|p1a: Celebi|tox
|
|-weather|Sandstorm|[upkeep]
|-damage|p1a: Celebi|32/100 tox|[from] Sandstorm
|-damage|p2a: Zapdos|94/100|[from] Sandstorm
|-heal|p1a: Celebi|38/100 tox|[from] item: Leftovers
|-damage|p1a: Celebi|32/100 tox|[from] psn
|-heal|p2a: Zapdos|100/100|[from] item: Leftovers
|upkeep
|turn|23
|
|t:|1730169656
|move|p1a: Celebi|Hidden Power|p2a: Zapdos
|-damage|p2a: Zapdos|78/100
|move|p2a: Zapdos|Thunderbolt|p1a: Celebi
|-resisted|p1a: Celebi
|-damage|p1a: Celebi|7/100 tox
|
|-weather|Sandstorm|[upkeep]
|-damage|p1a: Celebi|1/100 tox|[from] Sandstorm
|-damage|p2a: Zapdos|72/100|[from] Sandstorm
|-heal|p1a: Celebi|7/100 tox|[from] item: Leftovers
|-damage|p1a: Celebi|0 fnt|[from] psn
|faint|p1a: Celebi
|-heal|p2a: Zapdos|78/100|[from] item: Leftovers
|upkeep
|
|t:|1730169661
|switch|p1a: Gengar|Gengar, F|100/100
|turn|24
|
|t:|1730169667
|move|p1a: Gengar|Ice Punch|p2a: Zapdos
|-supereffective|p2a: Zapdos
|-damage|p2a: Zapdos|32/100
|move|p2a: Zapdos|Thunderbolt|p1a: Gengar
|-damage|p1a: Gengar|37/100
|
|-weather|Sandstorm|[upkeep]
|-damage|p1a: Gengar|31/100|[from] Sandstorm
|-damage|p2a: Zapdos|25/100|[from] Sandstorm
|-heal|p1a: Gengar|37/100|[from] item: Leftovers
|-heal|p2a: Zapdos|32/100|[from] item: Leftovers
|upkeep
|turn|25
|
|t:|1730169672
|move|p1a: Gengar|Ice Punch|p2a: Zapdos
|-supereffective|p2a: Zapdos
|-damage|p2a: Zapdos|0 fnt
|faint|p2a: Zapdos
|
|t:|1730169674
|switch|p2a: Jirachi|Jirachi|100/100
|-damage|p2a: Jirachi|88/100|[from] Spikes
|
|-weather|Sandstorm|[upkeep]
|-damage|p1a: Gengar|31/100|[from] Sandstorm
|-heal|p1a: Gengar|37/100|[from] item: Leftovers
|-heal|p2a: Jirachi|94/100|[from] item: Leftovers
|upkeep
|turn|26
|c|☆KingWafl|gg
|
|t:|1730169679
|move|p1a: Gengar|Explosion|p2a: Jirachi
|-resisted|p2a: Jirachi
|-damage|p2a: Jirachi|52/100
|faint|p1a: Gengar
|
|t:|1730169682
|switch|p1a: Aerodactyl|Aerodactyl, F|100/100
|
|-weather|Sandstorm|[upkeep]
|-heal|p2a: Jirachi|58/100|[from] item: Leftovers
|upkeep
|turn|27
|
|t:|1730169684
|move|p1a: Aerodactyl|Earthquake|p2a: Jirachi
|-supereffective|p2a: Jirachi
|-damage|p2a: Jirachi|0 fnt
|faint|p2a: Jirachi
|
|win|Alecss
|c|☆Alecss|gg
|player|p2|

</script>
<script type="application/json" class="data" id="replaydata-smogtours-gen3ou-803221">
{"id":"smogtours-gen3ou-803221","format":"[Gen 3] OU","players":["Alecss","KingWafl"],"uploadtime":1730169684,"views":61,"formatid":"gen3ou","rating":null,"private":0,"password":null}
</script>

<script defer src="js/replays.js?9d40a366"></script>
