<!DOCTYPE html>
<meta charset="utf-8" />
<meta name="viewport" content="width=device-width" />

<title>[Gen 3] OU: beignet2 vs. berkyderky - Replays - Pok&eacute;mon Showdown!</title>

<meta name="description" content="Watch a replay of a Pok&eacute;mon battle between beignet2 and berkyderky! Format: [Gen 3] OU; Date: Oct 1, 2024" />
<!--

Hey, you! Looking in the source for the replay log?

You can find them in JSON format, just add `.json` at the end of a replay URL.

https://replay.pokemonshowdown.com/gen7randomdoublesbattle-865046831.json

Or, if you only need the log itself, add `.log` instead:

https://replay.pokemonshowdown.com/gen7randomdoublesbattle-865046831.log

-->

<link rel="stylesheet" href="//pokemonshowdown.com/style/global.css?0.023195364461161105" />
<link rel="stylesheet" href="//play.pokemonshowdown.com/style/font-awesome.css?0.13261647063804238" />
<link rel="stylesheet" href="//play.pokemonshowdown.com/style/battle.css?0.8753245789963631" />
<link rel="stylesheet" href="//play.pokemonshowdown.com/style/utilichart.css?0.8627959624976733" />

<!-- Global site tag (gtag.js) - Google Analytics -->
<script async src="https://www.googletagmanager.com/gtag/js?id=UA-26211653-1"></script>
<script>
  window.dataLayer = window.dataLayer || [];
  function gtag(){dataLayer.push(arguments);}
  gtag('js', new Date());

  gtag('config', 'UA-26211653-1');
</script>
<!-- End Google Analytics -->
<!-- Venatus Ad Manager - Install in <HEAD> of page -->
	<script src="https://hb.vntsm.com/v3/live/ad-manager.min.js" type="text/javascript" data-site-id="642aba63ec9a7b11c3c9c1be" data-mode="scan" async></script>
<!-- / Venatus Ad Manager -->

<style>
	@media (max-width:820px) {
		.battle {
			margin: 0 auto;
		}
		.battle-log {
			margin: 7px auto 0;
			max-width: 640px;
			height: 300px;
			position: static;
		}
	}
	.optgroup {
		display: inline-block;
		line-height: 22px;
		font-size: 10pt;
	}
	.optgroup .button {
		height: 25px;
		padding-top: 0;
		padding-bottom: 0;
	}
	.optgroup button.button {
		padding-left: 12px;
		padding-right: 12px;
	}
	.linklist {
		list-style: none;
		margin: 0.5em 0;
		padding: 0;
	}
	.linklist li {
		padding: 2px 0;
	}
	.sidebar {
		float: left;
		width: 320px;
	}
	.bar-wrapper {
		max-width: 1100px;
		margin: 0 auto;
	}
	.bar-wrapper.has-sidebar {
		max-width: 1430px;
	}
	.mainbar {
		margin: 0;
		padding-right: 1px;
	}
	.mainbar.has-sidebar {
		margin-left: 330px;
	}
	@media (min-width: 1511px) {
		.sidebar {
			width: 400px;
		}
		.bar-wrapper.has-sidebar {
			max-width: 1510px;
		}
		.mainbar.has-sidebar {
			margin-left: 410px;
		}
	}
	.section.first-section {
		margin-top: 9px;
	}
	.blocklink small {
		white-space: normal;
	}
	.button {
		vertical-align: middle;
	}
	.replay-controls {
		padding-top: 10px;
	}
	.replay-controls h1 {
		font-size: 16pt;
		font-weight: normal;
		color: #CCC;
	}
	.pagelink {
		text-align: center;
	}
	.pagelink a {
		width: 150px;
	}
	.textbox, .button {
		font-size: 11pt;
		vertical-align: middle;
	}
	@media (max-width: 450px) {
		.button {
			font-size: 9pt;
		}
	}
</style>

<div>

	<header>
		<div class="nav-wrapper"><ul class="nav">
			<li><a class="button nav-first" href="//pokemonshowdown.com/"><img src="//pokemonshowdown.com/images/pokemonshowdownbeta.png" srcset="//pokemonshowdown.com/images/pokemonshowdownbeta.png 1x, //pokemonshowdown.com/images/pokemonshowdownbeta@2x.png 2x" alt="Pok&eacute;mon Showdown" width="146" height="44" /> Home</a></li>
			<li><a class="button" href="//pokemonshowdown.com/dex/">Pok&eacute;dex</a></li>
			<li><a class="button cur" href="/">Replays</a></li>
			<li><a class="button" href="//pokemonshowdown.com/ladder/">Ladder</a></li>
			<li><a class="button nav-last" href="//pokemonshowdown.com/forums/">Forum</a></li>
			<li><a class="button greenbutton nav-first nav-last" href="//play.pokemonshowdown.com/">Play</a></li>
		</ul></div>
	</header>

	<div class="main" id="main">

		<noscript><section class="section">You need to enable JavaScript to use this page; sorry!</section></noscript>

	</div>

</div>

<script defer nomodule src="//play.pokemonshowdown.com/js/lib/ps-polyfill.js"></script>
<script defer src="//play.pokemonshowdown.com/js/lib/preact.min.js"></script>

<script defer src="//play.pokemonshowdown.com/config/config.js?2bddbc15"></script>
<script defer src="//play.pokemonshowdown.com/js/lib/jquery-1.11.0.min.js"></script>
<script defer src="//play.pokemonshowdown.com/js/lib/html-sanitizer-minified.js"></script>
<script defer src="//play.pokemonshowdown.com/js/battle-sound.js"></script>
<script defer src="//play.pokemonshowdown.com/js/battledata.js?0.7209276989879541"></script>
<script defer src="//play.pokemonshowdown.com/data/pokedex-mini.js?0.6111056340867951"></script>
<script defer src="//play.pokemonshowdown.com/data/pokedex-mini-bw.js?0.3532142036491459"></script>
<script defer src="//play.pokemonshowdown.com/data/graphics.js?0.24223875632456182"></script>
<script defer src="//play.pokemonshowdown.com/data/pokedex.js?0.38839984266356864"></script>
<script defer src="//play.pokemonshowdown.com/data/moves.js?0.21866028504024015"></script>
<script defer src="//play.pokemonshowdown.com/data/abilities.js?0.2005157953846628"></script>
<script defer src="//play.pokemonshowdown.com/data/items.js?0.9894211263848525"></script>
<script defer src="//play.pokemonshowdown.com/data/teambuilder-tables.js?0.6008791140282215"></script>
<script defer src="//play.pokemonshowdown.com/js/battle-tooltips.js?0.7580118955022959"></script>
<script defer src="//play.pokemonshowdown.com/js/battle.js?0.6057722274234274"></script>

<script defer src="js/utils.js?e31f9a17"></script>
<script defer src="js/replays-battle.js?7008c182"></script>

<!-- don't scrape this data! just add .json or .log after the URL!
Full API docs: https://github.com/smogon/pokemon-showdown-client/blob/master/WEB-API.md -->
<script type="text/plain" class="log" id="replaylog-gen3ou-2213882374">
|j|☆beignet2
|j|☆berkyderky
|t:|1727820567
|gametype|singles
|player|p1|beignet2|blue-gen3two|
|player|p2|berkyderky|1|
|teamsize|p1|6
|teamsize|p2|6
|gen|3
|tier|[Gen 3] OU
|rule|Sleep Clause Mod: Limit one foe put to sleep
|rule|Switch Priority Clause Mod: Faster Pokémon switch first
|rule|Species Clause: Limit one of each Pokémon
|rule|OHKO Clause: OHKO moves are banned
|rule|Evasion Items Clause: Evasion items are banned
|rule|Evasion Moves Clause: Evasion moves are banned
|rule|Endless Battle Clause: Forcing endless battles is banned
|rule|HP Percentage Mod: HP is shown in percentages
|rule|One Boost Passer Clause: Limit one Baton Passer that has a way to boost its stats
|rule|Freeze Clause Mod: Limit one foe frozen
|
|t:|1727820567
|start
|switch|p1a: 1|Tyranitar, F|100/100
|switch|p2a: Celebi|Celebi|100/100
|-weather|Sandstorm|[from] ability: Sand Stream|[of] p1a: 1
|turn|1
|
|t:|1727820576
|move|p2a: Celebi|Hidden Power|p1a: 1
|-supereffective|p1a: 1
|-damage|p1a: 1|59/100
|move|p1a: 1|Hidden Power|p2a: Celebi
|-supereffective|p2a: Celebi
|-crit|p2a: Celebi
|-damage|p2a: Celebi|0 fnt
|faint|p2a: Celebi
|
|t:|1727820589
|switch|p2a: Swampert|Swampert, F|100/100
|
|-weather|Sandstorm|[upkeep]
|-heal|p1a: 1|65/100|[from] item: Leftovers
|upkeep
|turn|2
|
|t:|1727820600
|switch|p1a: 3|Swampert, F|100/100
|move|p2a: Swampert|Toxic|p1a: 3
|-status|p1a: 3|tox
|
|-weather|Sandstorm|[upkeep]
|-damage|p1a: 3|94/100 tox|[from] psn
|upkeep
|turn|3
|
|t:|1727820607
|move|p1a: 3|Toxic|p2a: Swampert
|-status|p2a: Swampert|tox
|move|p2a: Swampert|Surf|p1a: 3
|-damage|p1a: 3|71/100 tox
|
|-weather|Sandstorm|[upkeep]
|-heal|p1a: 3|77/100 tox|[from] item: Leftovers
|-damage|p1a: 3|65/100 tox|[from] psn
|-damage|p2a: Swampert|94/100 tox|[from] psn
|upkeep
|turn|4
|
|t:|1727820614
|move|p1a: 3|Refresh|p1a: 3
|-curestatus|p1a: 3|tox|[msg]
|move|p2a: Swampert|Surf|p1a: 3
|-damage|p1a: 3|37/100
|
|-weather|Sandstorm|[upkeep]
|-heal|p1a: 3|44/100|[from] item: Leftovers
|-heal|p2a: Swampert|100/100 tox|[from] item: Leftovers
|-damage|p2a: Swampert|88/100 tox|[from] psn
|upkeep
|turn|5
|
|t:|1727820619
|move|p1a: 3|Protect|p1a: 3
|-singleturn|p1a: 3|Protect
|move|p2a: Swampert|Refresh|p2a: Swampert
|-curestatus|p2a: Swampert|tox|[msg]
|
|-weather|Sandstorm|[upkeep]
|-heal|p1a: 3|50/100|[from] item: Leftovers
|-heal|p2a: Swampert|94/100|[from] item: Leftovers
|upkeep
|turn|6
|
|t:|1727820629
|switch|p1a: 4|Blissey, F|100/100
|move|p2a: Swampert|Surf|p1a: 4
|-damage|p1a: 4|90/100
|
|-weather|Sandstorm|[upkeep]
|-damage|p1a: 4|84/100|[from] Sandstorm
|-heal|p2a: Swampert|100/100|[from] item: Leftovers
|-heal|p1a: 4|90/100|[from] item: Leftovers
|upkeep
|turn|7
|
|t:|1727820643
|move|p2a: Swampert|Toxic|p1a: 4
|-status|p1a: 4|tox
|move|p1a: 4|Seismic Toss|p2a: Swampert
|-damage|p2a: Swampert|76/100
|
|-weather|Sandstorm|[upkeep]
|-damage|p1a: 4|84/100 tox|[from] Sandstorm
|-heal|p2a: Swampert|82/100|[from] item: Leftovers
|-heal|p1a: 4|90/100 tox|[from] item: Leftovers
|-damage|p1a: 4|84/100 tox|[from] psn
|upkeep
|turn|8
|
|t:|1727820654
|-curestatus|p1a: 4|tox|[from] ability: Natural Cure
|switch|p1a: Some Rando|Starmie|100/100
|move|p2a: Swampert|Surf|p1a: Some Rando
|-resisted|p1a: Some Rando
|-damage|p1a: Some Rando|83/100
|
|-weather|Sandstorm|[upkeep]
|-damage|p1a: Some Rando|77/100|[from] Sandstorm
|-heal|p1a: Some Rando|83/100|[from] item: Leftovers
|-heal|p2a: Swampert|88/100|[from] item: Leftovers
|upkeep
|turn|9
|
|t:|1727820666
|move|p1a: Some Rando|Surf|p2a: Swampert
|-damage|p2a: Swampert|57/100
|move|p2a: Swampert|Toxic|p1a: Some Rando
|-status|p1a: Some Rando|tox
|
|-weather|Sandstorm|[upkeep]
|-damage|p1a: Some Rando|77/100 tox|[from] Sandstorm
|-heal|p1a: Some Rando|83/100 tox|[from] item: Leftovers
|-damage|p1a: Some Rando|77/100 tox|[from] psn
|-heal|p2a: Swampert|63/100|[from] item: Leftovers
|upkeep
|turn|10
|
|t:|1727820675
|-curestatus|p1a: Some Rando|tox|[from] ability: Natural Cure
|switch|p1a: 4|Blissey, F|84/100
|move|p2a: Swampert|Protect||[still]
|-fail|p2a: Swampert
|
|-weather|Sandstorm|[upkeep]
|-damage|p1a: 4|78/100|[from] Sandstorm
|-heal|p2a: Swampert|70/100|[from] item: Leftovers
|-heal|p1a: 4|84/100|[from] item: Leftovers
|upkeep
|turn|11
|
|t:|1727820682
|move|p2a: Swampert|Protect|p2a: Swampert
|-singleturn|p2a: Swampert|Protect
|move|p1a: 4|Seismic Toss|p2a: Swampert
|-activate|p2a: Swampert|Protect
|
|-weather|Sandstorm|[upkeep]
|-damage|p1a: 4|78/100|[from] Sandstorm
|-heal|p2a: Swampert|76/100|[from] item: Leftovers
|-heal|p1a: 4|84/100|[from] item: Leftovers
|upkeep
|turn|12
|
|t:|1727820688
|move|p2a: Swampert|Toxic|p1a: 4
|-status|p1a: 4|tox
|move|p1a: 4|Seismic Toss|p2a: Swampert
|-damage|p2a: Swampert|51/100
|
|-weather|Sandstorm|[upkeep]
|-damage|p1a: 4|78/100 tox|[from] Sandstorm
|-heal|p2a: Swampert|57/100|[from] item: Leftovers
|-heal|p1a: 4|84/100 tox|[from] item: Leftovers
|-damage|p1a: 4|78/100 tox|[from] psn
|upkeep
|turn|13
|
|t:|1727820706
|switch|p2a: Tyranitar|Tyranitar, F|100/100
|move|p1a: 4|Seismic Toss|p2a: Tyranitar
|-damage|p2a: Tyranitar|76/100
|
|-weather|Sandstorm|[upkeep]
|-damage|p1a: 4|71/100 tox|[from] Sandstorm
|-heal|p2a: Tyranitar|82/100|[from] item: Leftovers
|-heal|p1a: 4|78/100 tox|[from] item: Leftovers
|-damage|p1a: 4|65/100 tox|[from] psn
|upkeep
|turn|14
|
|t:|1727820725
|-curestatus|p1a: 4|tox|[from] ability: Natural Cure
|switch|p1a: 2|Skarmory, F|100/100
|move|p2a: Tyranitar|Crunch|p1a: 2
|-resisted|p1a: 2
|-damage|p1a: 2|85/100
|
|-weather|Sandstorm|[upkeep]
|-heal|p1a: 2|91/100|[from] item: Leftovers
|-heal|p2a: Tyranitar|88/100|[from] item: Leftovers
|upkeep
|turn|15
|
|t:|1727820737
|switch|p1a: 4|Blissey, F|65/100
|move|p2a: Tyranitar|Fire Blast|p1a: 4
|-damage|p1a: 4|51/100
|
|-weather|Sandstorm|[upkeep]
|-damage|p1a: 4|45/100|[from] Sandstorm
|-heal|p2a: Tyranitar|94/100|[from] item: Leftovers
|-heal|p1a: 4|51/100|[from] item: Leftovers
|upkeep
|turn|16
|
|t:|1727820743
|switch|p2a: Skarmory|Skarmory, M|100/100
|move|p1a: 4|Soft-Boiled|p1a: 4
|-heal|p1a: 4|100/100
|
|-weather|Sandstorm|[upkeep]
|-damage|p1a: 4|94/100|[from] Sandstorm
|-heal|p1a: 4|100/100|[from] item: Leftovers
|upkeep
|turn|17
|
|t:|1727820754
|switch|p1a: 5|Gengar, F|100/100
|move|p2a: Skarmory|Spikes|p1a: 5
|-sidestart|p1: beignet2|Spikes
|
|-weather|Sandstorm|[upkeep]
|-damage|p1a: 5|94/100|[from] Sandstorm
|-heal|p1a: 5|100/100|[from] item: Leftovers
|upkeep
|turn|18
|
|t:|1727820761
|move|p2a: Skarmory|Protect|p2a: Skarmory
|-singleturn|p2a: Skarmory|Protect
|move|p1a: 5|Will-O-Wisp|p2a: Skarmory
|-activate|p2a: Skarmory|Protect
|
|-weather|Sandstorm|[upkeep]
|-damage|p1a: 5|94/100|[from] Sandstorm
|-heal|p1a: 5|100/100|[from] item: Leftovers
|upkeep
|turn|19
|
|t:|1727820768
|switch|p2a: Tyranitar|Tyranitar, F|94/100
|move|p1a: 5|Taunt|p2a: Tyranitar
|-start|p2a: Tyranitar|move: Taunt
|
|-weather|Sandstorm|[upkeep]
|-damage|p1a: 5|94/100|[from] Sandstorm
|-heal|p1a: 5|100/100|[from] item: Leftovers
|-heal|p2a: Tyranitar|100/100|[from] item: Leftovers
|upkeep
|turn|20
|
|t:|1727820782
|move|p1a: 5|Will-O-Wisp|p2a: Tyranitar
|-status|p2a: Tyranitar|brn
|move|p2a: Tyranitar|Pursuit|p1a: 5
|-supereffective|p1a: 5
|-damage|p1a: 5|57/100
|
|-weather|Sandstorm|[upkeep]
|-damage|p1a: 5|51/100|[from] Sandstorm
|-heal|p1a: 5|57/100|[from] item: Leftovers
|-damage|p2a: Tyranitar|88/100 brn|[from] brn
|-end|p2a: Tyranitar|move: Taunt|[silent]
|upkeep
|turn|21
|
|t:|1727820789
|switch|p1a: 4|Blissey, F|100/100
|-damage|p1a: 4|88/100|[from] Spikes
|move|p2a: Tyranitar|Crunch|p1a: 4
|-damage|p1a: 4|73/100
|
|-weather|Sandstorm|[upkeep]
|-damage|p1a: 4|67/100|[from] Sandstorm
|-heal|p2a: Tyranitar|94/100 brn|[from] item: Leftovers
|-damage|p2a: Tyranitar|82/100 brn|[from] brn
|-heal|p1a: 4|73/100|[from] item: Leftovers
|upkeep
|turn|22
|
|t:|1727820800
|switch|p2a: Skarmory|Skarmory, M|100/100
|move|p1a: 4|Seismic Toss|p2a: Skarmory
|-damage|p2a: Skarmory|71/100
|
|-weather|Sandstorm|[upkeep]
|-damage|p1a: 4|67/100|[from] Sandstorm
|-heal|p2a: Skarmory|77/100|[from] item: Leftovers
|-heal|p1a: 4|73/100|[from] item: Leftovers
|upkeep
|turn|23
|
|t:|1727820832
|move|p2a: Skarmory|Toxic|p1a: 4|[miss]
|-miss|p2a: Skarmory|p1a: 4
|move|p1a: 4|Seismic Toss|p2a: Skarmory
|-damage|p2a: Skarmory|47/100
|
|-weather|Sandstorm|[upkeep]
|-damage|p1a: 4|67/100|[from] Sandstorm
|-heal|p2a: Skarmory|53/100|[from] item: Leftovers
|-heal|p1a: 4|73/100|[from] item: Leftovers
|upkeep
|turn|24
|
|t:|1727820848
|move|p2a: Skarmory|Protect|p2a: Skarmory
|-singleturn|p2a: Skarmory|Protect
|move|p1a: 4|Seismic Toss|p2a: Skarmory
|-activate|p2a: Skarmory|Protect
|
|-weather|Sandstorm|[upkeep]
|-damage|p1a: 4|67/100|[from] Sandstorm
|-heal|p2a: Skarmory|59/100|[from] item: Leftovers
|-heal|p1a: 4|73/100|[from] item: Leftovers
|upkeep
|turn|25
|
|t:|1727820853
|move|p1a: 4|Seismic Toss|p2a: Skarmory
|-damage|p2a: Skarmory|29/100
|move|p2a: Skarmory|Whirlwind|p1a: 4
|drag|p1a: 2|Skarmory, F|91/100
|
|-weather|Sandstorm|[upkeep]
|-heal|p2a: Skarmory|35/100|[from] item: Leftovers
|-heal|p1a: 2|97/100|[from] item: Leftovers
|upkeep
|turn|26
|
|t:|1727820859
|move|p2a: Skarmory|Spikes|p1a: 2
|-sidestart|p1: beignet2|Spikes
|move|p1a: 2|Spikes|p2a: Skarmory
|-sidestart|p2: berkyderky|Spikes
|
|-weather|Sandstorm|[upkeep]
|-heal|p2a: Skarmory|41/100|[from] item: Leftovers
|-heal|p1a: 2|100/100|[from] item: Leftovers
|upkeep
|turn|27
|
|t:|1727820865
|switch|p2a: Magneton|Magneton|100/100
|-damage|p2a: Magneton|88/100|[from] Spikes
|move|p1a: 2|Spikes|p2a: Magneton
|-sidestart|p2: berkyderky|Spikes
|
|-weather|Sandstorm|[upkeep]
|-heal|p2a: Magneton|94/100|[from] item: Leftovers
|upkeep
|turn|28
|
|t:|1727820870
|move|p1a: 2|Protect|p1a: 2
|-singleturn|p1a: 2|Protect
|move|p2a: Magneton|Thunderbolt|p1a: 2
|-activate|p1a: 2|Protect
|
|-weather|Sandstorm|[upkeep]
|-heal|p2a: Magneton|100/100|[from] item: Leftovers
|upkeep
|turn|29
|
|t:|1727820872
|move|p2a: Magneton|Thunderbolt|p1a: 2
|-supereffective|p1a: 2
|-damage|p1a: 2|12/100
|move|p1a: 2|Roar|p2a: Magneton
|drag|p2a: Tyranitar|Tyranitar, F|82/100 brn
|-damage|p2a: Tyranitar|65/100 brn|[from] Spikes
|
|-weather|Sandstorm|[upkeep]
|-heal|p1a: 2|18/100|[from] item: Leftovers
|-heal|p2a: Tyranitar|72/100 brn|[from] item: Leftovers
|-damage|p2a: Tyranitar|59/100 brn|[from] brn
|upkeep
|turn|30
|
|t:|1727820885
|switch|p1a: 4|Blissey, F|73/100
|-damage|p1a: 4|56/100|[from] Spikes
|move|p2a: Tyranitar|Fire Blast|p1a: 4|[miss]
|-miss|p2a: Tyranitar|p1a: 4
|
|-weather|Sandstorm|[upkeep]
|-damage|p1a: 4|50/100|[from] Sandstorm
|-heal|p2a: Tyranitar|65/100 brn|[from] item: Leftovers
|-damage|p2a: Tyranitar|53/100 brn|[from] brn
|-heal|p1a: 4|56/100|[from] item: Leftovers
|upkeep
|turn|31
|
|t:|1727820892
|move|p2a: Tyranitar|Crunch|p1a: 4
|-damage|p1a: 4|42/100
|move|p1a: 4|Soft-Boiled|p1a: 4
|-heal|p1a: 4|92/100
|
|-weather|Sandstorm|[upkeep]
|-damage|p1a: 4|86/100|[from] Sandstorm
|-heal|p2a: Tyranitar|59/100 brn|[from] item: Leftovers
|-damage|p2a: Tyranitar|47/100 brn|[from] brn
|-heal|p1a: 4|92/100|[from] item: Leftovers
|upkeep
|turn|32
|
|t:|1727820906
|switch|p2a: Magneton|Magneton|100/100
|-damage|p2a: Magneton|84/100|[from] Spikes
|move|p1a: 4|Ice Beam|p2a: Magneton
|-resisted|p2a: Magneton
|-damage|p2a: Magneton|60/100
|
|-weather|Sandstorm|[upkeep]
|-damage|p1a: 4|86/100|[from] Sandstorm
|-heal|p2a: Magneton|66/100|[from] item: Leftovers
|-heal|p1a: 4|92/100|[from] item: Leftovers
|upkeep
|turn|33
|
|t:|1727820913
|move|p2a: Magneton|Toxic|p1a: 4
|-status|p1a: 4|tox
|move|p1a: 4|Seismic Toss|p2a: Magneton
|-damage|p2a: Magneton|25/100
|
|-weather|Sandstorm|[upkeep]
|-damage|p1a: 4|86/100 tox|[from] Sandstorm
|-heal|p2a: Magneton|31/100|[from] item: Leftovers
|-heal|p1a: 4|92/100 tox|[from] item: Leftovers
|-damage|p1a: 4|86/100 tox|[from] psn
|upkeep
|turn|34
|
|t:|1727820926
|move|p2a: Magneton|Thunderbolt|p1a: 4
|-damage|p1a: 4|65/100 tox
|move|p1a: 4|Seismic Toss|p2a: Magneton
|-damage|p2a: Magneton|0 fnt
|faint|p2a: Magneton
|
|t:|1727820935
|switch|p2a: Aerodactyl|Aerodactyl, F|100/100
|
|-weather|Sandstorm|[upkeep]
|-damage|p1a: 4|59/100 tox|[from] Sandstorm
|-heal|p1a: 4|65/100 tox|[from] item: Leftovers
|-damage|p1a: 4|53/100 tox|[from] psn
|upkeep
|turn|35
|
|t:|1727820942
|-curestatus|p1a: 4|tox|[from] ability: Natural Cure
|switch|p1a: 2|Skarmory, F|18/100
|move|p2a: Aerodactyl|Rock Slide|p1a: 2
|-damage|p1a: 2|0 fnt
|faint|p1a: 2
|
|t:|1727820947
|switch|p1a: 3|Swampert, F|50/100
|-damage|p1a: 3|33/100|[from] Spikes
|
|-weather|Sandstorm|[upkeep]
|-heal|p1a: 3|39/100|[from] item: Leftovers
|upkeep
|turn|36
|
|t:|1727820962
|switch|p2a: Skarmory|Skarmory, M|41/100
|move|p1a: 3|Protect||[still]
|-fail|p1a: 3
|
|-weather|Sandstorm|[upkeep]
|-heal|p2a: Skarmory|47/100|[from] item: Leftovers
|-heal|p1a: 3|46/100|[from] item: Leftovers
|upkeep
|turn|37
|
|t:|1727820970
|move|p2a: Skarmory|Spikes|p1a: 3
|-sidestart|p1: beignet2|Spikes
|move|p1a: 3|Surf|p2a: Skarmory
|-damage|p2a: Skarmory|21/100
|
|-weather|Sandstorm|[upkeep]
|-heal|p2a: Skarmory|27/100|[from] item: Leftovers
|-heal|p1a: 3|52/100|[from] item: Leftovers
|upkeep
|turn|38
|
|t:|1727820975
|move|p1a: 3|Surf|p2a: Skarmory
|-damage|p2a: Skarmory|3/100
|move|p2a: Skarmory|Whirlwind|p1a: 3
|drag|p1a: 5|Gengar, F|57/100
|
|-weather|Sandstorm|[upkeep]
|-damage|p1a: 5|51/100|[from] Sandstorm
|-heal|p1a: 5|57/100|[from] item: Leftovers
|-heal|p2a: Skarmory|9/100|[from] item: Leftovers
|upkeep
|turn|39
|
|t:|1727820993
|move|p2a: Skarmory|Protect|p2a: Skarmory
|-singleturn|p2a: Skarmory|Protect
|move|p1a: 5|Ice Punch|p2a: Skarmory
|-activate|p2a: Skarmory|Protect
|
|-weather|Sandstorm|[upkeep]
|-damage|p1a: 5|51/100|[from] Sandstorm
|-heal|p1a: 5|57/100|[from] item: Leftovers
|-heal|p2a: Skarmory|15/100|[from] item: Leftovers
|upkeep
|turn|40
|
|t:|1727821015
|switch|p2a: Tyranitar|Tyranitar, F|47/100 brn
|-damage|p2a: Tyranitar|30/100 brn|[from] Spikes
|move|p1a: 5|Ice Punch|p2a: Tyranitar
|-damage|p2a: Tyranitar|11/100 brn
|
|-weather|Sandstorm|[upkeep]
|-damage|p1a: 5|51/100|[from] Sandstorm
|-heal|p1a: 5|57/100|[from] item: Leftovers
|-heal|p2a: Tyranitar|17/100 brn|[from] item: Leftovers
|-damage|p2a: Tyranitar|5/100 brn|[from] brn
|upkeep
|turn|41
|
|t:|1727821027
|switch|p2a: Skarmory|Skarmory, M|15/100
|move|p1a: 5|Ice Punch|p2a: Skarmory
|-damage|p2a: Skarmory|0 fnt
|faint|p2a: Skarmory
|
|t:|1727821032
|switch|p2a: Aerodactyl|Aerodactyl, F|100/100
|
|-weather|Sandstorm|[upkeep]
|-damage|p1a: 5|51/100|[from] Sandstorm
|-heal|p1a: 5|57/100|[from] item: Leftovers
|upkeep
|turn|42
|
|t:|1727821039
|switch|p1a: 4|Blissey, F|53/100
|-damage|p1a: 4|28/100|[from] Spikes
|move|p2a: Aerodactyl|Rock Slide|p1a: 4
|-crit|p1a: 4
|-damage|p1a: 4|0 fnt
|faint|p1a: 4
|
|t:|1727821043
|switch|p1a: 3|Swampert, F|52/100
|-damage|p1a: 3|27/100|[from] Spikes
|
|-weather|Sandstorm|[upkeep]
|-heal|p1a: 3|33/100|[from] item: Leftovers
|upkeep
|turn|43
|
|t:|1727821051
|move|p1a: 3|Protect|p1a: 3
|-singleturn|p1a: 3|Protect
|move|p2a: Aerodactyl|Rock Slide|p1a: 3
|-activate|p1a: 3|Protect
|
|-weather|Sandstorm|[upkeep]
|-heal|p1a: 3|39/100|[from] item: Leftovers
|upkeep
|turn|44
|
|t:|1727821100
|switch|p2a: Swampert|Swampert, F|57/100
|-damage|p2a: Swampert|41/100|[from] Spikes
|move|p1a: 3|Surf|p2a: Swampert
|-damage|p2a: Swampert|13/100
|
|-weather|Sandstorm|[upkeep]
|-heal|p1a: 3|46/100|[from] item: Leftovers
|-heal|p2a: Swampert|20/100|[from] item: Leftovers
|upkeep
|turn|45
|
|t:|1727821109
|switch|p1a: Some Rando|Starmie|77/100
|-damage|p1a: Some Rando|52/100|[from] Spikes
|move|p2a: Swampert|Surf|p1a: Some Rando
|-resisted|p1a: Some Rando
|-damage|p1a: Some Rando|27/100
|
|-weather|Sandstorm|[upkeep]
|-damage|p1a: Some Rando|21/100|[from] Sandstorm
|-heal|p1a: Some Rando|27/100|[from] item: Leftovers
|-heal|p2a: Swampert|26/100|[from] item: Leftovers
|upkeep
|turn|46
|
|t:|1727821117
|move|p1a: Some Rando|Rapid Spin|p2a: Swampert
|-damage|p2a: Swampert|23/100
|-sideend|p1: beignet2|Spikes|[from] move: Rapid Spin|[of] p1a: Some Rando
|move|p2a: Swampert|Surf|p1a: Some Rando
|-resisted|p1a: Some Rando
|-damage|p1a: Some Rando|2/100
|
|-weather|Sandstorm|[upkeep]
|-damage|p1a: Some Rando|0 fnt|[from] Sandstorm
|faint|p1a: Some Rando
|-heal|p2a: Swampert|30/100|[from] item: Leftovers
|upkeep
|
|t:|1727821120
|switch|p1a: 5|Gengar, F|57/100
|turn|47
|
|t:|1727821129
|switch|p2a: Tyranitar|Tyranitar, F|5/100 brn
|-damage|p2a: Tyranitar|0 fnt|[from] Spikes
|faint|p2a: Tyranitar
|
|t:|1727821133
|switch|p2a: Aerodactyl|Aerodactyl, F|100/100
|
|-weather|Sandstorm|[upkeep]
|-damage|p1a: 5|51/100|[from] Sandstorm
|-heal|p1a: 5|57/100|[from] item: Leftovers
|upkeep
|turn|48
|
|t:|1727821141
|move|p2a: Aerodactyl|Rock Slide|p1a: 5
|-damage|p1a: 5|0 fnt
|faint|p1a: 5
|
|t:|1727821146
|switch|p1a: 3|Swampert, F|46/100
|
|-weather|Sandstorm|[upkeep]
|-heal|p1a: 3|52/100|[from] item: Leftovers
|upkeep
|turn|49
|
|t:|1727821149
|switch|p2a: Swampert|Swampert, F|30/100
|-damage|p2a: Swampert|13/100|[from] Spikes
|move|p1a: 3|Surf|p2a: Swampert
|-damage|p2a: Swampert|0 fnt
|faint|p2a: Swampert
|
|t:|1727821153
|switch|p2a: Aerodactyl|Aerodactyl, F|100/100
|
|-weather|Sandstorm|[upkeep]
|-heal|p1a: 3|58/100|[from] item: Leftovers
|upkeep
|turn|50
|
|t:|1727821160
|move|p1a: 3|Protect|p1a: 3
|-singleturn|p1a: 3|Protect
|move|p2a: Aerodactyl|Earthquake|p1a: 3
|-activate|p1a: 3|Protect
|
|-weather|Sandstorm|[upkeep]
|-heal|p1a: 3|64/100|[from] item: Leftovers
|upkeep
|turn|51
|
|t:|1727821165
|move|p2a: Aerodactyl|Earthquake|p1a: 3
|-damage|p1a: 3|34/100
|move|p1a: 3|Surf|p2a: Aerodactyl
|-supereffective|p2a: Aerodactyl
|-crit|p2a: Aerodactyl
|-damage|p2a: Aerodactyl|0 fnt
|faint|p2a: Aerodactyl
|
|win|beignet2

</script>
<script type="application/json" class="data" id="replaydata-gen3ou-2213882374">
{"id":"gen3ou-2213882374","format":"[Gen 3] OU","players":["beignet2","berkyderky"],"uploadtime":1727821169,"views":150,"formatid":"gen3ou","rating":null,"private":0,"password":null}
</script>

<script defer src="js/replays.js?9d40a366"></script>
