<!DOCTYPE html>
<meta charset="utf-8" />
<meta name="viewport" content="width=device-width" />

<title>[Gen 3] OU: drogasas vs. DanteADV - Replays - Pok&eacute;mon Showdown!</title>

<meta name="description" content="Watch a replay of a Pok&eacute;mon battle between drogasas and DanteADV! Format: [Gen 3] OU; Date: Oct 18, 2024" />
<!--

Hey, you! Looking in the source for the replay log?

You can find them in JSON format, just add `.json` at the end of a replay URL.

https://replay.pokemonshowdown.com/gen7randomdoublesbattle-865046831.json

Or, if you only need the log itself, add `.log` instead:

https://replay.pokemonshowdown.com/gen7randomdoublesbattle-865046831.log

-->

<link rel="stylesheet" href="//pokemonshowdown.com/style/global.css?0.023195364461161105" />
<link rel="stylesheet" href="//play.pokemonshowdown.com/style/font-awesome.css?0.13261647063804238" />
<link rel="stylesheet" href="//play.pokemonshowdown.com/style/battle.css?0.8753245789963631" />
<link rel="stylesheet" href="//play.pokemonshowdown.com/style/utilichart.css?0.8627959624976733" />

<!-- Global site tag (gtag.js) - Google Analytics -->
<script async src="https://www.googletagmanager.com/gtag/js?id=UA-26211653-1"></script>
<script>
  window.dataLayer = window.dataLayer || [];
  function gtag(){dataLayer.push(arguments);}
  gtag('js', new Date());

  gtag('config', 'UA-26211653-1');
</script>
<!-- End Google Analytics -->
<!-- Venatus Ad Manager - Install in <HEAD> of page -->
	<script src="https://hb.vntsm.com/v3/live/ad-manager.min.js" type="text/javascript" data-site-id="642aba63ec9a7b11c3c9c1be" data-mode="scan" async></script>
<!-- / Venatus Ad Manager -->

<style>
	@media (max-width:820px) {
		.battle {
			margin: 0 auto;
		}
		.battle-log {
			margin: 7px auto 0;
			max-width: 640px;
			height: 300px;
			position: static;
		}
	}
	.optgroup {
		display: inline-block;
		line-height: 22px;
		font-size: 10pt;
	}
	.optgroup .button {
		height: 25px;
		padding-top: 0;
		padding-bottom: 0;
	}
	.optgroup button.button {
		padding-left: 12px;
		padding-right: 12px;
	}
	.linklist {
		list-style: none;
		margin: 0.5em 0;
		padding: 0;
	}
	.linklist li {
		padding: 2px 0;
	}
	.sidebar {
		float: left;
		width: 320px;
	}
	.bar-wrapper {
		max-width: 1100px;
		margin: 0 auto;
	}
	.bar-wrapper.has-sidebar {
		max-width: 1430px;
	}
	.mainbar {
		margin: 0;
		padding-right: 1px;
	}
	.mainbar.has-sidebar {
		margin-left: 330px;
	}
	@media (min-width: 1511px) {
		.sidebar {
			width: 400px;
		}
		.bar-wrapper.has-sidebar {
			max-width: 1510px;
		}
		.mainbar.has-sidebar {
			margin-left: 410px;
		}
	}
	.section.first-section {
		margin-top: 9px;
	}
	.blocklink small {
		white-space: normal;
	}
	.button {
		vertical-align: middle;
	}
	.replay-controls {
		padding-top: 10px;
	}
	.replay-controls h1 {
		font-size: 16pt;
		font-weight: normal;
		color: #CCC;
	}
	.pagelink {
		text-align: center;
	}
	.pagelink a {
		width: 150px;
	}
	.textbox, .button {
		font-size: 11pt;
		vertical-align: middle;
	}
	@media (max-width: 450px) {
		.button {
			font-size: 9pt;
		}
	}
</style>

<div>

	<header>
		<div class="nav-wrapper"><ul class="nav">
			<li><a class="button nav-first" href="//pokemonshowdown.com/"><img src="//pokemonshowdown.com/images/pokemonshowdownbeta.png" srcset="//pokemonshowdown.com/images/pokemonshowdownbeta.png 1x, //pokemonshowdown.com/images/pokemonshowdownbeta@2x.png 2x" alt="Pok&eacute;mon Showdown" width="146" height="44" /> Home</a></li>
			<li><a class="button" href="//pokemonshowdown.com/dex/">Pok&eacute;dex</a></li>
			<li><a class="button cur" href="/">Replays</a></li>
			<li><a class="button" href="//pokemonshowdown.com/ladder/">Ladder</a></li>
			<li><a class="button nav-last" href="//pokemonshowdown.com/forums/">Forum</a></li>
			<li><a class="button greenbutton nav-first nav-last" href="//play.pokemonshowdown.com/">Play</a></li>
		</ul></div>
	</header>

	<div class="main" id="main">

		<noscript><section class="section">You need to enable JavaScript to use this page; sorry!</section></noscript>

	</div>

</div>

<script defer nomodule src="//play.pokemonshowdown.com/js/lib/ps-polyfill.js"></script>
<script defer src="//play.pokemonshowdown.com/js/lib/preact.min.js"></script>

<script defer src="//play.pokemonshowdown.com/config/config.js?2bddbc15"></script>
<script defer src="//play.pokemonshowdown.com/js/lib/jquery-1.11.0.min.js"></script>
<script defer src="//play.pokemonshowdown.com/js/lib/html-sanitizer-minified.js"></script>
<script defer src="//play.pokemonshowdown.com/js/battle-sound.js"></script>
<script defer src="//play.pokemonshowdown.com/js/battledata.js?0.7209276989879541"></script>
<script defer src="//play.pokemonshowdown.com/data/pokedex-mini.js?0.6111056340867951"></script>
<script defer src="//play.pokemonshowdown.com/data/pokedex-mini-bw.js?0.3532142036491459"></script>
<script defer src="//play.pokemonshowdown.com/data/graphics.js?0.24223875632456182"></script>
<script defer src="//play.pokemonshowdown.com/data/pokedex.js?0.38839984266356864"></script>
<script defer src="//play.pokemonshowdown.com/data/moves.js?0.21866028504024015"></script>
<script defer src="//play.pokemonshowdown.com/data/abilities.js?0.2005157953846628"></script>
<script defer src="//play.pokemonshowdown.com/data/items.js?0.9894211263848525"></script>
<script defer src="//play.pokemonshowdown.com/data/teambuilder-tables.js?0.6008791140282215"></script>
<script defer src="//play.pokemonshowdown.com/js/battle-tooltips.js?0.7580118955022959"></script>
<script defer src="//play.pokemonshowdown.com/js/battle.js?0.6057722274234274"></script>

<script defer src="js/utils.js?e31f9a17"></script>
<script defer src="js/replays-battle.js?7008c182"></script>

<!-- don't scrape this data! just add .json or .log after the URL!
Full API docs: https://github.com/smogon/pokemon-showdown-client/blob/master/WEB-API.md -->
<script type="text/plain" class="log" id="replaylog-smogtours-gen3ou-799526">
|inactive|Battle timer is ON: inactive players will automatically lose when time's up.
|t:|1729265161
|gametype|singles
|player|p1|drogasas|2|
|player|p2|DanteADV|fisherman-gen4|
|teamsize|p1|6
|teamsize|p2|6
|gen|3
|tier|[Gen 3] OU
|rule|Sleep Clause Mod: Limit one foe put to sleep
|rule|Switch Priority Clause Mod: Faster Pokémon switch first
|rule|Species Clause: Limit one of each Pokémon
|rule|OHKO Clause: OHKO moves are banned
|rule|Evasion Items Clause: Evasion items are banned
|rule|Evasion Moves Clause: Evasion moves are banned
|rule|Endless Battle Clause: Forcing endless battles is banned
|rule|HP Percentage Mod: HP is shown in percentages
|rule|One Boost Passer Clause: Limit one Baton Passer that has a way to boost its stats
|rule|Freeze Clause Mod: Limit one foe frozen
|
|t:|1729265161
|start
|switch|p1a: Tyranitar|Tyranitar, F|100/100
|switch|p2a: Venusaur|Venusaur, F|100/100
|-weather|Sandstorm|[from] ability: Sand Stream|[of] p1a: Tyranitar
|turn|1
|inactive|drogasas has 270 seconds left.
|inactive|drogasas has 240 seconds left.
|inactive|drogasas has 210 seconds left.
|
|t:|1729265258
|move|p2a: Venusaur|Sleep Powder|p1a: Tyranitar|[miss]
|-miss|p2a: Venusaur|p1a: Tyranitar
|move|p1a: Tyranitar|Dragon Dance|p1a: Tyranitar
|-boost|p1a: Tyranitar|atk|1
|-boost|p1a: Tyranitar|spe|1
|
|-weather|Sandstorm|[upkeep]
|-damage|p2a: Venusaur|94/100|[from] Sandstorm
|-heal|p2a: Venusaur|100/100|[from] item: Leftovers
|upkeep
|turn|2
|inactive|drogasas has 270 seconds left.
|
|t:|1729265291
|switch|p2a: Swampert|Swampert, F|100/100
|move|p1a: Tyranitar|Earthquake|p2a: Swampert
|-damage|p2a: Swampert|65/100
|
|-weather|Sandstorm|[upkeep]
|-heal|p2a: Swampert|71/100|[from] item: Leftovers
|upkeep
|turn|3
|inactive|drogasas has 240 seconds left.
|
|t:|1729265318
|switch|p1a: Starmie|Starmie|100/100
|move|p2a: Swampert|Hydro Pump|p1a: Starmie
|-resisted|p1a: Starmie
|-damage|p1a: Starmie|76/100
|
|-weather|Sandstorm|[upkeep]
|-damage|p1a: Starmie|70/100|[from] Sandstorm
|-heal|p1a: Starmie|76/100|[from] item: Leftovers
|-heal|p2a: Swampert|78/100|[from] item: Leftovers
|upkeep
|turn|4
|
|t:|1729265329
|move|p2a: Swampert|Protect|p2a: Swampert
|-singleturn|p2a: Swampert|Protect
|move|p1a: Starmie|Hydro Pump|p2a: Swampert
|-activate|p2a: Swampert|Protect
|
|-weather|Sandstorm|[upkeep]
|-damage|p1a: Starmie|70/100|[from] Sandstorm
|-heal|p1a: Starmie|76/100|[from] item: Leftovers
|-heal|p2a: Swampert|84/100|[from] item: Leftovers
|upkeep
|turn|5
|inactive|DanteADV has 270 seconds left.
|
|t:|1729265360
|move|p1a: Starmie|Ice Beam|p2a: Swampert
|-damage|p2a: Swampert|58/100
|-status|p2a: Swampert|frz
|cant|p2a: Swampert|frz
|
|-weather|Sandstorm|[upkeep]
|-damage|p1a: Starmie|70/100|[from] Sandstorm
|-heal|p1a: Starmie|76/100|[from] item: Leftovers
|-heal|p2a: Swampert|64/100 frz|[from] item: Leftovers
|upkeep
|turn|6
|inactive|DanteADV has 270 seconds left.
|c|☆drogasas|mb
|inactive|drogasas has 240 seconds left.
|
|t:|1729265384
|-curestatus|p2a: Swampert|frz|[msg]
|move|p2a: Swampert|Protect|p2a: Swampert
|-singleturn|p2a: Swampert|Protect
|move|p1a: Starmie|Hydro Pump|p2a: Swampert
|-activate|p2a: Swampert|Protect
|
|-weather|Sandstorm|[upkeep]
|-damage|p1a: Starmie|70/100|[from] Sandstorm
|-heal|p1a: Starmie|76/100|[from] item: Leftovers
|-heal|p2a: Swampert|70/100|[from] item: Leftovers
|upkeep
|turn|7
|inactive|drogasas has 240 seconds left.
|c|☆drogasas|lmao
|
|t:|1729265398
|move|p1a: Starmie|Hydro Pump|p2a: Swampert
|-damage|p2a: Swampert|27/100
|move|p2a: Swampert|Earthquake|p1a: Starmie
|-damage|p1a: Starmie|21/100
|
|-weather|Sandstorm|[upkeep]
|-damage|p1a: Starmie|15/100|[from] Sandstorm
|-heal|p1a: Starmie|21/100|[from] item: Leftovers
|-heal|p2a: Swampert|34/100|[from] item: Leftovers
|upkeep
|turn|8
|inactive|drogasas has 240 seconds left.
|
|t:|1729265417
|switch|p1a: Gengar|Gengar, F|100/100
|switch|p2a: Venusaur|Venusaur, F|100/100
|
|-weather|Sandstorm|[upkeep]
|-damage|p1a: Gengar|94/100|[from] Sandstorm
|-damage|p2a: Venusaur|94/100|[from] Sandstorm
|-heal|p1a: Gengar|100/100|[from] item: Leftovers
|-heal|p2a: Venusaur|100/100|[from] item: Leftovers
|upkeep
|turn|9
|inactive|drogasas has 240 seconds left.
|
|t:|1729265429
|move|p1a: Gengar|Taunt|p2a: Venusaur
|-start|p2a: Venusaur|move: Taunt
|cant|p2a: Venusaur|move: Taunt|Sleep Powder
|
|-weather|Sandstorm|[upkeep]
|-damage|p1a: Gengar|94/100|[from] Sandstorm
|-damage|p2a: Venusaur|94/100|[from] Sandstorm
|-heal|p1a: Gengar|100/100|[from] item: Leftovers
|-heal|p2a: Venusaur|100/100|[from] item: Leftovers
|upkeep
|turn|10
|
|t:|1729265436
|switch|p2a: Zapdos|Zapdos|100/100
|move|p1a: Gengar|Will-O-Wisp|p2a: Zapdos
|-status|p2a: Zapdos|brn
|
|-weather|Sandstorm|[upkeep]
|-damage|p1a: Gengar|94/100|[from] Sandstorm
|-damage|p2a: Zapdos|94/100 brn|[from] Sandstorm
|-heal|p1a: Gengar|100/100|[from] item: Leftovers
|-heal|p2a: Zapdos|100/100 brn|[from] item: Leftovers
|-damage|p2a: Zapdos|88/100 brn|[from] brn
|upkeep
|turn|11
|inactive|DanteADV has 270 seconds left.
|
|t:|1729265453
|switch|p1a: Blissey|Blissey, F|100/100
|move|p2a: Zapdos|Thunderbolt|p1a: Blissey
|-damage|p1a: Blissey|85/100
|
|-weather|Sandstorm|[upkeep]
|-damage|p2a: Zapdos|82/100 brn|[from] Sandstorm
|-damage|p1a: Blissey|79/100|[from] Sandstorm
|-heal|p2a: Zapdos|88/100 brn|[from] item: Leftovers
|-damage|p2a: Zapdos|76/100 brn|[from] brn
|-heal|p1a: Blissey|85/100|[from] item: Leftovers
|upkeep
|turn|12
|
|t:|1729265460
|switch|p2a: Skarmory|Skarmory, M|100/100
|move|p1a: Blissey|Seismic Toss|p2a: Skarmory
|-damage|p2a: Skarmory|71/100
|
|-weather|Sandstorm|[upkeep]
|-damage|p1a: Blissey|79/100|[from] Sandstorm
|-heal|p2a: Skarmory|77/100|[from] item: Leftovers
|-heal|p1a: Blissey|85/100|[from] item: Leftovers
|upkeep
|turn|13
|inactive|DanteADV has 270 seconds left.
|
|t:|1729265472
|switch|p1a: Starmie|Starmie|21/100
|move|p2a: Skarmory|Spikes|p1a: Starmie
|-sidestart|p1: drogasas|Spikes
|
|-weather|Sandstorm|[upkeep]
|-damage|p1a: Starmie|15/100|[from] Sandstorm
|-heal|p1a: Starmie|21/100|[from] item: Leftovers
|-heal|p2a: Skarmory|83/100|[from] item: Leftovers
|upkeep
|turn|14
|
|t:|1729265477
|move|p2a: Skarmory|Protect|p2a: Skarmory
|-singleturn|p2a: Skarmory|Protect
|move|p1a: Starmie|Thunderbolt|p2a: Skarmory
|-activate|p2a: Skarmory|Protect
|
|-weather|Sandstorm|[upkeep]
|-damage|p1a: Starmie|15/100|[from] Sandstorm
|-heal|p1a: Starmie|21/100|[from] item: Leftovers
|-heal|p2a: Skarmory|89/100|[from] item: Leftovers
|upkeep
|turn|15
|
|t:|1729265483
|move|p1a: Starmie|Rapid Spin|p2a: Skarmory
|-resisted|p2a: Skarmory
|-damage|p2a: Skarmory|88/100
|-sideend|p1: drogasas|Spikes|[from] move: Rapid Spin|[of] p1a: Starmie
|move|p2a: Skarmory|Drill Peck|p1a: Starmie
|-damage|p1a: Starmie|0 fnt
|faint|p1a: Starmie
|inactive|drogasas has 270 seconds left.
|
|t:|1729265507
|switch|p1a: Gengar|Gengar, F|100/100
|
|-weather|Sandstorm|[upkeep]
|-damage|p1a: Gengar|94/100|[from] Sandstorm
|-heal|p1a: Gengar|100/100|[from] item: Leftovers
|-heal|p2a: Skarmory|94/100|[from] item: Leftovers
|upkeep
|turn|16
|
|t:|1729265526
|switch|p2a: Zapdos|Zapdos|76/100 brn
|move|p1a: Gengar|Taunt|p2a: Zapdos
|-start|p2a: Zapdos|move: Taunt
|
|-weather|Sandstorm|[upkeep]
|-damage|p1a: Gengar|94/100|[from] Sandstorm
|-damage|p2a: Zapdos|70/100 brn|[from] Sandstorm
|-heal|p1a: Gengar|100/100|[from] item: Leftovers
|-heal|p2a: Zapdos|76/100 brn|[from] item: Leftovers
|-damage|p2a: Zapdos|64/100 brn|[from] brn
|upkeep
|turn|17
|inactive|drogasas has 270 seconds left.
|
|t:|1729265538
|switch|p1a: Blissey|Blissey, F|85/100
|move|p2a: Zapdos|Thunderbolt|p1a: Blissey
|-damage|p1a: Blissey|69/100
|
|-weather|Sandstorm|[upkeep]
|-damage|p2a: Zapdos|58/100 brn|[from] Sandstorm
|-damage|p1a: Blissey|63/100|[from] Sandstorm
|-heal|p2a: Zapdos|64/100 brn|[from] item: Leftovers
|-damage|p2a: Zapdos|51/100 brn|[from] brn
|-end|p2a: Zapdos|move: Taunt|[silent]
|-heal|p1a: Blissey|69/100|[from] item: Leftovers
|upkeep
|turn|18
|inactive|drogasas has 270 seconds left.
|
|t:|1729265560
|switch|p1a: Gengar|Gengar, F|100/100
|move|p2a: Zapdos|Rest|p2a: Zapdos
|-status|p2a: Zapdos|slp|[from] move: Rest
|-heal|p2a: Zapdos|100/100 slp|[silent]
|
|-weather|Sandstorm|[upkeep]
|-damage|p1a: Gengar|94/100|[from] Sandstorm
|-damage|p2a: Zapdos|94/100 slp|[from] Sandstorm
|-heal|p1a: Gengar|100/100|[from] item: Leftovers
|-heal|p2a: Zapdos|100/100 slp|[from] item: Leftovers
|upkeep
|turn|19
|
|t:|1729265570
|move|p1a: Gengar|Thunderbolt|p2a: Zapdos
|-damage|p2a: Zapdos|82/100 slp
|cant|p2a: Zapdos|slp
|move|p2a: Zapdos|Sleep Talk|p2a: Zapdos
|move|p2a: Zapdos|Roar|p1a: Gengar|[from]Sleep Talk
|drag|p1a: Tyranitar|Tyranitar, F|100/100
|
|-weather|Sandstorm|[upkeep]
|-damage|p2a: Zapdos|76/100 slp|[from] Sandstorm
|-heal|p2a: Zapdos|82/100 slp|[from] item: Leftovers
|upkeep
|turn|20
|inactive|drogasas has 270 seconds left.
|inactive|DanteADV has 270 seconds left.
|inactive|drogasas has 240 seconds left.
|
|t:|1729265618
|switch|p1a: Gengar|Gengar, F|100/100
|switch|p2a: Skarmory|Skarmory, M|94/100
|
|-weather|Sandstorm|[upkeep]
|-damage|p1a: Gengar|94/100|[from] Sandstorm
|-heal|p1a: Gengar|100/100|[from] item: Leftovers
|-heal|p2a: Skarmory|99/100|[from] item: Leftovers
|upkeep
|turn|21
|inactive|DanteADV has 270 seconds left.
|
|t:|1729265625
|move|p1a: Gengar|Thunderbolt|p2a: Skarmory
|-supereffective|p2a: Skarmory
|-crit|p2a: Skarmory
|-damage|p2a: Skarmory|0 fnt
|faint|p2a: Skarmory
|inactive|DanteADV has 270 seconds left.
|c|☆drogasas|mb
|inactive|DanteADV has 240 seconds left.
|
|t:|1729265663
|switch|p2a: Aerodactyl|Aerodactyl, M|100/100
|
|-weather|Sandstorm|[upkeep]
|-damage|p1a: Gengar|94/100|[from] Sandstorm
|-heal|p1a: Gengar|100/100|[from] item: Leftovers
|upkeep
|turn|22
|inactive|DanteADV has 240 seconds left.
|
|t:|1729265677
|switch|p2a: Venusaur|Venusaur, F|100/100
|switch|p1a: Swampert|Swampert, M|100/100
|
|-weather|Sandstorm|[upkeep]
|-damage|p2a: Venusaur|94/100|[from] Sandstorm
|-heal|p2a: Venusaur|100/100|[from] item: Leftovers
|upkeep
|turn|23
|inactive|DanteADV has 240 seconds left.
|
|t:|1729265688
|switch|p1a: Skarmory|Skarmory, M|100/100
|move|p2a: Venusaur|Leech Seed|p1a: Skarmory
|-start|p1a: Skarmory|move: Leech Seed
|
|-weather|Sandstorm|[upkeep]
|-damage|p2a: Venusaur|94/100|[from] Sandstorm
|-heal|p2a: Venusaur|100/100|[from] item: Leftovers
|-damage|p1a: Skarmory|88/100|[from] Leech Seed|[of] p2a: Venusaur
|upkeep
|turn|24
|
|t:|1729265694
|move|p2a: Venusaur|Sleep Powder|p1a: Skarmory|[miss]
|-miss|p2a: Venusaur|p1a: Skarmory
|move|p1a: Skarmory|Spikes|p2a: Venusaur
|-sidestart|p2: DanteADV|Spikes
|
|-weather|Sandstorm|[upkeep]
|-damage|p2a: Venusaur|94/100|[from] Sandstorm
|-heal|p2a: Venusaur|100/100|[from] item: Leftovers
|-heal|p1a: Skarmory|94/100|[from] item: Leftovers
|-damage|p1a: Skarmory|82/100|[from] Leech Seed|[of] p2a: Venusaur
|upkeep
|turn|25
|
|t:|1729265704
|move|p2a: Venusaur|Sleep Powder|p1a: Skarmory
|-status|p1a: Skarmory|slp|[from] move: Sleep Powder
|cant|p1a: Skarmory|slp
|
|-weather|Sandstorm|[upkeep]
|-damage|p2a: Venusaur|94/100|[from] Sandstorm
|-heal|p2a: Venusaur|100/100|[from] item: Leftovers
|-heal|p1a: Skarmory|88/100 slp|[from] item: Leftovers
|-damage|p1a: Skarmory|76/100 slp|[from] Leech Seed|[of] p2a: Venusaur
|upkeep
|turn|26
|
|t:|1729265711
|switch|p1a: Gengar|Gengar, F|100/100
|move|p2a: Venusaur|Leech Seed|p1a: Gengar
|-start|p1a: Gengar|move: Leech Seed
|
|-weather|Sandstorm|[upkeep]
|-damage|p1a: Gengar|94/100|[from] Sandstorm
|-damage|p2a: Venusaur|94/100|[from] Sandstorm
|-heal|p1a: Gengar|100/100|[from] item: Leftovers
|-damage|p1a: Gengar|88/100|[from] Leech Seed|[of] p2a: Venusaur
|-heal|p2a: Venusaur|100/100|[silent]
|upkeep
|turn|27
|
|t:|1729265725
|switch|p2a: Zapdos|Zapdos|82/100 slp
|move|p1a: Gengar|Will-O-Wisp||[still]
|-fail|p1a: Gengar
|
|-weather|Sandstorm|[upkeep]
|-damage|p1a: Gengar|82/100|[from] Sandstorm
|-damage|p2a: Zapdos|76/100 slp|[from] Sandstorm
|-heal|p1a: Gengar|88/100|[from] item: Leftovers
|-damage|p1a: Gengar|76/100|[from] Leech Seed|[of] p2a: Zapdos
|-heal|p2a: Zapdos|86/100 slp|[silent]
|-heal|p2a: Zapdos|92/100 slp|[from] item: Leftovers
|upkeep
|turn|28
|inactive|DanteADV has 240 seconds left.
|
|t:|1729265747
|switch|p1a: Swampert|Swampert, M|100/100
|switch|p2a: Venusaur|Venusaur, F|100/100
|-damage|p2a: Venusaur|88/100|[from] Spikes
|
|-weather|Sandstorm|[upkeep]
|-damage|p2a: Venusaur|82/100|[from] Sandstorm
|-heal|p2a: Venusaur|88/100|[from] item: Leftovers
|upkeep
|turn|29
|
|t:|1729265760
|switch|p1a: Gengar|Gengar, F|76/100
|move|p2a: Venusaur|Leech Seed|p1a: Gengar
|-start|p1a: Gengar|move: Leech Seed
|
|-weather|Sandstorm|[upkeep]
|-damage|p1a: Gengar|70/100|[from] Sandstorm
|-damage|p2a: Venusaur|82/100|[from] Sandstorm
|-heal|p1a: Gengar|76/100|[from] item: Leftovers
|-damage|p1a: Gengar|63/100|[from] Leech Seed|[of] p2a: Venusaur
|-heal|p2a: Venusaur|94/100|[silent]
|-heal|p2a: Venusaur|99/100|[from] item: Leftovers
|upkeep
|turn|30
|
|t:|1729265775
|move|p1a: Gengar|Will-O-Wisp|p2a: Venusaur
|-status|p2a: Venusaur|brn
|move|p2a: Venusaur|Hidden Power|p1a: Gengar
|-damage|p1a: Gengar|43/100
|
|-weather|Sandstorm|[upkeep]
|-damage|p1a: Gengar|37/100|[from] Sandstorm
|-damage|p2a: Venusaur|94/100 brn|[from] Sandstorm
|-heal|p1a: Gengar|43/100|[from] item: Leftovers
|-damage|p1a: Gengar|31/100|[from] Leech Seed|[of] p2a: Venusaur
|-heal|p2a: Venusaur|100/100 brn|[silent]
|-damage|p2a: Venusaur|88/100 brn|[from] brn
|upkeep
|turn|31
|
|t:|1729265786
|switch|p1a: Blissey|Blissey, F|69/100
|move|p2a: Venusaur|Leech Seed|p1a: Blissey
|-start|p1a: Blissey|move: Leech Seed
|
|-weather|Sandstorm|[upkeep]
|-damage|p2a: Venusaur|82/100 brn|[from] Sandstorm
|-damage|p1a: Blissey|63/100|[from] Sandstorm
|-heal|p2a: Venusaur|88/100 brn|[from] item: Leftovers
|-damage|p2a: Venusaur|75/100 brn|[from] brn
|-heal|p1a: Blissey|69/100|[from] item: Leftovers
|-damage|p1a: Blissey|57/100|[from] Leech Seed|[of] p2a: Venusaur
|-heal|p2a: Venusaur|99/100 brn|[silent]
|upkeep
|turn|32
|
|t:|1729265799
|switch|p2a: Swampert|Swampert, F|34/100
|-damage|p2a: Swampert|21/100|[from] Spikes
|move|p1a: Blissey|Soft-Boiled|p1a: Blissey
|-heal|p1a: Blissey|100/100
|
|-weather|Sandstorm|[upkeep]
|-damage|p1a: Blissey|94/100|[from] Sandstorm
|-heal|p1a: Blissey|100/100|[from] item: Leftovers
|-damage|p1a: Blissey|88/100|[from] Leech Seed|[of] p2a: Swampert
|-heal|p2a: Swampert|41/100|[silent]
|-heal|p2a: Swampert|47/100|[from] item: Leftovers
|upkeep
|turn|33
|inactive|DanteADV has 240 seconds left.
|
|t:|1729265836
|switch|p1a: Swampert|Swampert, M|100/100
|move|p2a: Swampert|Ice Beam|p1a: Swampert
|-damage|p1a: Swampert|78/100
|-status|p1a: Swampert|frz
|
|-weather|Sandstorm|[upkeep]
|-heal|p1a: Swampert|84/100 frz|[from] item: Leftovers
|-heal|p2a: Swampert|54/100|[from] item: Leftovers
|upkeep
|turn|34
|
|t:|1729265849
|switch|p1a: Blissey|Blissey, F|88/100
|move|p2a: Swampert|Hydro Pump|p1a: Blissey
|-damage|p1a: Blissey|73/100
|
|-weather|Sandstorm|[upkeep]
|-damage|p1a: Blissey|67/100|[from] Sandstorm
|-heal|p1a: Blissey|73/100|[from] item: Leftovers
|-heal|p2a: Swampert|60/100|[from] item: Leftovers
|upkeep
|turn|35
|
|t:|1729265855
|move|p2a: Swampert|Protect|p2a: Swampert
|-singleturn|p2a: Swampert|Protect
|move|p1a: Blissey|Aromatherapy|p1a: Blissey
|-cureteam|p1a: Blissey|[from] move: Aromatherapy
|
|-weather|Sandstorm|[upkeep]
|-damage|p1a: Blissey|67/100|[from] Sandstorm
|-heal|p1a: Blissey|73/100|[from] item: Leftovers
|-heal|p2a: Swampert|66/100|[from] item: Leftovers
|upkeep
|turn|36
|inactive|DanteADV has 210 seconds left.
|
|t:|1729265881
|move|p1a: Blissey|Soft-Boiled|p1a: Blissey
|-heal|p1a: Blissey|100/100
|move|p2a: Swampert|Earthquake|p1a: Blissey
|-damage|p1a: Blissey|62/100
|
|-weather|Sandstorm|[upkeep]
|-damage|p1a: Blissey|55/100|[from] Sandstorm
|-heal|p1a: Blissey|62/100|[from] item: Leftovers
|-heal|p2a: Swampert|72/100|[from] item: Leftovers
|upkeep
|turn|37
|inactive|DanteADV has 210 seconds left.
|
|t:|1729265901
|move|p1a: Blissey|Soft-Boiled|p1a: Blissey
|-heal|p1a: Blissey|100/100
|move|p2a: Swampert|Earthquake|p1a: Blissey
|-damage|p1a: Blissey|59/100
|
|-weather|Sandstorm|[upkeep]
|-damage|p1a: Blissey|52/100|[from] Sandstorm
|-heal|p1a: Blissey|59/100|[from] item: Leftovers
|-heal|p2a: Swampert|78/100|[from] item: Leftovers
|upkeep
|turn|38
|inactive|DanteADV has 210 seconds left.
|
|t:|1729265914
|switch|p1a: Gengar|Gengar, F|31/100
|move|p2a: Swampert|Earthquake|p1a: Gengar
|-immune|p1a: Gengar
|
|-weather|Sandstorm|[upkeep]
|-damage|p1a: Gengar|24/100|[from] Sandstorm
|-heal|p1a: Gengar|31/100|[from] item: Leftovers
|-heal|p2a: Swampert|85/100|[from] item: Leftovers
|upkeep
|turn|39
|
|t:|1729265919
|move|p2a: Swampert|Protect|p2a: Swampert
|-singleturn|p2a: Swampert|Protect
|move|p1a: Gengar|Giga Drain|p2a: Swampert
|-activate|p2a: Swampert|Protect
|
|-weather|Sandstorm|[upkeep]
|-damage|p1a: Gengar|24/100|[from] Sandstorm
|-heal|p1a: Gengar|31/100|[from] item: Leftovers
|-heal|p2a: Swampert|91/100|[from] item: Leftovers
|upkeep
|turn|40
|
|t:|1729265924
|switch|p2a: Zapdos|Zapdos|92/100 slp
|move|p1a: Gengar|Thunderbolt|p2a: Zapdos
|-damage|p2a: Zapdos|74/100 slp
|
|-weather|Sandstorm|[upkeep]
|-damage|p1a: Gengar|24/100|[from] Sandstorm
|-damage|p2a: Zapdos|68/100 slp|[from] Sandstorm
|-heal|p1a: Gengar|31/100|[from] item: Leftovers
|-heal|p2a: Zapdos|74/100 slp|[from] item: Leftovers
|upkeep
|turn|41
|
|t:|1729265951
|switch|p2a: Venusaur|Venusaur, F|99/100 brn
|-damage|p2a: Venusaur|88/100 brn|[from] Spikes
|move|p1a: Gengar|Thunderbolt|p2a: Venusaur
|-resisted|p2a: Venusaur
|-damage|p2a: Venusaur|75/100 brn
|
|-weather|Sandstorm|[upkeep]
|-damage|p1a: Gengar|24/100|[from] Sandstorm
|-damage|p2a: Venusaur|69/100 brn|[from] Sandstorm
|-heal|p1a: Gengar|31/100|[from] item: Leftovers
|-heal|p2a: Venusaur|75/100 brn|[from] item: Leftovers
|-damage|p2a: Venusaur|63/100 brn|[from] brn
|upkeep
|turn|42
|
|t:|1729265959
|move|p1a: Gengar|Taunt|p2a: Venusaur
|-start|p2a: Venusaur|move: Taunt
|cant|p2a: Venusaur|move: Taunt|Leech Seed
|
|-weather|Sandstorm|[upkeep]
|-damage|p1a: Gengar|24/100|[from] Sandstorm
|-damage|p2a: Venusaur|57/100 brn|[from] Sandstorm
|-heal|p1a: Gengar|31/100|[from] item: Leftovers
|-heal|p2a: Venusaur|63/100 brn|[from] item: Leftovers
|-damage|p2a: Venusaur|50/100 brn|[from] brn
|upkeep
|turn|43
|
|t:|1729265972
|switch|p1a: Skarmory|Skarmory, M|76/100
|move|p2a: Venusaur|Giga Drain|p1a: Skarmory
|-resisted|p1a: Skarmory
|-damage|p1a: Skarmory|70/100
|-heal|p2a: Venusaur|53/100 brn|[from] drain|[of] p1a: Skarmory
|
|-weather|Sandstorm|[upkeep]
|-damage|p2a: Venusaur|47/100 brn|[from] Sandstorm
|-heal|p2a: Venusaur|53/100 brn|[from] item: Leftovers
|-damage|p2a: Venusaur|41/100 brn|[from] brn
|-end|p2a: Venusaur|move: Taunt|[silent]
|-heal|p1a: Skarmory|76/100|[from] item: Leftovers
|upkeep
|turn|44
|
|t:|1729265980
|move|p1a: Skarmory|Protect|p1a: Skarmory
|-singleturn|p1a: Skarmory|Protect
|move|p2a: Venusaur|Sleep Powder|p1a: Skarmory
|-activate|p1a: Skarmory|Protect
|
|-weather|Sandstorm|[upkeep]
|-damage|p2a: Venusaur|35/100 brn|[from] Sandstorm
|-heal|p2a: Venusaur|41/100 brn|[from] item: Leftovers
|-damage|p2a: Venusaur|28/100 brn|[from] brn
|-heal|p1a: Skarmory|82/100|[from] item: Leftovers
|upkeep
|turn|45
|
|t:|1729265987
|move|p2a: Venusaur|Sleep Powder|p1a: Skarmory
|-status|p1a: Skarmory|slp|[from] move: Sleep Powder
|cant|p1a: Skarmory|slp
|
|-weather|Sandstorm|[upkeep]
|-damage|p2a: Venusaur|22/100 brn|[from] Sandstorm
|-heal|p2a: Venusaur|28/100 brn|[from] item: Leftovers
|-damage|p2a: Venusaur|16/100 brn|[from] brn
|-heal|p1a: Skarmory|88/100 slp|[from] item: Leftovers
|upkeep
|turn|46
|
|t:|1729265992
|switch|p1a: Blissey|Blissey, F|59/100
|move|p2a: Venusaur|Leech Seed|p1a: Blissey|[miss]
|-miss|p2a: Venusaur|p1a: Blissey
|
|-weather|Sandstorm|[upkeep]
|-damage|p2a: Venusaur|10/100 brn|[from] Sandstorm
|-damage|p1a: Blissey|52/100|[from] Sandstorm
|-heal|p2a: Venusaur|16/100 brn|[from] item: Leftovers
|-damage|p2a: Venusaur|3/100 brn|[from] brn
|-heal|p1a: Blissey|59/100|[from] item: Leftovers
|upkeep
|turn|47
|inactive|DanteADV has 240 seconds left.
|
|t:|1729266008
|move|p2a: Venusaur|Leech Seed|p1a: Blissey
|-start|p1a: Blissey|move: Leech Seed
|move|p1a: Blissey|Soft-Boiled|p1a: Blissey
|-heal|p1a: Blissey|100/100
|
|-weather|Sandstorm|[upkeep]
|-damage|p2a: Venusaur|0 fnt|[from] Sandstorm
|-damage|p1a: Blissey|94/100|[from] Sandstorm
|faint|p2a: Venusaur
|-heal|p1a: Blissey|100/100|[from] item: Leftovers
|upkeep
|
|t:|1729266025
|switch|p2a: Tyranitar|Tyranitar, F|100/100
|-damage|p2a: Tyranitar|88/100|[from] Spikes
|turn|48
|
|t:|1729266041
|-singleturn|p2a: Tyranitar|move: Focus Punch
|switch|p1a: Swampert|Swampert, M|84/100
|move|p2a: Tyranitar|Focus Punch|p1a: Swampert
|-damage|p1a: Swampert|32/100
|
|-weather|Sandstorm|[upkeep]
|-heal|p1a: Swampert|38/100|[from] item: Leftovers
|-heal|p2a: Tyranitar|94/100|[from] item: Leftovers
|upkeep
|turn|49
|inactive|DanteADV has 210 seconds left.
|
|t:|1729266067
|switch|p2a: Zapdos|Zapdos|74/100 slp
|move|p1a: Swampert|Hydro Pump|p2a: Zapdos|[miss]
|-miss|p1a: Swampert|p2a: Zapdos
|
|-weather|Sandstorm|[upkeep]
|-damage|p2a: Zapdos|68/100 slp|[from] Sandstorm
|-heal|p2a: Zapdos|74/100 slp|[from] item: Leftovers
|-heal|p1a: Swampert|44/100|[from] item: Leftovers
|upkeep
|turn|50
|inactive|DanteADV has 210 seconds left.
|
|t:|1729266073
|cant|p2a: Zapdos|slp
|move|p2a: Zapdos|Sleep Talk|p2a: Zapdos
|move|p2a: Zapdos|Rest|p2a: Zapdos|[from]Sleep Talk
|move|p1a: Swampert|Ice Beam|p2a: Zapdos
|-supereffective|p2a: Zapdos
|-damage|p2a: Zapdos|34/100 slp
|
|-weather|Sandstorm|[upkeep]
|-damage|p2a: Zapdos|28/100 slp|[from] Sandstorm
|-heal|p2a: Zapdos|34/100 slp|[from] item: Leftovers
|-heal|p1a: Swampert|50/100|[from] item: Leftovers
|upkeep
|turn|51
|inactive|DanteADV has 210 seconds left.
|
|t:|1729266085
|cant|p2a: Zapdos|slp
|move|p2a: Zapdos|Sleep Talk|p2a: Zapdos
|move|p2a: Zapdos|Rest|p2a: Zapdos|[from]Sleep Talk
|move|p1a: Swampert|Hydro Pump|p2a: Zapdos
|-damage|p2a: Zapdos|0 fnt
|faint|p2a: Zapdos
|inactive|DanteADV has 210 seconds left.
|
|t:|1729266094
|switch|p2a: Swampert|Swampert, F|91/100
|-damage|p2a: Swampert|78/100|[from] Spikes
|
|-weather|Sandstorm|[upkeep]
|-heal|p1a: Swampert|56/100|[from] item: Leftovers
|-heal|p2a: Swampert|85/100|[from] item: Leftovers
|upkeep
|turn|52
|inactive|DanteADV has 210 seconds left.
|
|t:|1729266114
|switch|p1a: Blissey|Blissey, F|100/100
|move|p2a: Swampert|Earthquake|p1a: Blissey
|-damage|p1a: Blissey|63/100
|
|-weather|Sandstorm|[upkeep]
|-damage|p1a: Blissey|57/100|[from] Sandstorm
|-heal|p1a: Blissey|63/100|[from] item: Leftovers
|-heal|p2a: Swampert|91/100|[from] item: Leftovers
|upkeep
|turn|53
|inactive|DanteADV has 210 seconds left.
|
|t:|1729266126
|switch|p2a: Tyranitar|Tyranitar, F|94/100
|-damage|p2a: Tyranitar|82/100|[from] Spikes
|move|p1a: Blissey|Aromatherapy|p1a: Blissey
|-cureteam|p1a: Blissey|[from] move: Aromatherapy
|
|-weather|Sandstorm|[upkeep]
|-damage|p1a: Blissey|57/100|[from] Sandstorm
|-heal|p2a: Tyranitar|88/100|[from] item: Leftovers
|-heal|p1a: Blissey|63/100|[from] item: Leftovers
|upkeep
|turn|54
|inactive|DanteADV has 210 seconds left.
|
|t:|1729266138
|switch|p1a: Skarmory|Skarmory, M|88/100
|move|p2a: Tyranitar|Rock Slide|p1a: Skarmory
|-damage|p1a: Skarmory|57/100
|
|-weather|Sandstorm|[upkeep]
|-heal|p1a: Skarmory|63/100|[from] item: Leftovers
|-heal|p2a: Tyranitar|94/100|[from] item: Leftovers
|upkeep
|turn|55
|inactive|DanteADV has 210 seconds left.
|
|t:|1729266152
|-singleturn|p2a: Tyranitar|move: Focus Punch
|move|p1a: Skarmory|Toxic|p2a: Tyranitar
|-status|p2a: Tyranitar|tox
|move|p2a: Tyranitar|Focus Punch|p1a: Skarmory
|-damage|p1a: Skarmory|21/100
|
|-weather|Sandstorm|[upkeep]
|-heal|p1a: Skarmory|27/100|[from] item: Leftovers
|-heal|p2a: Tyranitar|100/100 tox|[from] item: Leftovers
|-damage|p2a: Tyranitar|94/100 tox|[from] psn
|upkeep
|turn|56
|inactive|DanteADV has 210 seconds left.
|
|t:|1729266169
|move|p1a: Skarmory|Protect|p1a: Skarmory
|-singleturn|p1a: Skarmory|Protect
|move|p2a: Tyranitar|Rock Slide|p1a: Skarmory
|-activate|p1a: Skarmory|Protect
|
|-weather|Sandstorm|[upkeep]
|-heal|p1a: Skarmory|33/100|[from] item: Leftovers
|-heal|p2a: Tyranitar|100/100 tox|[from] item: Leftovers
|-damage|p2a: Tyranitar|88/100 tox|[from] psn
|upkeep
|turn|57
|
|t:|1729266183
|move|p1a: Skarmory|Spikes|p2a: Tyranitar
|-sidestart|p2: DanteADV|Spikes
|move|p2a: Tyranitar|Rock Slide|p1a: Skarmory
|-damage|p1a: Skarmory|0 fnt
|faint|p1a: Skarmory
|
|t:|1729266196
|switch|p1a: Swampert|Swampert, M|56/100
|
|-weather|Sandstorm|[upkeep]
|-heal|p1a: Swampert|62/100|[from] item: Leftovers
|-heal|p2a: Tyranitar|94/100 tox|[from] item: Leftovers
|-damage|p2a: Tyranitar|76/100 tox|[from] psn
|upkeep
|turn|58
|inactive|DanteADV has 210 seconds left.
|
|t:|1729266227
|move|p1a: Swampert|Hydro Pump|p2a: Tyranitar
|-supereffective|p2a: Tyranitar
|-damage|p2a: Tyranitar|0 fnt
|faint|p2a: Tyranitar
|
|t:|1729266236
|switch|p2a: Swampert|Swampert, F|91/100
|-damage|p2a: Swampert|74/100|[from] Spikes
|
|-weather|Sandstorm|[upkeep]
|-heal|p1a: Swampert|69/100|[from] item: Leftovers
|-heal|p2a: Swampert|80/100|[from] item: Leftovers
|upkeep
|turn|59
|
|t:|1729266254
|switch|p1a: Tyranitar|Tyranitar, F|100/100
|switch|p2a: Aerodactyl|Aerodactyl, M|100/100
|
|-weather|Sandstorm|[upkeep]
|upkeep
|turn|60
|inactive|DanteADV has 180 seconds left.
|
|t:|1729266276
|switch|p2a: Swampert|Swampert, F|80/100
|-damage|p2a: Swampert|64/100|[from] Spikes
|move|p1a: Tyranitar|Dragon Dance|p1a: Tyranitar
|-boost|p1a: Tyranitar|atk|1
|-boost|p1a: Tyranitar|spe|1
|
|-weather|Sandstorm|[upkeep]
|-heal|p2a: Swampert|70/100|[from] item: Leftovers
|upkeep
|turn|61
|inactive|DanteADV has 180 seconds left.
|inactive|drogasas has 270 seconds left.
|
|t:|1729266314
|move|p1a: Tyranitar|Earthquake|p2a: Swampert
|-damage|p2a: Swampert|33/100
|move|p2a: Swampert|Hydro Pump|p1a: Tyranitar
|-supereffective|p1a: Tyranitar
|-damage|p1a: Tyranitar|0 fnt
|faint|p1a: Tyranitar
|
|t:|1729266322
|switch|p1a: Gengar|Gengar, F|31/100
|
|-weather|Sandstorm|[upkeep]
|-damage|p1a: Gengar|24/100|[from] Sandstorm
|-heal|p1a: Gengar|31/100|[from] item: Leftovers
|-heal|p2a: Swampert|39/100|[from] item: Leftovers
|upkeep
|turn|62
|inactive|DanteADV has 180 seconds left.
|
|t:|1729266331
|move|p2a: Swampert|Protect|p2a: Swampert
|-singleturn|p2a: Swampert|Protect
|move|p1a: Gengar|Giga Drain|p2a: Swampert
|-activate|p2a: Swampert|Protect
|
|-weather|Sandstorm|[upkeep]
|-damage|p1a: Gengar|24/100|[from] Sandstorm
|-heal|p1a: Gengar|31/100|[from] item: Leftovers
|-heal|p2a: Swampert|45/100|[from] item: Leftovers
|upkeep
|turn|63
|
|t:|1729266341
|switch|p2a: Aerodactyl|Aerodactyl, M|100/100
|move|p1a: Gengar|Giga Drain|p2a: Aerodactyl
|-damage|p2a: Aerodactyl|77/100
|-heal|p1a: Gengar|41/100|[from] drain|[of] p2a: Aerodactyl
|
|-weather|Sandstorm|[upkeep]
|-damage|p1a: Gengar|35/100|[from] Sandstorm
|-heal|p1a: Gengar|41/100|[from] item: Leftovers
|upkeep
|turn|64
|inactive|DanteADV has 180 seconds left.
|
|t:|1729266361
|switch|p1a: Blissey|Blissey, F|63/100
|move|p2a: Aerodactyl|Rock Slide|p1a: Blissey
|-damage|p1a: Blissey|8/100
|
|-weather|Sandstorm|[upkeep]
|-damage|p1a: Blissey|2/100|[from] Sandstorm
|-heal|p1a: Blissey|8/100|[from] item: Leftovers
|upkeep
|turn|65
|inactive|DanteADV has 180 seconds left.
|
|t:|1729266373
|move|p2a: Aerodactyl|Rock Slide|p1a: Blissey
|-damage|p1a: Blissey|0 fnt
|faint|p1a: Blissey
|
|t:|1729266376
|switch|p1a: Swampert|Swampert, M|69/100
|
|-weather|Sandstorm|[upkeep]
|-heal|p1a: Swampert|75/100|[from] item: Leftovers
|upkeep
|turn|66
|
|t:|1729266386
|switch|p2a: Swampert|Swampert, F|45/100
|-damage|p2a: Swampert|29/100|[from] Spikes
|move|p1a: Swampert|Ice Beam|p2a: Swampert
|-damage|p2a: Swampert|5/100
|
|-weather|Sandstorm|[upkeep]
|-heal|p1a: Swampert|81/100|[from] item: Leftovers
|-heal|p2a: Swampert|11/100|[from] item: Leftovers
|upkeep
|turn|67
|
|t:|1729266392
|move|p1a: Swampert|Ice Beam|p2a: Swampert
|-damage|p2a: Swampert|0 fnt
|faint|p2a: Swampert
|
|t:|1729266395
|switch|p2a: Aerodactyl|Aerodactyl, M|77/100
|
|-weather|Sandstorm|[upkeep]
|-heal|p1a: Swampert|87/100|[from] item: Leftovers
|upkeep
|turn|68
|
|t:|1729266397
|move|p2a: Aerodactyl|Rock Slide|p1a: Swampert
|-resisted|p1a: Swampert
|-damage|p1a: Swampert|64/100
|move|p1a: Swampert|Ice Beam|p2a: Aerodactyl
|-supereffective|p2a: Aerodactyl
|-damage|p2a: Aerodactyl|1/100
|
|-weather|Sandstorm|[upkeep]
|-heal|p1a: Swampert|70/100|[from] item: Leftovers
|upkeep
|turn|69
|
|t:|1729266400
|move|p2a: Aerodactyl|Rock Slide|p1a: Swampert
|-resisted|p1a: Swampert
|-damage|p1a: Swampert|48/100
|move|p1a: Swampert|Ice Beam|p2a: Aerodactyl
|-supereffective|p2a: Aerodactyl
|-damage|p2a: Aerodactyl|0 fnt
|faint|p2a: Aerodactyl
|
|win|drogasas
|c|☆DanteADV|gg
|c|☆drogasas|gg

</script>
<script type="application/json" class="data" id="replaydata-smogtours-gen3ou-799526">
{"id":"smogtours-gen3ou-799526","format":"[Gen 3] OU","players":["drogasas","DanteADV"],"uploadtime":1729266400,"views":89,"formatid":"gen3ou","rating":null,"private":0,"password":null}
</script>

<script defer src="js/replays.js?9d40a366"></script>
