<!DOCTYPE html>
<meta charset="utf-8" />
<meta name="viewport" content="width=device-width" />

<title>[Gen 3] OU: cremozar vs. rajime(real) - Replays - Pok&eacute;mon Showdown!</title>

<meta name="description" content="Watch a replay of a Pok&eacute;mon battle between cremozar and rajime(real)! Format: [Gen 3] OU; Date: Oct 19, 2024" />
<!--

Hey, you! Looking in the source for the replay log?

You can find them in JSON format, just add `.json` at the end of a replay URL.

https://replay.pokemonshowdown.com/gen7randomdoublesbattle-865046831.json

Or, if you only need the log itself, add `.log` instead:

https://replay.pokemonshowdown.com/gen7randomdoublesbattle-865046831.log

-->

<link rel="stylesheet" href="//pokemonshowdown.com/style/global.css?0.767286132409787" />
<link rel="stylesheet" href="//play.pokemonshowdown.com/style/font-awesome.css?0.9266228007934947" />
<link rel="stylesheet" href="//play.pokemonshowdown.com/style/battle.css?0.7924700842790926" />
<link rel="stylesheet" href="//play.pokemonshowdown.com/style/utilichart.css?0.8777417872839479" />

<!-- Global site tag (gtag.js) - Google Analytics -->
<script async src="https://www.googletagmanager.com/gtag/js?id=UA-26211653-1"></script>
<script>
  window.dataLayer = window.dataLayer || [];
  function gtag(){dataLayer.push(arguments);}
  gtag('js', new Date());

  gtag('config', 'UA-26211653-1');
</script>
<!-- End Google Analytics -->
<!-- Venatus Ad Manager - Install in <HEAD> of page -->
	<script src="https://hb.vntsm.com/v3/live/ad-manager.min.js" type="text/javascript" data-site-id="642aba63ec9a7b11c3c9c1be" data-mode="scan" async></script>
<!-- / Venatus Ad Manager -->

<style>
	@media (max-width:820px) {
		.battle {
			margin: 0 auto;
		}
		.battle-log {
			margin: 7px auto 0;
			max-width: 640px;
			height: 300px;
			position: static;
		}
	}
	.optgroup {
		display: inline-block;
		line-height: 22px;
		font-size: 10pt;
	}
	.optgroup .button {
		height: 25px;
		padding-top: 0;
		padding-bottom: 0;
	}
	.optgroup button.button {
		padding-left: 12px;
		padding-right: 12px;
	}
	.linklist {
		list-style: none;
		margin: 0.5em 0;
		padding: 0;
	}
	.linklist li {
		padding: 2px 0;
	}
	.sidebar {
		float: left;
		width: 320px;
	}
	.bar-wrapper {
		max-width: 1100px;
		margin: 0 auto;
	}
	.bar-wrapper.has-sidebar {
		max-width: 1430px;
	}
	.mainbar {
		margin: 0;
		padding-right: 1px;
	}
	.mainbar.has-sidebar {
		margin-left: 330px;
	}
	@media (min-width: 1511px) {
		.sidebar {
			width: 400px;
		}
		.bar-wrapper.has-sidebar {
			max-width: 1510px;
		}
		.mainbar.has-sidebar {
			margin-left: 410px;
		}
	}
	.section.first-section {
		margin-top: 9px;
	}
	.blocklink small {
		white-space: normal;
	}
	.button {
		vertical-align: middle;
	}
	.replay-controls {
		padding-top: 10px;
	}
	.replay-controls h1 {
		font-size: 16pt;
		font-weight: normal;
		color: #CCC;
	}
	.pagelink {
		text-align: center;
	}
	.pagelink a {
		width: 150px;
	}
	.textbox, .button {
		font-size: 11pt;
		vertical-align: middle;
	}
	@media (max-width: 450px) {
		.button {
			font-size: 9pt;
		}
	}
</style>

<div>

	<header>
		<div class="nav-wrapper"><ul class="nav">
			<li><a class="button nav-first" href="//pokemonshowdown.com/"><img src="//pokemonshowdown.com/images/pokemonshowdownbeta.png" srcset="//pokemonshowdown.com/images/pokemonshowdownbeta.png 1x, //pokemonshowdown.com/images/pokemonshowdownbeta@2x.png 2x" alt="Pok&eacute;mon Showdown" width="146" height="44" /> Home</a></li>
			<li><a class="button" href="//pokemonshowdown.com/dex/">Pok&eacute;dex</a></li>
			<li><a class="button cur" href="/">Replays</a></li>
			<li><a class="button" href="//pokemonshowdown.com/ladder/">Ladder</a></li>
			<li><a class="button nav-last" href="//pokemonshowdown.com/forums/">Forum</a></li>
			<li><a class="button greenbutton nav-first nav-last" href="//play.pokemonshowdown.com/">Play</a></li>
		</ul></div>
	</header>

	<div class="main" id="main">

		<noscript><section class="section">You need to enable JavaScript to use this page; sorry!</section></noscript>

	</div>

</div>

<script defer nomodule src="//play.pokemonshowdown.com/js/lib/ps-polyfill.js"></script>
<script defer src="//play.pokemonshowdown.com/js/lib/preact.min.js"></script>

<script defer src="//play.pokemonshowdown.com/config/config.js?6dec07f6"></script>
<script defer src="//play.pokemonshowdown.com/js/lib/jquery-1.11.0.min.js"></script>
<script defer src="//play.pokemonshowdown.com/js/lib/html-sanitizer-minified.js"></script>
<script defer src="//play.pokemonshowdown.com/js/battle-sound.js"></script>
<script defer src="//play.pokemonshowdown.com/js/battledata.js?0.6315294753075389"></script>
<script defer src="//play.pokemonshowdown.com/data/pokedex-mini.js?0.7603743185311358"></script>
<script defer src="//play.pokemonshowdown.com/data/pokedex-mini-bw.js?0.030888842834281283"></script>
<script defer src="//play.pokemonshowdown.com/data/graphics.js?0.05593094747507488"></script>
<script defer src="//play.pokemonshowdown.com/data/pokedex.js?0.47064822249611904"></script>
<script defer src="//play.pokemonshowdown.com/data/moves.js?0.8583693120512459"></script>
<script defer src="//play.pokemonshowdown.com/data/abilities.js?0.16017181182386842"></script>
<script defer src="//play.pokemonshowdown.com/data/items.js?0.4163379185673943"></script>
<script defer src="//play.pokemonshowdown.com/data/teambuilder-tables.js?0.31075597372830477"></script>
<script defer src="//play.pokemonshowdown.com/js/battle-tooltips.js?0.6536193500708172"></script>
<script defer src="//play.pokemonshowdown.com/js/battle.js?0.1916591943277901"></script>

<script defer src="js/utils.js?e31f9a17"></script>
<script defer src="js/replays-battle.js?7008c182"></script>

<!-- don't scrape this data! just add .json or .log after the URL!
Full API docs: https://github.com/smogon/pokemon-showdown-client/blob/master/WEB-API.md -->
<script type="text/plain" class="log" id="replaylog-smogtours-gen3ou-800076">
|inactive|Battle timer is ON: inactive players will automatically lose when time's up.
|t:|1729368577
|gametype|singles
|player|p1|cremozar|101|
|player|p2|rajime(real)|169|
|teamsize|p1|6
|teamsize|p2|6
|gen|3
|tier|[Gen 3] OU
|rule|Sleep Clause Mod: Limit one foe put to sleep
|rule|Switch Priority Clause Mod: Faster Pokémon switch first
|rule|Species Clause: Limit one of each Pokémon
|rule|OHKO Clause: OHKO moves are banned
|rule|Evasion Items Clause: Evasion items are banned
|rule|Evasion Moves Clause: Evasion moves are banned
|rule|Endless Battle Clause: Forcing endless battles is banned
|rule|HP Percentage Mod: HP is shown in percentages
|rule|One Boost Passer Clause: Limit one Baton Passer that has a way to boost its stats
|rule|Freeze Clause Mod: Limit one foe frozen
|
|t:|1729368577
|start
|switch|p1a: turf's up|Venusaur, F|100/100
|switch|p2a: Tyranitar|Tyranitar, F|100/100
|-weather|Sandstorm|[from] ability: Sand Stream|[of] p2a: Tyranitar
|turn|1
|
|t:|1729368585
|switch|p2a: Flygon|Flygon, M|100/100
|move|p1a: turf's up|Sleep Powder|p2a: Flygon|[miss]
|-miss|p1a: turf's up|p2a: Flygon
|
|-weather|Sandstorm|[upkeep]
|-damage|p1a: turf's up|95/100|[from] Sandstorm
|-heal|p1a: turf's up|100/100|[from] item: Leftovers
|upkeep
|turn|2
|
|t:|1729368591
|move|p1a: turf's up|Hidden Power|p2a: Flygon
|-supereffective|p2a: Flygon
|-damage|p2a: Flygon|3/100
|move|p2a: Flygon|Rock Slide|p1a: turf's up
|-damage|p1a: turf's up|79/100
|
|-weather|Sandstorm|[upkeep]
|-damage|p1a: turf's up|73/100|[from] Sandstorm
|-heal|p1a: turf's up|79/100|[from] item: Leftovers
|-heal|p2a: Flygon|9/100|[from] item: Leftovers
|upkeep
|turn|3
|
|t:|1729368599
|move|p2a: Flygon|Protect|p2a: Flygon
|-singleturn|p2a: Flygon|Protect
|move|p1a: turf's up|Giga Drain|p2a: Flygon
|-activate|p2a: Flygon|Protect
|
|-weather|Sandstorm|[upkeep]
|-damage|p1a: turf's up|73/100|[from] Sandstorm
|-heal|p1a: turf's up|79/100|[from] item: Leftovers
|-heal|p2a: Flygon|15/100|[from] item: Leftovers
|upkeep
|turn|4
|
|t:|1729368610
|switch|p2a: Jirachi|Jirachi|100/100
|move|p1a: turf's up|Giga Drain|p2a: Jirachi
|-resisted|p2a: Jirachi
|-damage|p2a: Jirachi|92/100
|-heal|p1a: turf's up|84/100|[from] drain|[of] p2a: Jirachi
|
|-weather|Sandstorm|[upkeep]
|-damage|p1a: turf's up|78/100|[from] Sandstorm
|-heal|p1a: turf's up|84/100|[from] item: Leftovers
|-heal|p2a: Jirachi|98/100|[from] item: Leftovers
|upkeep
|turn|5
|
|t:|1729368614
|move|p1a: turf's up|Sleep Powder|p2a: Jirachi
|-status|p2a: Jirachi|slp|[from] move: Sleep Powder
|cant|p2a: Jirachi|slp
|
|-weather|Sandstorm|[upkeep]
|-damage|p1a: turf's up|78/100|[from] Sandstorm
|-heal|p1a: turf's up|84/100|[from] item: Leftovers
|-heal|p2a: Jirachi|100/100 slp|[from] item: Leftovers
|upkeep
|turn|6
|
|t:|1729368617
|switch|p2a: Moltres|Moltres|100/100
|move|p1a: turf's up|Leech Seed|p2a: Moltres
|-start|p2a: Moltres|move: Leech Seed
|
|-weather|Sandstorm|[upkeep]
|-damage|p2a: Moltres|94/100|[from] Sandstorm
|-damage|p1a: turf's up|78/100|[from] Sandstorm
|-heal|p2a: Moltres|100/100|[from] item: Leftovers
|-damage|p2a: Moltres|88/100|[from] Leech Seed|[of] p1a: turf's up
|-heal|p1a: turf's up|92/100|[silent]
|-heal|p1a: turf's up|98/100|[from] item: Leftovers
|upkeep
|turn|7
|
|t:|1729368621
|switch|p1a: magdalena|Moltres|100/100
|move|p2a: Moltres|Will-O-Wisp|p1a: magdalena
|-immune|p1a: magdalena
|
|-weather|Sandstorm|[upkeep]
|-damage|p2a: Moltres|82/100|[from] Sandstorm
|-damage|p1a: magdalena|94/100|[from] Sandstorm
|-heal|p2a: Moltres|88/100|[from] item: Leftovers
|-damage|p2a: Moltres|76/100|[from] Leech Seed|[of] p1a: magdalena
|-heal|p1a: magdalena|100/100|[silent]
|upkeep
|turn|8
|
|t:|1729368633
|switch|p2a: Tyranitar|Tyranitar, F|100/100
|move|p1a: magdalena|Hidden Power|p2a: Tyranitar
|-supereffective|p2a: Tyranitar
|-damage|p2a: Tyranitar|60/100
|
|-weather|Sandstorm|[upkeep]
|-damage|p1a: magdalena|94/100|[from] Sandstorm
|-heal|p1a: magdalena|100/100|[from] item: Leftovers
|-heal|p2a: Tyranitar|66/100|[from] item: Leftovers
|upkeep
|turn|9
|
|t:|1729368640
|switch|p1a: turf's up|Venusaur, F|98/100
|move|p2a: Tyranitar|Crunch|p1a: turf's up
|-damage|p1a: turf's up|59/100
|
|-weather|Sandstorm|[upkeep]
|-damage|p1a: turf's up|53/100|[from] Sandstorm
|-heal|p1a: turf's up|59/100|[from] item: Leftovers
|-heal|p2a: Tyranitar|73/100|[from] item: Leftovers
|upkeep
|turn|10
|
|t:|1729368646
|move|p1a: turf's up|Leech Seed|p2a: Tyranitar
|-start|p2a: Tyranitar|move: Leech Seed
|move|p2a: Tyranitar|Ice Beam|p1a: turf's up
|-supereffective|p1a: turf's up
|-damage|p1a: turf's up|0 fnt
|faint|p1a: turf's up
|
|t:|1729368652
|switch|p1a: magdalena|Moltres|100/100
|
|-weather|Sandstorm|[upkeep]
|-damage|p1a: magdalena|94/100|[from] Sandstorm
|-heal|p1a: magdalena|100/100|[from] item: Leftovers
|-heal|p2a: Tyranitar|79/100|[from] item: Leftovers
|-damage|p2a: Tyranitar|66/100|[from] Leech Seed|[of] p1a: magdalena
|upkeep
|turn|11
|
|t:|1729368661
|switch|p2a: Gengar|Gengar, F|100/100
|move|p1a: magdalena|Flamethrower|p2a: Gengar
|-damage|p2a: Gengar|41/100
|
|-weather|Sandstorm|[upkeep]
|-damage|p2a: Gengar|35/100|[from] Sandstorm
|-damage|p1a: magdalena|94/100|[from] Sandstorm
|-heal|p2a: Gengar|41/100|[from] item: Leftovers
|-heal|p1a: magdalena|100/100|[from] item: Leftovers
|upkeep
|turn|12
|
|t:|1729368667
|switch|p1a: EYECU|Claydol|100/100
|move|p2a: Gengar|Thunderbolt|p1a: EYECU
|-immune|p1a: EYECU
|
|-weather|Sandstorm|[upkeep]
|-damage|p2a: Gengar|35/100|[from] Sandstorm
|-heal|p2a: Gengar|41/100|[from] item: Leftovers
|upkeep
|turn|13
|
|t:|1729368673
|switch|p2a: Jirachi|Jirachi|100/100 slp
|move|p1a: EYECU|Psychic|p2a: Jirachi
|-resisted|p2a: Jirachi
|-damage|p2a: Jirachi|97/100 slp
|
|-weather|Sandstorm|[upkeep]
|-heal|p2a: Jirachi|100/100 slp|[from] item: Leftovers
|upkeep
|turn|14
|
|t:|1729368678
|switch|p2a: Skarmory|Skarmory, M|100/100
|move|p1a: EYECU|Earthquake|p2a: Skarmory
|-immune|p2a: Skarmory
|
|-weather|Sandstorm|[upkeep]
|upkeep
|turn|15
|
|t:|1729368693
|switch|p1a: down low|Skarmory, F|100/100
|move|p2a: Skarmory|Toxic|p1a: down low|[miss]
|-miss|p2a: Skarmory|p1a: down low
|
|-weather|Sandstorm|[upkeep]
|upkeep
|turn|16
|
|t:|1729368703
|move|p1a: down low|Spikes|p2a: Skarmory
|-sidestart|p2: rajime(real)|Spikes
|move|p2a: Skarmory|Spikes|p1a: down low
|-sidestart|p1: cremozar|Spikes
|
|-weather|Sandstorm|[upkeep]
|upkeep
|turn|17
|
|t:|1729368705
|move|p1a: down low|Spikes|p2a: Skarmory
|-sidestart|p2: rajime(real)|Spikes
|move|p2a: Skarmory|Spikes|p1a: down low
|-sidestart|p1: cremozar|Spikes
|
|-weather|Sandstorm|[upkeep]
|upkeep
|turn|18
|
|t:|1729368707
|move|p1a: down low|Spikes|p2a: Skarmory
|-sidestart|p2: rajime(real)|Spikes
|move|p2a: Skarmory|Spikes|p1a: down low
|-sidestart|p1: cremozar|Spikes
|
|-weather|Sandstorm|[upkeep]
|upkeep
|turn|19
|
|t:|1729368709
|move|p1a: down low|Roar|p2a: Skarmory
|drag|p2a: Tyranitar|Tyranitar, F|66/100
|-damage|p2a: Tyranitar|41/100|[from] Spikes
|
|-weather|Sandstorm|[upkeep]
|-heal|p2a: Tyranitar|48/100|[from] item: Leftovers
|upkeep
|turn|20
|
|t:|1729368714
|switch|p1a: EYECU|Claydol|100/100
|switch|p2a: Moltres|Moltres|76/100
|
|-weather|Sandstorm|[upkeep]
|-damage|p2a: Moltres|69/100|[from] Sandstorm
|-heal|p2a: Moltres|76/100|[from] item: Leftovers
|upkeep
|turn|21
|
|t:|1729368719
|switch|p1a: magdalena|Moltres|100/100
|move|p2a: Moltres|Protect||[still]
|-fail|p2a: Moltres
|
|-weather|Sandstorm|[upkeep]
|-damage|p2a: Moltres|69/100|[from] Sandstorm
|-damage|p1a: magdalena|94/100|[from] Sandstorm
|-heal|p2a: Moltres|76/100|[from] item: Leftovers
|-heal|p1a: magdalena|100/100|[from] item: Leftovers
|upkeep
|turn|22
|
|t:|1729368724
|switch|p2a: Flygon|Flygon, M|15/100
|move|p1a: magdalena|Flamethrower|p2a: Flygon
|-resisted|p2a: Flygon
|-damage|p2a: Flygon|0 fnt
|faint|p2a: Flygon
|
|t:|1729368728
|switch|p2a: Gengar|Gengar, F|41/100
|
|-weather|Sandstorm|[upkeep]
|-damage|p2a: Gengar|35/100|[from] Sandstorm
|-damage|p1a: magdalena|94/100|[from] Sandstorm
|-heal|p2a: Gengar|41/100|[from] item: Leftovers
|-heal|p1a: magdalena|100/100|[from] item: Leftovers
|upkeep
|turn|23
|
|t:|1729368731
|switch|p1a: EYECU|Claydol|100/100
|move|p2a: Gengar|Thunderbolt|p1a: EYECU
|-immune|p1a: EYECU
|
|-weather|Sandstorm|[upkeep]
|-damage|p2a: Gengar|35/100|[from] Sandstorm
|-heal|p2a: Gengar|41/100|[from] item: Leftovers
|upkeep
|turn|24
|
|t:|1729368735
|switch|p2a: Skarmory|Skarmory, M|100/100
|move|p1a: EYECU|Psychic|p2a: Skarmory
|-resisted|p2a: Skarmory
|-damage|p2a: Skarmory|91/100
|
|-weather|Sandstorm|[upkeep]
|-heal|p2a: Skarmory|97/100|[from] item: Leftovers
|upkeep
|turn|25
|
|t:|1729368739
|move|p1a: EYECU|Rapid Spin|p2a: Skarmory
|-resisted|p2a: Skarmory
|-damage|p2a: Skarmory|95/100
|-sideend|p1: cremozar|Spikes|[from] move: Rapid Spin|[of] p1a: EYECU
|move|p2a: Skarmory|Toxic|p1a: EYECU
|-status|p1a: EYECU|tox
|
|-weather|Sandstorm|[upkeep]
|-damage|p1a: EYECU|95/100 tox|[from] psn
|-heal|p2a: Skarmory|100/100|[from] item: Leftovers
|upkeep
|turn|26
|
|t:|1729368742
|switch|p1a: magdalena|Moltres|100/100
|move|p2a: Skarmory|Spikes|p1a: magdalena
|-sidestart|p1: cremozar|Spikes
|
|-weather|Sandstorm|[upkeep]
|-damage|p1a: magdalena|94/100|[from] Sandstorm
|-heal|p1a: magdalena|100/100|[from] item: Leftovers
|upkeep
|turn|27
|
|t:|1729368749
|move|p2a: Skarmory|Protect|p2a: Skarmory
|-singleturn|p2a: Skarmory|Protect
|move|p1a: magdalena|Flamethrower|p2a: Skarmory
|-activate|p2a: Skarmory|Protect
|
|-weather|Sandstorm|[upkeep]
|-damage|p1a: magdalena|94/100|[from] Sandstorm
|-heal|p1a: magdalena|100/100|[from] item: Leftovers
|upkeep
|turn|28
|
|t:|1729368753
|switch|p2a: Tyranitar|Tyranitar, F|48/100
|-damage|p2a: Tyranitar|23/100|[from] Spikes
|move|p1a: magdalena|Flamethrower|p2a: Tyranitar
|-resisted|p2a: Tyranitar
|-damage|p2a: Tyranitar|2/100
|
|-weather|Sandstorm|[upkeep]
|-damage|p1a: magdalena|94/100|[from] Sandstorm
|-heal|p1a: magdalena|100/100|[from] item: Leftovers
|-heal|p2a: Tyranitar|8/100|[from] item: Leftovers
|upkeep
|turn|29
|
|t:|1729368756
|move|p1a: magdalena|Flamethrower|p2a: Tyranitar
|-resisted|p2a: Tyranitar
|-damage|p2a: Tyranitar|0 fnt
|faint|p2a: Tyranitar
|
|t:|1729368758
|switch|p2a: Jirachi|Jirachi|100/100 slp
|-damage|p2a: Jirachi|76/100 slp|[from] Spikes
|
|-weather|Sandstorm|[upkeep]
|-damage|p1a: magdalena|94/100|[from] Sandstorm
|-heal|p1a: magdalena|100/100|[from] item: Leftovers
|-heal|p2a: Jirachi|82/100 slp|[from] item: Leftovers
|upkeep
|turn|30
|
|t:|1729368761
|move|p1a: magdalena|Overheat|p2a: Jirachi
|-supereffective|p2a: Jirachi
|-damage|p2a: Jirachi|0 fnt
|-unboost|p1a: magdalena|spa|2
|faint|p2a: Jirachi
|
|t:|1729368764
|switch|p2a: Gengar|Gengar, F|41/100
|
|-weather|Sandstorm|[upkeep]
|-damage|p2a: Gengar|35/100|[from] Sandstorm
|-damage|p1a: magdalena|94/100|[from] Sandstorm
|-heal|p2a: Gengar|41/100|[from] item: Leftovers
|-heal|p1a: magdalena|100/100|[from] item: Leftovers
|upkeep
|turn|31
|
|t:|1729368768
|move|p2a: Gengar|Ice Punch|p1a: magdalena
|-damage|p1a: magdalena|76/100
|move|p1a: magdalena|Overheat|p2a: Gengar
|-damage|p2a: Gengar|0 fnt
|-unboost|p1a: magdalena|spa|2
|faint|p2a: Gengar
|
|t:|1729368773
|switch|p2a: Skarmory|Skarmory, M|100/100
|
|-weather|Sandstorm|[upkeep]
|-damage|p1a: magdalena|70/100|[from] Sandstorm
|-heal|p1a: magdalena|76/100|[from] item: Leftovers
|upkeep
|turn|32
|
|t:|1729368776
|switch|p1a: down low|Skarmory, F|100/100
|move|p2a: Skarmory|Toxic|p1a: down low
|-immune|p1a: down low
|
|-weather|Sandstorm|[upkeep]
|upkeep
|turn|33
|
|t:|1729368786
|switch|p1a: magdalena|Moltres|76/100
|switch|p2a: Moltres|Moltres|76/100
|
|-weather|Sandstorm|[upkeep]
|-damage|p2a: Moltres|69/100|[from] Sandstorm
|-damage|p1a: magdalena|70/100|[from] Sandstorm
|-heal|p2a: Moltres|76/100|[from] item: Leftovers
|-heal|p1a: magdalena|76/100|[from] item: Leftovers
|upkeep
|turn|34
|
|t:|1729368790
|switch|p1a: EYECU|Claydol|95/100 tox
|move|p2a: Moltres|Fire Blast|p1a: EYECU
|-damage|p1a: EYECU|33/100 tox
|
|-weather|Sandstorm|[upkeep]
|-damage|p2a: Moltres|69/100|[from] Sandstorm
|-heal|p2a: Moltres|76/100|[from] item: Leftovers
|-heal|p1a: EYECU|39/100 tox|[from] item: Leftovers
|-damage|p1a: EYECU|33/100 tox|[from] psn
|upkeep
|turn|35
|
|t:|1729368795
|move|p2a: Moltres|Hidden Power|p1a: EYECU
|-supereffective|p1a: EYECU
|-damage|p1a: EYECU|0 fnt
|faint|p1a: EYECU
|
|t:|1729368797
|switch|p1a: dauntless|Aerodactyl, M|100/100
|
|-weather|Sandstorm|[upkeep]
|-damage|p2a: Moltres|69/100|[from] Sandstorm
|-heal|p2a: Moltres|76/100|[from] item: Leftovers
|upkeep
|turn|36
|
|t:|1729368799
|switch|p2a: Skarmory|Skarmory, M|100/100
|move|p1a: dauntless|Rock Slide|p2a: Skarmory
|-damage|p2a: Skarmory|64/100
|
|-weather|Sandstorm|[upkeep]
|-heal|p2a: Skarmory|70/100|[from] item: Leftovers
|upkeep
|turn|37
|
|t:|1729368804
|switch|p1a: Cowboy Dan|Metagross|100/100
|-damage|p1a: Cowboy Dan|88/100|[from] Spikes
|move|p2a: Skarmory|Toxic|p1a: Cowboy Dan
|-immune|p1a: Cowboy Dan
|
|-weather|Sandstorm|[upkeep]
|-heal|p1a: Cowboy Dan|94/100|[from] item: Leftovers
|-heal|p2a: Skarmory|76/100|[from] item: Leftovers
|upkeep
|turn|38
|
|t:|1729368808
|move|p2a: Skarmory|Protect|p2a: Skarmory
|-singleturn|p2a: Skarmory|Protect
|move|p1a: Cowboy Dan|Meteor Mash|p2a: Skarmory
|-activate|p2a: Skarmory|Protect
|
|-weather|Sandstorm|[upkeep]
|-heal|p1a: Cowboy Dan|99/100|[from] item: Leftovers
|-heal|p2a: Skarmory|82/100|[from] item: Leftovers
|upkeep
|turn|39
|
|t:|1729368811
|move|p1a: Cowboy Dan|Explosion|p2a: Skarmory
|-resisted|p2a: Skarmory
|-damage|p2a: Skarmory|19/100
|faint|p1a: Cowboy Dan
|
|t:|1729368814
|switch|p1a: magdalena|Moltres|76/100
|
|-weather|Sandstorm|[upkeep]
|-damage|p1a: magdalena|70/100|[from] Sandstorm
|-heal|p1a: magdalena|76/100|[from] item: Leftovers
|-heal|p2a: Skarmory|25/100|[from] item: Leftovers
|upkeep
|turn|40
|
|t:|1729368818
|switch|p2a: Moltres|Moltres|76/100
|move|p1a: magdalena|Flamethrower|p2a: Moltres
|-resisted|p2a: Moltres
|-damage|p2a: Moltres|46/100
|
|-weather|Sandstorm|[upkeep]
|-damage|p2a: Moltres|40/100|[from] Sandstorm
|-damage|p1a: magdalena|70/100|[from] Sandstorm
|-heal|p2a: Moltres|46/100|[from] item: Leftovers
|-heal|p1a: magdalena|76/100|[from] item: Leftovers
|upkeep
|turn|41
|
|t:|1729368822
|move|p2a: Moltres|Fire Blast|p1a: magdalena|[miss]
|-miss|p2a: Moltres|p1a: magdalena
|move|p1a: magdalena|Overheat|p2a: Moltres
|-resisted|p2a: Moltres
|-damage|p2a: Moltres|3/100
|-unboost|p1a: magdalena|spa|2
|
|-weather|Sandstorm|[upkeep]
|-damage|p2a: Moltres|0 fnt|[from] Sandstorm
|-damage|p1a: magdalena|70/100|[from] Sandstorm
|faint|p2a: Moltres
|-heal|p1a: magdalena|76/100|[from] item: Leftovers
|upkeep
|
|t:|1729368825
|switch|p2a: Skarmory|Skarmory, M|25/100
|turn|42
|c|☆rajime(real)|gg 
|c|☆rajime(real)|wp 
|c|☆cremozar|gg
|
|t:|1729368830
|move|p1a: magdalena|Flamethrower|p2a: Skarmory
|-supereffective|p2a: Skarmory
|-damage|p2a: Skarmory|0 fnt
|faint|p2a: Skarmory
|
|win|cremozar
|c|☆cremozar|u2

</script>
<script type="application/json" class="data" id="replaydata-smogtours-gen3ou-800076">
{"id":"smogtours-gen3ou-800076","format":"[Gen 3] OU","players":["cremozar","rajime(real)"],"uploadtime":1729368830,"views":80,"formatid":"gen3ou","rating":null,"private":0,"password":null}
</script>

<script defer src="js/replays.js?9d40a366"></script>
