<!DOCTYPE html>
<meta charset="utf-8" />
<meta name="viewport" content="width=device-width" />

<title>[Gen 3] OU: BeVreeze vs. guebor - Replays - Pok&eacute;mon Showdown!</title>

<meta name="description" content="Watch a replay of a Pok&eacute;mon battle between BeVreeze and guebor! Format: [Gen 3] OU; Date: Oct 4, 2024" />
<!--

Hey, you! Looking in the source for the replay log?

You can find them in JSON format, just add `.json` at the end of a replay URL.

https://replay.pokemonshowdown.com/gen7randomdoublesbattle-865046831.json

Or, if you only need the log itself, add `.log` instead:

https://replay.pokemonshowdown.com/gen7randomdoublesbattle-865046831.log

-->

<link rel="stylesheet" href="//pokemonshowdown.com/style/global.css?0.767286132409787" />
<link rel="stylesheet" href="//play.pokemonshowdown.com/style/font-awesome.css?0.9266228007934947" />
<link rel="stylesheet" href="//play.pokemonshowdown.com/style/battle.css?0.7924700842790926" />
<link rel="stylesheet" href="//play.pokemonshowdown.com/style/utilichart.css?0.8777417872839479" />

<!-- Global site tag (gtag.js) - Google Analytics -->
<script async src="https://www.googletagmanager.com/gtag/js?id=UA-26211653-1"></script>
<script>
  window.dataLayer = window.dataLayer || [];
  function gtag(){dataLayer.push(arguments);}
  gtag('js', new Date());

  gtag('config', 'UA-26211653-1');
</script>
<!-- End Google Analytics -->
<!-- Venatus Ad Manager - Install in <HEAD> of page -->
	<script src="https://hb.vntsm.com/v3/live/ad-manager.min.js" type="text/javascript" data-site-id="642aba63ec9a7b11c3c9c1be" data-mode="scan" async></script>
<!-- / Venatus Ad Manager -->

<style>
	@media (max-width:820px) {
		.battle {
			margin: 0 auto;
		}
		.battle-log {
			margin: 7px auto 0;
			max-width: 640px;
			height: 300px;
			position: static;
		}
	}
	.optgroup {
		display: inline-block;
		line-height: 22px;
		font-size: 10pt;
	}
	.optgroup .button {
		height: 25px;
		padding-top: 0;
		padding-bottom: 0;
	}
	.optgroup button.button {
		padding-left: 12px;
		padding-right: 12px;
	}
	.linklist {
		list-style: none;
		margin: 0.5em 0;
		padding: 0;
	}
	.linklist li {
		padding: 2px 0;
	}
	.sidebar {
		float: left;
		width: 320px;
	}
	.bar-wrapper {
		max-width: 1100px;
		margin: 0 auto;
	}
	.bar-wrapper.has-sidebar {
		max-width: 1430px;
	}
	.mainbar {
		margin: 0;
		padding-right: 1px;
	}
	.mainbar.has-sidebar {
		margin-left: 330px;
	}
	@media (min-width: 1511px) {
		.sidebar {
			width: 400px;
		}
		.bar-wrapper.has-sidebar {
			max-width: 1510px;
		}
		.mainbar.has-sidebar {
			margin-left: 410px;
		}
	}
	.section.first-section {
		margin-top: 9px;
	}
	.blocklink small {
		white-space: normal;
	}
	.button {
		vertical-align: middle;
	}
	.replay-controls {
		padding-top: 10px;
	}
	.replay-controls h1 {
		font-size: 16pt;
		font-weight: normal;
		color: #CCC;
	}
	.pagelink {
		text-align: center;
	}
	.pagelink a {
		width: 150px;
	}
	.textbox, .button {
		font-size: 11pt;
		vertical-align: middle;
	}
	@media (max-width: 450px) {
		.button {
			font-size: 9pt;
		}
	}
</style>

<div>

	<header>
		<div class="nav-wrapper"><ul class="nav">
			<li><a class="button nav-first" href="//pokemonshowdown.com/"><img src="//pokemonshowdown.com/images/pokemonshowdownbeta.png" srcset="//pokemonshowdown.com/images/pokemonshowdownbeta.png 1x, //pokemonshowdown.com/images/pokemonshowdownbeta@2x.png 2x" alt="Pok&eacute;mon Showdown" width="146" height="44" /> Home</a></li>
			<li><a class="button" href="//pokemonshowdown.com/dex/">Pok&eacute;dex</a></li>
			<li><a class="button cur" href="/">Replays</a></li>
			<li><a class="button" href="//pokemonshowdown.com/ladder/">Ladder</a></li>
			<li><a class="button nav-last" href="//pokemonshowdown.com/forums/">Forum</a></li>
			<li><a class="button greenbutton nav-first nav-last" href="//play.pokemonshowdown.com/">Play</a></li>
		</ul></div>
	</header>

	<div class="main" id="main">

		<noscript><section class="section">You need to enable JavaScript to use this page; sorry!</section></noscript>

	</div>

</div>

<script defer nomodule src="//play.pokemonshowdown.com/js/lib/ps-polyfill.js"></script>
<script defer src="//play.pokemonshowdown.com/js/lib/preact.min.js"></script>

<script defer src="//play.pokemonshowdown.com/config/config.js?6dec07f6"></script>
<script defer src="//play.pokemonshowdown.com/js/lib/jquery-1.11.0.min.js"></script>
<script defer src="//play.pokemonshowdown.com/js/lib/html-sanitizer-minified.js"></script>
<script defer src="//play.pokemonshowdown.com/js/battle-sound.js"></script>
<script defer src="//play.pokemonshowdown.com/js/battledata.js?0.6315294753075389"></script>
<script defer src="//play.pokemonshowdown.com/data/pokedex-mini.js?0.7603743185311358"></script>
<script defer src="//play.pokemonshowdown.com/data/pokedex-mini-bw.js?0.030888842834281283"></script>
<script defer src="//play.pokemonshowdown.com/data/graphics.js?0.05593094747507488"></script>
<script defer src="//play.pokemonshowdown.com/data/pokedex.js?0.47064822249611904"></script>
<script defer src="//play.pokemonshowdown.com/data/moves.js?0.8583693120512459"></script>
<script defer src="//play.pokemonshowdown.com/data/abilities.js?0.16017181182386842"></script>
<script defer src="//play.pokemonshowdown.com/data/items.js?0.4163379185673943"></script>
<script defer src="//play.pokemonshowdown.com/data/teambuilder-tables.js?0.31075597372830477"></script>
<script defer src="//play.pokemonshowdown.com/js/battle-tooltips.js?0.6536193500708172"></script>
<script defer src="//play.pokemonshowdown.com/js/battle.js?0.1916591943277901"></script>

<script defer src="js/utils.js?e31f9a17"></script>
<script defer src="js/replays-battle.js?7008c182"></script>

<!-- don't scrape this data! just add .json or .log after the URL!
Full API docs: https://github.com/smogon/pokemon-showdown-client/blob/master/WEB-API.md -->
<script type="text/plain" class="log" id="replaylog-smogtours-gen3ou-794596">
|inactive|Battle timer is ON: inactive players will automatically lose when time's up.
|t:|1728061970
|gametype|singles
|player|p1|BeVreeze|266|
|player|p2|guebor|colress|
|teamsize|p1|6
|teamsize|p2|6
|gen|3
|tier|[Gen 3] OU
|rule|Sleep Clause Mod: Limit one foe put to sleep
|rule|Switch Priority Clause Mod: Faster Pokémon switch first
|rule|Species Clause: Limit one of each Pokémon
|rule|OHKO Clause: OHKO moves are banned
|rule|Evasion Items Clause: Evasion items are banned
|rule|Evasion Moves Clause: Evasion moves are banned
|rule|Endless Battle Clause: Forcing endless battles is banned
|rule|HP Percentage Mod: HP is shown in percentages
|rule|One Boost Passer Clause: Limit one Baton Passer that has a way to boost its stats
|rule|Freeze Clause Mod: Limit one foe frozen
|
|t:|1728061970
|start
|switch|p1a: Skarmory|Skarmory, F|100/100
|switch|p2a: Reggie|Heracross, M|100/100
|turn|1
|c|☆BeVreeze|have fun
|c|☆guebor|gg hf
|
|t:|1728061980
|-singleturn|p2a: Reggie|move: Focus Punch
|move|p1a: Skarmory|Spikes|p2a: Reggie
|-sidestart|p2: guebor|Spikes
|move|p2a: Reggie|Focus Punch|p1a: Skarmory
|-damage|p1a: Skarmory|12/100
|
|-heal|p1a: Skarmory|18/100|[from] item: Leftovers
|upkeep
|turn|2
|
|t:|1728061990
|-singleturn|p2a: Reggie|move: Focus Punch
|move|p1a: Skarmory|Protect|p1a: Skarmory
|-singleturn|p1a: Skarmory|Protect
|move|p2a: Reggie|Focus Punch|p1a: Skarmory
|-activate|p1a: Skarmory|Protect
|
|-heal|p1a: Skarmory|24/100|[from] item: Leftovers
|upkeep
|turn|3
|
|t:|1728061998
|-singleturn|p2a: Reggie|move: Focus Punch
|switch|p1a: Gengar|Gengar, F|100/100
|move|p2a: Reggie|Focus Punch|p1a: Gengar
|-immune|p1a: Gengar
|
|upkeep
|turn|4
|
|t:|1728062006
|switch|p2a: James|Claydol|100/100
|move|p1a: Gengar|Thunderbolt|p2a: James
|-immune|p2a: James
|
|upkeep
|turn|5
|
|t:|1728062014
|move|p1a: Gengar|Ice Punch|p2a: James
|-supereffective|p2a: James
|-damage|p2a: James|63/100
|move|p2a: James|Psychic|p1a: Gengar
|-supereffective|p1a: Gengar
|-damage|p1a: Gengar|49/100
|
|-heal|p1a: Gengar|55/100|[from] item: Leftovers
|-heal|p2a: James|70/100|[from] item: Leftovers
|upkeep
|turn|6
|
|t:|1728062023
|move|p1a: Gengar|Ice Punch|p2a: James
|-supereffective|p2a: James
|-damage|p2a: James|32/100
|move|p2a: James|Psychic|p1a: Gengar
|-supereffective|p1a: Gengar
|-damage|p1a: Gengar|0 fnt
|faint|p1a: Gengar
|
|t:|1728062040
|switch|p1a: Starmie|Starmie|100/100
|
|-heal|p2a: James|39/100|[from] item: Leftovers
|upkeep
|turn|7
|
|t:|1728062058
|switch|p2a: Derek|Celebi|100/100
|-damage|p2a: Derek|88/100|[from] Spikes
|move|p1a: Starmie|Ice Beam|p2a: Derek
|-supereffective|p2a: Derek
|-damage|p2a: Derek|50/100
|
|-heal|p2a: Derek|56/100|[from] item: Leftovers
|upkeep
|turn|8
|
|t:|1728062067
|move|p1a: Starmie|Ice Beam|p2a: Derek
|-supereffective|p2a: Derek
|-damage|p2a: Derek|20/100
|move|p2a: Derek|Leech Seed|p1a: Starmie
|-start|p1a: Starmie|move: Leech Seed
|
|-damage|p1a: Starmie|88/100|[from] Leech Seed|[of] p2a: Derek
|-heal|p2a: Derek|28/100|[silent]
|-heal|p2a: Derek|34/100|[from] item: Leftovers
|upkeep
|turn|9
|
|t:|1728062078
|switch|p2a: Dominique|Milotic, F|100/100
|-damage|p2a: Dominique|88/100|[from] Spikes
|move|p1a: Starmie|Ice Beam|p2a: Dominique
|-resisted|p2a: Dominique
|-damage|p2a: Dominique|78/100
|
|-heal|p1a: Starmie|94/100|[from] item: Leftovers
|-damage|p1a: Starmie|82/100|[from] Leech Seed|[of] p2a: Dominique
|-heal|p2a: Dominique|86/100|[silent]
|-heal|p2a: Dominique|92/100|[from] item: Leftovers
|upkeep
|turn|10
|
|t:|1728062090
|switch|p1a: Blissey|Blissey, F, shiny|100/100
|move|p2a: Dominique|Hypnosis|p1a: Blissey
|-status|p1a: Blissey|slp|[from] move: Hypnosis
|
|-heal|p2a: Dominique|98/100|[from] item: Leftovers
|upkeep
|turn|11
|c|☆BeVreeze|You really like the low accuracy sleep moves, huh?
|c|☆guebor|it's a mixup
|c|☆guebor|Gambler to the core
|
|t:|1728062119
|switch|p2a: James|Claydol|39/100
|-curestatus|p1a: Blissey|slp|[from] ability: Natural Cure
|switch|p1a: Starmie|Starmie|82/100
|
|-heal|p1a: Starmie|88/100|[from] item: Leftovers
|-heal|p2a: James|45/100|[from] item: Leftovers
|upkeep
|turn|12
|
|t:|1728062129
|switch|p2a: Dominique|Milotic, F|98/100
|-damage|p2a: Dominique|86/100|[from] Spikes
|move|p1a: Starmie|Ice Beam|p2a: Dominique
|-resisted|p2a: Dominique
|-damage|p2a: Dominique|76/100
|
|-heal|p1a: Starmie|94/100|[from] item: Leftovers
|-heal|p2a: Dominique|82/100|[from] item: Leftovers
|upkeep
|turn|13
|c|☆BeVreeze|haha
|
|t:|1728062142
|move|p1a: Starmie|Thunderbolt|p2a: Dominique
|-supereffective|p2a: Dominique
|-damage|p2a: Dominique|46/100
|move|p2a: Dominique|Surf|p1a: Starmie
|-resisted|p1a: Starmie
|-damage|p1a: Starmie|71/100
|
|-heal|p1a: Starmie|77/100|[from] item: Leftovers
|-heal|p2a: Dominique|52/100|[from] item: Leftovers
|upkeep
|turn|14
|
|t:|1728062150
|move|p1a: Starmie|Thunderbolt|p2a: Dominique
|-supereffective|p2a: Dominique
|-damage|p2a: Dominique|10/100
|move|p2a: Dominique|Recover|p2a: Dominique
|-heal|p2a: Dominique|60/100
|
|-heal|p1a: Starmie|83/100|[from] item: Leftovers
|-heal|p2a: Dominique|66/100|[from] item: Leftovers
|upkeep
|turn|15
|
|t:|1728062161
|switch|p2a: Elroy|Porygon2|100/100
|-damage|p2a: Elroy|88/100|[from] Spikes
|-ability|p2a: Elroy|Natural Cure|[from] ability: Trace|[of] p1a: Starmie
|move|p1a: Starmie|Thunderbolt|p2a: Elroy
|-damage|p2a: Elroy|65/100
|-status|p2a: Elroy|par
|
|-heal|p1a: Starmie|89/100|[from] item: Leftovers
|-heal|p2a: Elroy|71/100 par|[from] item: Leftovers
|upkeep
|turn|16
|inactive|BeVreeze has 270 seconds left.
|
|t:|1728062205
|switch|p1a: Blissey|Blissey, F, shiny|100/100
|move|p2a: Elroy|Thunder Wave|p1a: Blissey
|-status|p1a: Blissey|par
|
|-heal|p2a: Elroy|78/100 par|[from] item: Leftovers
|upkeep
|turn|17
|
|t:|1728062220
|-curestatus|p2a: Elroy|par|[from] ability: Natural Cure
|switch|p2a: Palmer|Hariyama, M|100/100
|-damage|p2a: Palmer|88/100|[from] Spikes
|move|p1a: Blissey|Fire Blast|p2a: Palmer
|-damage|p2a: Palmer|48/100
|
|-heal|p2a: Palmer|54/100|[from] item: Leftovers
|upkeep
|turn|18
|inactive|BeVreeze has 270 seconds left.
|
|t:|1728062232
|-singleturn|p2a: Palmer|move: Focus Punch
|-curestatus|p1a: Blissey|par|[from] ability: Natural Cure
|switch|p1a: Starmie|Starmie|89/100
|move|p2a: Palmer|Focus Punch|p1a: Starmie
|-resisted|p1a: Starmie
|-damage|p1a: Starmie|26/100
|
|-heal|p1a: Starmie|32/100|[from] item: Leftovers
|-heal|p2a: Palmer|60/100|[from] item: Leftovers
|upkeep
|turn|19
|
|t:|1728062242
|move|p1a: Starmie|Hydro Pump|p2a: Palmer
|-damage|p2a: Palmer|1/100
|move|p2a: Palmer|Hidden Power|p1a: Starmie
|-supereffective|p1a: Starmie
|-damage|p1a: Starmie|0 fnt
|faint|p1a: Starmie
|c|☆guebor|jesus
|c|☆guebor|man
|inactive|BeVreeze has 270 seconds left.
|
|t:|1728062262
|switch|p1a: Swampert|Swampert, F|100/100
|
|-heal|p2a: Palmer|7/100|[from] item: Leftovers
|upkeep
|turn|20
|
|t:|1728062268
|move|p1a: Swampert|Ice Beam|p2a: Palmer
|-damage|p2a: Palmer|0 fnt
|faint|p2a: Palmer
|c|☆BeVreeze|I think that's gg
|
|t:|1728062283
|switch|p2a: Derek|Celebi|34/100
|-damage|p2a: Derek|22/100|[from] Spikes
|
|-heal|p2a: Derek|28/100|[from] item: Leftovers
|upkeep
|turn|21
|
|t:|1728062301
|move|p2a: Derek|Recover|p2a: Derek
|-heal|p2a: Derek|78/100
|move|p1a: Swampert|Ice Beam|p2a: Derek
|-supereffective|p2a: Derek
|-damage|p2a: Derek|51/100
|
|-heal|p2a: Derek|57/100|[from] item: Leftovers
|upkeep
|turn|22
|
|t:|1728062313
|switch|p1a: Skarmory|Skarmory, F|24/100
|move|p2a: Derek|Leech Seed|p1a: Skarmory
|-start|p1a: Skarmory|move: Leech Seed
|
|-heal|p2a: Derek|63/100|[from] item: Leftovers
|-heal|p1a: Skarmory|30/100|[from] item: Leftovers
|-damage|p1a: Skarmory|18/100|[from] Leech Seed|[of] p2a: Derek
|-heal|p2a: Derek|73/100|[silent]
|upkeep
|turn|23
|
|t:|1728062324
|move|p2a: Derek|Psychic|p1a: Skarmory
|-resisted|p1a: Skarmory
|-damage|p1a: Skarmory|5/100
|move|p1a: Skarmory|Spikes|p2a: Derek
|-sidestart|p2: guebor|Spikes
|
|-heal|p2a: Derek|80/100|[from] item: Leftovers
|-heal|p1a: Skarmory|11/100|[from] item: Leftovers
|-damage|p1a: Skarmory|0 fnt|[from] Leech Seed|[of] p2a: Derek
|-heal|p2a: Derek|88/100|[silent]
|faint|p1a: Skarmory
|upkeep
|
|t:|1728062328
|switch|p1a: Tyranitar|Tyranitar, F|100/100
|-weather|Sandstorm|[from] ability: Sand Stream|[of] p1a: Tyranitar
|turn|24
|
|t:|1728062346
|switch|p2a: Elroy|Porygon2|78/100
|-damage|p2a: Elroy|61/100|[from] Spikes
|-ability|p2a: Elroy|Sand Stream|[from] ability: Trace|[of] p1a: Tyranitar
|move|p1a: Tyranitar|Hidden Power|p2a: Elroy
|-damage|p2a: Elroy|40/100
|
|-weather|Sandstorm|[upkeep]
|-damage|p2a: Elroy|34/100|[from] Sandstorm
|-heal|p2a: Elroy|40/100|[from] item: Leftovers
|upkeep
|turn|25
|
|t:|1728062357
|move|p1a: Tyranitar|Rock Slide|p2a: Elroy
|-damage|p2a: Elroy|7/100
|cant|p2a: Elroy|flinch
|
|-weather|Sandstorm|[upkeep]
|-damage|p2a: Elroy|1/100|[from] Sandstorm
|-heal|p2a: Elroy|7/100|[from] item: Leftovers
|upkeep
|turn|26
|
|t:|1728062365
|move|p1a: Tyranitar|Hidden Power|p2a: Elroy
|-damage|p2a: Elroy|0 fnt
|faint|p2a: Elroy
|
|t:|1728062370
|switch|p2a: Dominique|Milotic, F|66/100
|-damage|p2a: Dominique|49/100|[from] Spikes
|
|-weather|Sandstorm|[upkeep]
|-damage|p2a: Dominique|43/100|[from] Sandstorm
|-heal|p2a: Dominique|49/100|[from] item: Leftovers
|upkeep
|turn|27
|
|t:|1728062377
|switch|p1a: Blissey|Blissey, F, shiny|100/100
|move|p2a: Dominique|Recover|p2a: Dominique
|-heal|p2a: Dominique|99/100
|
|-weather|Sandstorm|[upkeep]
|-damage|p2a: Dominique|93/100|[from] Sandstorm
|-damage|p1a: Blissey|94/100|[from] Sandstorm
|-heal|p2a: Dominique|99/100|[from] item: Leftovers
|-heal|p1a: Blissey|100/100|[from] item: Leftovers
|upkeep
|turn|28
|
|t:|1728062388
|switch|p2a: James|Claydol|45/100
|move|p1a: Blissey|Toxic|p2a: James|[miss]
|-miss|p1a: Blissey|p2a: James
|
|-weather|Sandstorm|[upkeep]
|-damage|p1a: Blissey|94/100|[from] Sandstorm
|-heal|p2a: James|51/100|[from] item: Leftovers
|-heal|p1a: Blissey|100/100|[from] item: Leftovers
|upkeep
|turn|29
|
|t:|1728062398
|move|p2a: James|Rapid Spin|p1a: Blissey
|-damage|p1a: Blissey|97/100
|-sideend|p2: guebor|Spikes|[from] move: Rapid Spin|[of] p2a: James
|move|p1a: Blissey|Ice Beam|p2a: James
|-supereffective|p2a: James
|-damage|p2a: James|5/100
|
|-weather|Sandstorm|[upkeep]
|-damage|p1a: Blissey|91/100|[from] Sandstorm
|-heal|p2a: James|11/100|[from] item: Leftovers
|-heal|p1a: Blissey|97/100|[from] item: Leftovers
|upkeep
|turn|30
|
|t:|1728062410
|move|p2a: James|Explosion|p1a: Blissey
|-damage|p1a: Blissey|7/100
|faint|p2a: James
|
|t:|1728062422
|switch|p2a: Reggie|Heracross, M|100/100
|
|-weather|Sandstorm|[upkeep]
|-damage|p2a: Reggie|95/100|[from] Sandstorm
|-damage|p1a: Blissey|1/100|[from] Sandstorm
|-heal|p1a: Blissey|7/100|[from] item: Leftovers
|upkeep
|turn|31
|
|t:|1728062430
|move|p2a: Reggie|Rock Slide|p1a: Blissey|[miss]
|-miss|p2a: Reggie|p1a: Blissey
|move|p1a: Blissey|Fire Blast|p2a: Reggie
|-supereffective|p2a: Reggie
|-damage|p2a: Reggie|18/100
|
|-weather|Sandstorm|[upkeep]
|-damage|p2a: Reggie|12/100|[from] Sandstorm
|-damage|p1a: Blissey|1/100|[from] Sandstorm
|-heal|p1a: Blissey|7/100|[from] item: Leftovers
|upkeep
|turn|32
|
|t:|1728062444
|move|p2a: Reggie|Rock Slide|p1a: Blissey
|-damage|p1a: Blissey|0 fnt
|faint|p1a: Blissey
|
|t:|1728062448
|switch|p1a: Swampert|Swampert, F|100/100
|
|-weather|Sandstorm|[upkeep]
|-damage|p2a: Reggie|6/100|[from] Sandstorm
|upkeep
|turn|33
|
|t:|1728062473
|switch|p2a: Dominique|Milotic, F|99/100
|move|p1a: Swampert|Protect||[still]
|-fail|p1a: Swampert
|
|-weather|Sandstorm|[upkeep]
|-damage|p2a: Dominique|93/100|[from] Sandstorm
|-heal|p2a: Dominique|99/100|[from] item: Leftovers
|upkeep
|turn|34
|
|t:|1728062483
|move|p2a: Dominique|Surf|p1a: Swampert
|-damage|p1a: Swampert|71/100
|move|p1a: Swampert|Earthquake|p2a: Dominique
|-damage|p2a: Dominique|70/100
|
|-weather|Sandstorm|[upkeep]
|-damage|p2a: Dominique|64/100|[from] Sandstorm
|-heal|p2a: Dominique|70/100|[from] item: Leftovers
|-heal|p1a: Swampert|77/100|[from] item: Leftovers
|upkeep
|turn|35
|
|t:|1728062494
|move|p1a: Swampert|Protect|p1a: Swampert
|-singleturn|p1a: Swampert|Protect
|move|p2a: Dominique|Hypnosis|p1a: Swampert|[miss]
|-miss|p2a: Dominique|p1a: Swampert
|
|-weather|Sandstorm|[upkeep]
|-damage|p2a: Dominique|64/100|[from] Sandstorm
|-heal|p2a: Dominique|70/100|[from] item: Leftovers
|-heal|p1a: Swampert|83/100|[from] item: Leftovers
|upkeep
|turn|36
|
|t:|1728062506
|move|p2a: Dominique|Hypnosis|p1a: Swampert
|-status|p1a: Swampert|slp|[from] move: Hypnosis
|cant|p1a: Swampert|slp
|
|-weather|Sandstorm|[upkeep]
|-damage|p2a: Dominique|64/100|[from] Sandstorm
|-heal|p2a: Dominique|70/100|[from] item: Leftovers
|-heal|p1a: Swampert|90/100 slp|[from] item: Leftovers
|upkeep
|turn|37
|
|t:|1728062515
|-curestatus|p1a: Swampert|slp|[msg]
|move|p1a: Swampert|Protect|p1a: Swampert
|-singleturn|p1a: Swampert|Protect
|move|p2a: Dominique|Surf|p1a: Swampert
|-activate|p1a: Swampert|Protect
|
|-weather|Sandstorm|[upkeep]
|-damage|p2a: Dominique|64/100|[from] Sandstorm
|-heal|p2a: Dominique|70/100|[from] item: Leftovers
|-heal|p1a: Swampert|96/100|[from] item: Leftovers
|upkeep
|turn|38
|
|t:|1728062528
|move|p2a: Dominique|Hypnosis|p1a: Swampert
|-status|p1a: Swampert|slp|[from] move: Hypnosis
|cant|p1a: Swampert|slp
|
|-weather|Sandstorm|[upkeep]
|-damage|p2a: Dominique|64/100|[from] Sandstorm
|-heal|p2a: Dominique|70/100|[from] item: Leftovers
|-heal|p1a: Swampert|100/100 slp|[from] item: Leftovers
|upkeep
|turn|39
|
|t:|1728062537
|cant|p1a: Swampert|slp
|move|p2a: Dominique|Surf|p1a: Swampert
|-damage|p1a: Swampert|71/100 slp
|
|-weather|Sandstorm|[upkeep]
|-damage|p2a: Dominique|64/100|[from] Sandstorm
|-heal|p2a: Dominique|70/100|[from] item: Leftovers
|-heal|p1a: Swampert|77/100 slp|[from] item: Leftovers
|upkeep
|turn|40
|
|t:|1728062545
|cant|p1a: Swampert|slp
|move|p2a: Dominique|Surf|p1a: Swampert
|-damage|p1a: Swampert|46/100 slp
|
|-weather|Sandstorm|[upkeep]
|-damage|p2a: Dominique|64/100|[from] Sandstorm
|-heal|p2a: Dominique|70/100|[from] item: Leftovers
|-heal|p1a: Swampert|52/100 slp|[from] item: Leftovers
|upkeep
|turn|41
|
|t:|1728062553
|-curestatus|p1a: Swampert|slp|[msg]
|move|p1a: Swampert|Protect|p1a: Swampert
|-singleturn|p1a: Swampert|Protect
|move|p2a: Dominique|Surf|p1a: Swampert
|-activate|p1a: Swampert|Protect
|
|-weather|Sandstorm|[upkeep]
|-damage|p2a: Dominique|64/100|[from] Sandstorm
|-heal|p2a: Dominique|70/100|[from] item: Leftovers
|-heal|p1a: Swampert|58/100|[from] item: Leftovers
|upkeep
|turn|42
|
|t:|1728062563
|move|p2a: Dominique|Surf|p1a: Swampert
|-damage|p1a: Swampert|28/100
|move|p1a: Swampert|Earthquake|p2a: Dominique
|-damage|p2a: Dominique|42/100
|
|-weather|Sandstorm|[upkeep]
|-damage|p2a: Dominique|36/100|[from] Sandstorm
|-heal|p2a: Dominique|42/100|[from] item: Leftovers
|-heal|p1a: Swampert|35/100|[from] item: Leftovers
|upkeep
|turn|43
|
|t:|1728062572
|move|p2a: Dominique|Recover|p2a: Dominique
|-heal|p2a: Dominique|92/100
|move|p1a: Swampert|Earthquake|p2a: Dominique
|-damage|p2a: Dominique|67/100
|
|-weather|Sandstorm|[upkeep]
|-damage|p2a: Dominique|61/100|[from] Sandstorm
|-heal|p2a: Dominique|67/100|[from] item: Leftovers
|-heal|p1a: Swampert|41/100|[from] item: Leftovers
|upkeep
|turn|44
|
|t:|1728062581
|move|p1a: Swampert|Protect|p1a: Swampert
|-singleturn|p1a: Swampert|Protect
|move|p2a: Dominique|Surf|p1a: Swampert
|-activate|p1a: Swampert|Protect
|
|-weather|Sandstorm|[upkeep]
|-damage|p2a: Dominique|61/100|[from] Sandstorm
|-heal|p2a: Dominique|67/100|[from] item: Leftovers
|-heal|p1a: Swampert|47/100|[from] item: Leftovers
|upkeep
|turn|45
|
|t:|1728062590
|move|p2a: Dominique|Surf|p1a: Swampert
|-damage|p1a: Swampert|20/100
|move|p1a: Swampert|Earthquake|p2a: Dominique
|-damage|p2a: Dominique|40/100
|
|-weather|Sandstorm|[upkeep]
|-damage|p2a: Dominique|34/100|[from] Sandstorm
|-heal|p2a: Dominique|40/100|[from] item: Leftovers
|-heal|p1a: Swampert|26/100|[from] item: Leftovers
|upkeep
|turn|46
|
|t:|1728062599
|switch|p1a: Tyranitar|Tyranitar, F|100/100
|move|p2a: Dominique|Surf|p1a: Tyranitar
|-supereffective|p1a: Tyranitar
|-damage|p1a: Tyranitar|45/100
|
|-weather|Sandstorm|[upkeep]
|-damage|p2a: Dominique|34/100|[from] Sandstorm
|-heal|p2a: Dominique|40/100|[from] item: Leftovers
|-heal|p1a: Tyranitar|51/100|[from] item: Leftovers
|upkeep
|turn|47
|
|t:|1728062607
|move|p2a: Dominique|Recover|p2a: Dominique
|-heal|p2a: Dominique|90/100
|move|p1a: Tyranitar|Rock Slide|p2a: Dominique
|-damage|p2a: Dominique|58/100
|
|-weather|Sandstorm|[upkeep]
|-damage|p2a: Dominique|52/100|[from] Sandstorm
|-heal|p2a: Dominique|58/100|[from] item: Leftovers
|-heal|p1a: Tyranitar|57/100|[from] item: Leftovers
|upkeep
|turn|48
|
|t:|1728062616
|move|p2a: Dominique|Surf|p1a: Tyranitar
|-supereffective|p1a: Tyranitar
|-damage|p1a: Tyranitar|3/100
|move|p1a: Tyranitar|Rock Slide|p2a: Dominique
|-damage|p2a: Dominique|27/100
|
|-weather|Sandstorm|[upkeep]
|-damage|p2a: Dominique|21/100|[from] Sandstorm
|-heal|p2a: Dominique|27/100|[from] item: Leftovers
|-heal|p1a: Tyranitar|9/100|[from] item: Leftovers
|upkeep
|turn|49
|
|t:|1728062626
|move|p2a: Dominique|Recover|p2a: Dominique
|-heal|p2a: Dominique|77/100
|move|p1a: Tyranitar|Rock Slide|p2a: Dominique
|-damage|p2a: Dominique|47/100
|
|-weather|Sandstorm|[upkeep]
|-damage|p2a: Dominique|40/100|[from] Sandstorm
|-heal|p2a: Dominique|47/100|[from] item: Leftovers
|-heal|p1a: Tyranitar|15/100|[from] item: Leftovers
|upkeep
|turn|50
|
|t:|1728062636
|-singleturn|p1a: Tyranitar|move: Focus Punch
|move|p2a: Dominique|Recover|p2a: Dominique
|-heal|p2a: Dominique|96/100
|move|p1a: Tyranitar|Focus Punch|p2a: Dominique
|-damage|p2a: Dominique|54/100
|
|-weather|Sandstorm|[upkeep]
|-damage|p2a: Dominique|48/100|[from] Sandstorm
|-heal|p2a: Dominique|54/100|[from] item: Leftovers
|-heal|p1a: Tyranitar|22/100|[from] item: Leftovers
|upkeep
|turn|51
|
|t:|1728062646
|move|p2a: Dominique|Surf|p1a: Tyranitar
|-supereffective|p1a: Tyranitar
|-damage|p1a: Tyranitar|0 fnt
|faint|p1a: Tyranitar
|
|t:|1728062648
|switch|p1a: Swampert|Swampert, F|26/100
|
|-weather|Sandstorm|[upkeep]
|-damage|p2a: Dominique|48/100|[from] Sandstorm
|-heal|p2a: Dominique|54/100|[from] item: Leftovers
|-heal|p1a: Swampert|32/100|[from] item: Leftovers
|upkeep
|turn|52
|
|t:|1728062655
|move|p1a: Swampert|Protect|p1a: Swampert
|-singleturn|p1a: Swampert|Protect
|move|p2a: Dominique|Surf|p1a: Swampert
|-activate|p1a: Swampert|Protect
|
|-weather|Sandstorm|[upkeep]
|-damage|p2a: Dominique|48/100|[from] Sandstorm
|-heal|p2a: Dominique|54/100|[from] item: Leftovers
|-heal|p1a: Swampert|38/100|[from] item: Leftovers
|upkeep
|turn|53
|
|t:|1728062664
|move|p2a: Dominique|Surf|p1a: Swampert
|-damage|p1a: Swampert|10/100
|move|p1a: Swampert|Earthquake|p2a: Dominique
|-damage|p2a: Dominique|26/100
|
|-weather|Sandstorm|[upkeep]
|-damage|p2a: Dominique|20/100|[from] Sandstorm
|-heal|p2a: Dominique|26/100|[from] item: Leftovers
|-heal|p1a: Swampert|17/100|[from] item: Leftovers
|upkeep
|turn|54
|c|☆BeVreeze|gg
|c|☆guebor|Yeah GGs, I did kinda hax out the wahoo
|
|t:|1728062675
|move|p2a: Dominique|Surf|p1a: Swampert
|-damage|p1a: Swampert|0 fnt
|faint|p1a: Swampert
|
|win|guebor
|c|☆BeVreeze|that's pokemon
|c|☆guebor|Very well played though
|c|☆BeVreeze|Not really xD

</script>
<script type="application/json" class="data" id="replaydata-smogtours-gen3ou-794596">
{"id":"smogtours-gen3ou-794596","format":"[Gen 3] OU","players":["BeVreeze","guebor"],"uploadtime":1728062675,"views":99,"formatid":"gen3ou","rating":null,"private":0,"password":null}
</script>

<script defer src="js/replays.js?9d40a366"></script>
