<!DOCTYPE html>
<meta charset="utf-8" />
<meta name="viewport" content="width=device-width" />

<title>[Gen 3] OU: Ghostfall22 vs. pkLeech - Replays - Pok&eacute;mon Showdown!</title>

<meta name="description" content="Watch a replay of a Pok&eacute;mon battle between Ghostfall22 and pkLeech! Format: [Gen 3] OU; Date: Oct 25, 2024" />
<!--

Hey, you! Looking in the source for the replay log?

You can find them in JSON format, just add `.json` at the end of a replay URL.

https://replay.pokemonshowdown.com/gen7randomdoublesbattle-865046831.json

Or, if you only need the log itself, add `.log` instead:

https://replay.pokemonshowdown.com/gen7randomdoublesbattle-865046831.log

-->

<link rel="stylesheet" href="//pokemonshowdown.com/style/global.css?0.023195364461161105" />
<link rel="stylesheet" href="//play.pokemonshowdown.com/style/font-awesome.css?0.13261647063804238" />
<link rel="stylesheet" href="//play.pokemonshowdown.com/style/battle.css?0.8753245789963631" />
<link rel="stylesheet" href="//play.pokemonshowdown.com/style/utilichart.css?0.8627959624976733" />

<!-- Global site tag (gtag.js) - Google Analytics -->
<script async src="https://www.googletagmanager.com/gtag/js?id=UA-26211653-1"></script>
<script>
  window.dataLayer = window.dataLayer || [];
  function gtag(){dataLayer.push(arguments);}
  gtag('js', new Date());

  gtag('config', 'UA-26211653-1');
</script>
<!-- End Google Analytics -->
<!-- Venatus Ad Manager - Install in <HEAD> of page -->
	<script src="https://hb.vntsm.com/v3/live/ad-manager.min.js" type="text/javascript" data-site-id="642aba63ec9a7b11c3c9c1be" data-mode="scan" async></script>
<!-- / Venatus Ad Manager -->

<style>
	@media (max-width:820px) {
		.battle {
			margin: 0 auto;
		}
		.battle-log {
			margin: 7px auto 0;
			max-width: 640px;
			height: 300px;
			position: static;
		}
	}
	.optgroup {
		display: inline-block;
		line-height: 22px;
		font-size: 10pt;
	}
	.optgroup .button {
		height: 25px;
		padding-top: 0;
		padding-bottom: 0;
	}
	.optgroup button.button {
		padding-left: 12px;
		padding-right: 12px;
	}
	.linklist {
		list-style: none;
		margin: 0.5em 0;
		padding: 0;
	}
	.linklist li {
		padding: 2px 0;
	}
	.sidebar {
		float: left;
		width: 320px;
	}
	.bar-wrapper {
		max-width: 1100px;
		margin: 0 auto;
	}
	.bar-wrapper.has-sidebar {
		max-width: 1430px;
	}
	.mainbar {
		margin: 0;
		padding-right: 1px;
	}
	.mainbar.has-sidebar {
		margin-left: 330px;
	}
	@media (min-width: 1511px) {
		.sidebar {
			width: 400px;
		}
		.bar-wrapper.has-sidebar {
			max-width: 1510px;
		}
		.mainbar.has-sidebar {
			margin-left: 410px;
		}
	}
	.section.first-section {
		margin-top: 9px;
	}
	.blocklink small {
		white-space: normal;
	}
	.button {
		vertical-align: middle;
	}
	.replay-controls {
		padding-top: 10px;
	}
	.replay-controls h1 {
		font-size: 16pt;
		font-weight: normal;
		color: #CCC;
	}
	.pagelink {
		text-align: center;
	}
	.pagelink a {
		width: 150px;
	}
	.textbox, .button {
		font-size: 11pt;
		vertical-align: middle;
	}
	@media (max-width: 450px) {
		.button {
			font-size: 9pt;
		}
	}
</style>

<div>

	<header>
		<div class="nav-wrapper"><ul class="nav">
			<li><a class="button nav-first" href="//pokemonshowdown.com/"><img src="//pokemonshowdown.com/images/pokemonshowdownbeta.png" srcset="//pokemonshowdown.com/images/pokemonshowdownbeta.png 1x, //pokemonshowdown.com/images/pokemonshowdownbeta@2x.png 2x" alt="Pok&eacute;mon Showdown" width="146" height="44" /> Home</a></li>
			<li><a class="button" href="//pokemonshowdown.com/dex/">Pok&eacute;dex</a></li>
			<li><a class="button cur" href="/">Replays</a></li>
			<li><a class="button" href="//pokemonshowdown.com/ladder/">Ladder</a></li>
			<li><a class="button nav-last" href="//pokemonshowdown.com/forums/">Forum</a></li>
			<li><a class="button greenbutton nav-first nav-last" href="//play.pokemonshowdown.com/">Play</a></li>
		</ul></div>
	</header>

	<div class="main" id="main">

		<noscript><section class="section">You need to enable JavaScript to use this page; sorry!</section></noscript>

	</div>

</div>

<script defer nomodule src="//play.pokemonshowdown.com/js/lib/ps-polyfill.js"></script>
<script defer src="//play.pokemonshowdown.com/js/lib/preact.min.js"></script>

<script defer src="//play.pokemonshowdown.com/config/config.js?2bddbc15"></script>
<script defer src="//play.pokemonshowdown.com/js/lib/jquery-1.11.0.min.js"></script>
<script defer src="//play.pokemonshowdown.com/js/lib/html-sanitizer-minified.js"></script>
<script defer src="//play.pokemonshowdown.com/js/battle-sound.js"></script>
<script defer src="//play.pokemonshowdown.com/js/battledata.js?0.7209276989879541"></script>
<script defer src="//play.pokemonshowdown.com/data/pokedex-mini.js?0.6111056340867951"></script>
<script defer src="//play.pokemonshowdown.com/data/pokedex-mini-bw.js?0.3532142036491459"></script>
<script defer src="//play.pokemonshowdown.com/data/graphics.js?0.24223875632456182"></script>
<script defer src="//play.pokemonshowdown.com/data/pokedex.js?0.38839984266356864"></script>
<script defer src="//play.pokemonshowdown.com/data/moves.js?0.21866028504024015"></script>
<script defer src="//play.pokemonshowdown.com/data/abilities.js?0.2005157953846628"></script>
<script defer src="//play.pokemonshowdown.com/data/items.js?0.9894211263848525"></script>
<script defer src="//play.pokemonshowdown.com/data/teambuilder-tables.js?0.6008791140282215"></script>
<script defer src="//play.pokemonshowdown.com/js/battle-tooltips.js?0.7580118955022959"></script>
<script defer src="//play.pokemonshowdown.com/js/battle.js?0.6057722274234274"></script>

<script defer src="js/utils.js?e31f9a17"></script>
<script defer src="js/replays-battle.js?7008c182"></script>

<!-- don't scrape this data! just add .json or .log after the URL!
Full API docs: https://github.com/smogon/pokemon-showdown-client/blob/master/WEB-API.md -->
<script type="text/plain" class="log" id="replaylog-smogtours-gen3ou-801954">
|inactive|Battle timer is ON: inactive players will automatically lose when time's up.
|t:|1729894203
|gametype|singles
|player|p1|Ghostfall22|lady-gen4|
|player|p2|pkLeech|pokemonbreeder-gen4|
|teamsize|p1|6
|teamsize|p2|6
|gen|3
|tier|[Gen 3] OU
|rule|Sleep Clause Mod: Limit one foe put to sleep
|rule|Switch Priority Clause Mod: Faster Pokémon switch first
|rule|Species Clause: Limit one of each Pokémon
|rule|OHKO Clause: OHKO moves are banned
|rule|Evasion Items Clause: Evasion items are banned
|rule|Evasion Moves Clause: Evasion moves are banned
|rule|Endless Battle Clause: Forcing endless battles is banned
|rule|HP Percentage Mod: HP is shown in percentages
|rule|One Boost Passer Clause: Limit one Baton Passer that has a way to boost its stats
|rule|Freeze Clause Mod: Limit one foe frozen
|
|t:|1729894203
|start
|switch|p1a: Tyranitar|Tyranitar, F|100/100
|switch|p2a: Tyranitar|Tyranitar, M|100/100
|-weather|Sandstorm|[from] ability: Sand Stream|[of] p1a: Tyranitar
|turn|1
|c|☆Ghostfall22|hf
|c|☆pkLeech|hf
|inactive|pkLeech has 270 seconds left.
|
|t:|1729894239
|switch|p1a: Skarmory|Skarmory, F|100/100
|switch|p2a: Forretress|Forretress, F|100/100
|
|-weather|Sandstorm|[upkeep]
|upkeep
|turn|2
|
|t:|1729894245
|move|p1a: Skarmory|Taunt|p2a: Forretress
|-start|p2a: Forretress|move: Taunt
|cant|p2a: Forretress|move: Taunt|Spikes
|
|-weather|Sandstorm|[upkeep]
|upkeep
|turn|3
|
|t:|1729894253
|move|p2a: Forretress|Rapid Spin|p1a: Skarmory
|-resisted|p1a: Skarmory
|-damage|p1a: Skarmory|99/100
|move|p1a: Skarmory|Roar|p2a: Forretress
|drag|p2a: Blissey|Blissey, F|100/100
|
|-weather|Sandstorm|[upkeep]
|-damage|p2a: Blissey|94/100|[from] Sandstorm
|-heal|p1a: Skarmory|100/100|[from] item: Leftovers
|-heal|p2a: Blissey|100/100|[from] item: Leftovers
|upkeep
|turn|4
|
|t:|1729894273
|move|p1a: Skarmory|Spikes|p2a: Blissey
|-sidestart|p2: pkLeech|Spikes
|move|p2a: Blissey|Thunderbolt|p1a: Skarmory
|-supereffective|p1a: Skarmory
|-damage|p1a: Skarmory|52/100
|
|-weather|Sandstorm|[upkeep]
|-damage|p2a: Blissey|94/100|[from] Sandstorm
|-heal|p1a: Skarmory|58/100|[from] item: Leftovers
|-heal|p2a: Blissey|100/100|[from] item: Leftovers
|upkeep
|turn|5
|inactive|pkLeech has 270 seconds left.
|inactive|pkLeech has 240 seconds left.
|
|t:|1729894326
|switch|p1a: Celebi|Celebi|100/100
|move|p2a: Blissey|Thunderbolt|p1a: Celebi
|-resisted|p1a: Celebi
|-damage|p1a: Celebi|89/100
|
|-weather|Sandstorm|[upkeep]
|-damage|p1a: Celebi|83/100|[from] Sandstorm
|-damage|p2a: Blissey|94/100|[from] Sandstorm
|-heal|p1a: Celebi|89/100|[from] item: Leftovers
|-heal|p2a: Blissey|100/100|[from] item: Leftovers
|upkeep
|turn|6
|
|t:|1729894333
|move|p1a: Celebi|Leech Seed|p2a: Blissey
|-start|p2a: Blissey|move: Leech Seed
|move|p2a: Blissey|Ice Beam|p1a: Celebi
|-supereffective|p1a: Celebi
|-damage|p1a: Celebi|40/100
|
|-weather|Sandstorm|[upkeep]
|-damage|p1a: Celebi|33/100|[from] Sandstorm
|-damage|p2a: Blissey|94/100|[from] Sandstorm
|-heal|p1a: Celebi|40/100|[from] item: Leftovers
|-heal|p2a: Blissey|100/100|[from] item: Leftovers
|-damage|p2a: Blissey|88/100|[from] Leech Seed|[of] p1a: Celebi
|-heal|p1a: Celebi|62/100|[silent]
|upkeep
|turn|7
|inactive|pkLeech has 240 seconds left.
|inactive|Ghostfall22 has 270 seconds left.
|
|t:|1729894363
|switch|p2a: Jirachi|Jirachi|100/100
|-damage|p2a: Jirachi|88/100|[from] Spikes
|move|p1a: Celebi|Psychic|p2a: Jirachi
|-resisted|p2a: Jirachi
|-damage|p2a: Jirachi|81/100
|
|-weather|Sandstorm|[upkeep]
|-damage|p1a: Celebi|56/100|[from] Sandstorm
|-heal|p1a: Celebi|62/100|[from] item: Leftovers
|-heal|p2a: Jirachi|87/100|[from] item: Leftovers
|upkeep
|turn|8
|inactive|pkLeech has 240 seconds left.
|inactive|Ghostfall22 has 270 seconds left.
|
|t:|1729894402
|switch|p1a: Tyranitar|Tyranitar, F|100/100
|move|p2a: Jirachi|Fire Punch|p1a: Tyranitar
|-resisted|p1a: Tyranitar
|-damage|p1a: Tyranitar|93/100
|
|-weather|Sandstorm|[upkeep]
|-heal|p2a: Jirachi|93/100|[from] item: Leftovers
|-heal|p1a: Tyranitar|99/100|[from] item: Leftovers
|upkeep
|turn|9
|
|t:|1729894412
|move|p2a: Jirachi|Toxic|p1a: Tyranitar
|-status|p1a: Tyranitar|tox
|move|p1a: Tyranitar|Earthquake|p2a: Jirachi
|-supereffective|p2a: Jirachi
|-damage|p2a: Jirachi|42/100
|
|-weather|Sandstorm|[upkeep]
|-heal|p2a: Jirachi|48/100|[from] item: Leftovers
|-heal|p1a: Tyranitar|100/100 tox|[from] item: Leftovers
|-damage|p1a: Tyranitar|94/100 tox|[from] psn
|upkeep
|turn|10
|inactive|pkLeech has 210 seconds left.
|inactive|pkLeech has 180 seconds left.
|
|t:|1729894478
|switch|p2a: Forretress|Forretress, F|100/100
|-damage|p2a: Forretress|88/100|[from] Spikes
|move|p1a: Tyranitar|Earthquake|p2a: Forretress
|-damage|p2a: Forretress|59/100
|
|-weather|Sandstorm|[upkeep]
|-heal|p1a: Tyranitar|100/100 tox|[from] item: Leftovers
|-damage|p1a: Tyranitar|88/100 tox|[from] psn
|-heal|p2a: Forretress|65/100|[from] item: Leftovers
|upkeep
|turn|11
|inactive|Ghostfall22 has 270 seconds left.
|inactive|pkLeech has 150 seconds left.
|
|t:|1729894504
|switch|p1a: Celebi|Celebi|62/100
|move|p2a: Forretress|Rapid Spin|p1a: Celebi
|-damage|p1a: Celebi|58/100
|-sideend|p2: pkLeech|Spikes|[from] move: Rapid Spin|[of] p2a: Forretress
|
|-weather|Sandstorm|[upkeep]
|-damage|p1a: Celebi|52/100|[from] Sandstorm
|-heal|p1a: Celebi|58/100|[from] item: Leftovers
|-heal|p2a: Forretress|71/100|[from] item: Leftovers
|upkeep
|turn|12
|inactive|Ghostfall22 has 270 seconds left.
|
|t:|1729894516
|switch|p2a: Tyranitar|Tyranitar, M|100/100
|move|p1a: Celebi|Hidden Power|p2a: Tyranitar
|-resisted|p2a: Tyranitar
|-damage|p2a: Tyranitar|93/100
|
|-weather|Sandstorm|[upkeep]
|-damage|p1a: Celebi|52/100|[from] Sandstorm
|-heal|p1a: Celebi|58/100|[from] item: Leftovers
|-heal|p2a: Tyranitar|99/100|[from] item: Leftovers
|upkeep
|turn|13
|inactive|Ghostfall22 has 270 seconds left.
|inactive|pkLeech has 150 seconds left.
|
|t:|1729894536
|move|p1a: Celebi|Giga Drain|p2a: Tyranitar
|-supereffective|p2a: Tyranitar
|-damage|p2a: Tyranitar|53/100
|-heal|p1a: Celebi|83/100|[from] drain|[of] p2a: Tyranitar
|move|p2a: Tyranitar|Pursuit|p1a: Celebi
|-supereffective|p1a: Celebi
|-damage|p1a: Celebi|49/100
|
|-weather|Sandstorm|[upkeep]
|-damage|p1a: Celebi|43/100|[from] Sandstorm
|-heal|p1a: Celebi|49/100|[from] item: Leftovers
|-heal|p2a: Tyranitar|59/100|[from] item: Leftovers
|upkeep
|turn|14
|inactive|pkLeech has 150 seconds left.
|inactive|Ghostfall22 has 270 seconds left.
|
|t:|1729894549
|move|p1a: Celebi|Giga Drain|p2a: Tyranitar
|-supereffective|p2a: Tyranitar
|-damage|p2a: Tyranitar|18/100
|-heal|p1a: Celebi|71/100|[from] drain|[of] p2a: Tyranitar
|move|p2a: Tyranitar|Crunch|p1a: Celebi
|-supereffective|p1a: Celebi
|-damage|p1a: Celebi|5/100
|
|-weather|Sandstorm|[upkeep]
|-damage|p1a: Celebi|0 fnt|[from] Sandstorm
|faint|p1a: Celebi
|-heal|p2a: Tyranitar|24/100|[from] item: Leftovers
|upkeep
|inactive|Ghostfall22 has 270 seconds left.
|
|t:|1729894569
|switch|p1a: Swampert|Swampert, M|100/100
|turn|15
|inactive|pkLeech has 150 seconds left.
|
|t:|1729894595
|move|p1a: Swampert|Earthquake|p2a: Tyranitar
|-supereffective|p2a: Tyranitar
|-damage|p2a: Tyranitar|0 fnt
|faint|p2a: Tyranitar
|
|t:|1729894614
|switch|p2a: Jirachi|Jirachi|48/100
|
|-weather|Sandstorm|[upkeep]
|-heal|p2a: Jirachi|54/100|[from] item: Leftovers
|upkeep
|turn|16
|
|t:|1729894621
|move|p2a: Jirachi|Toxic|p1a: Swampert
|-status|p1a: Swampert|tox
|move|p1a: Swampert|Earthquake|p2a: Jirachi
|-supereffective|p2a: Jirachi
|-damage|p2a: Jirachi|6/100
|
|-weather|Sandstorm|[upkeep]
|-heal|p2a: Jirachi|12/100|[from] item: Leftovers
|-damage|p1a: Swampert|94/100 tox|[from] psn
|upkeep
|turn|17
|inactive|pkLeech has 120 seconds left.
|inactive|pkLeech has 90 seconds left.
|
|t:|1729894677
|switch|p2a: Swampert|Swampert, F|100/100
|move|p1a: Swampert|Earthquake|p2a: Swampert
|-damage|p2a: Swampert|75/100
|
|-weather|Sandstorm|[upkeep]
|-heal|p1a: Swampert|100/100 tox|[from] item: Leftovers
|-damage|p1a: Swampert|88/100 tox|[from] psn
|-heal|p2a: Swampert|81/100|[from] item: Leftovers
|upkeep
|turn|18
|inactive|pkLeech has 90 seconds left.
|
|t:|1729894697
|switch|p1a: Skarmory|Skarmory, F|58/100
|move|p2a: Swampert|Surf|p1a: Skarmory
|-damage|p1a: Skarmory|31/100
|
|-weather|Sandstorm|[upkeep]
|-heal|p1a: Skarmory|37/100|[from] item: Leftovers
|-heal|p2a: Swampert|87/100|[from] item: Leftovers
|upkeep
|turn|19
|inactive|pkLeech has 90 seconds left.
|inactive|Ghostfall22 has 270 seconds left.
|
|t:|1729894723
|switch|p1a: Gengar|Gengar, F|100/100
|switch|p2a: Jirachi|Jirachi|12/100
|
|-weather|Sandstorm|[upkeep]
|-damage|p1a: Gengar|94/100|[from] Sandstorm
|-heal|p1a: Gengar|100/100|[from] item: Leftovers
|-heal|p2a: Jirachi|19/100|[from] item: Leftovers
|upkeep
|turn|20
|
|t:|1729894728
|move|p2a: Jirachi|Protect|p2a: Jirachi
|-singleturn|p2a: Jirachi|Protect
|move|p1a: Gengar|Fire Punch|p2a: Jirachi
|-activate|p2a: Jirachi|Protect
|
|-weather|Sandstorm|[upkeep]
|-damage|p1a: Gengar|94/100|[from] Sandstorm
|-heal|p1a: Gengar|100/100|[from] item: Leftovers
|-heal|p2a: Jirachi|25/100|[from] item: Leftovers
|upkeep
|turn|21
|inactive|pkLeech has 90 seconds left.
|
|t:|1729894745
|switch|p2a: Blissey|Blissey, F|88/100
|move|p1a: Gengar|Fire Punch|p2a: Blissey
|-damage|p2a: Blissey|77/100
|
|-weather|Sandstorm|[upkeep]
|-damage|p1a: Gengar|94/100|[from] Sandstorm
|-damage|p2a: Blissey|71/100|[from] Sandstorm
|-heal|p1a: Gengar|100/100|[from] item: Leftovers
|-heal|p2a: Blissey|77/100|[from] item: Leftovers
|upkeep
|turn|22
|
|t:|1729894751
|switch|p1a: Tyranitar|Tyranitar, F|88/100 tox
|move|p2a: Blissey|Ice Beam|p1a: Tyranitar
|-damage|p1a: Tyranitar|66/100 tox
|
|-weather|Sandstorm|[upkeep]
|-damage|p2a: Blissey|71/100|[from] Sandstorm
|-heal|p1a: Tyranitar|72/100 tox|[from] item: Leftovers
|-damage|p1a: Tyranitar|66/100 tox|[from] psn
|-heal|p2a: Blissey|77/100|[from] item: Leftovers
|upkeep
|turn|23
|inactive|pkLeech has 90 seconds left.
|
|t:|1729894770
|-singleturn|p1a: Tyranitar|move: Focus Punch
|move|p2a: Blissey|Ice Beam|p1a: Tyranitar
|-damage|p1a: Tyranitar|43/100 tox
|move|p1a: Tyranitar|Focus Punch||[still]
|cant|p1a: Tyranitar|Focus Punch|Focus Punch
|
|-weather|Sandstorm|[upkeep]
|-damage|p2a: Blissey|71/100|[from] Sandstorm
|-heal|p1a: Tyranitar|49/100 tox|[from] item: Leftovers
|-damage|p1a: Tyranitar|37/100 tox|[from] psn
|-heal|p2a: Blissey|77/100|[from] item: Leftovers
|upkeep
|turn|24
|inactive|pkLeech has 90 seconds left.
|
|t:|1729894787
|-singleturn|p1a: Tyranitar|move: Focus Punch
|switch|p2a: Swampert|Swampert, F|87/100
|move|p1a: Tyranitar|Focus Punch|p2a: Swampert
|-damage|p2a: Swampert|46/100
|
|-weather|Sandstorm|[upkeep]
|-heal|p1a: Tyranitar|43/100 tox|[from] item: Leftovers
|-damage|p1a: Tyranitar|25/100 tox|[from] psn
|-heal|p2a: Swampert|52/100|[from] item: Leftovers
|upkeep
|turn|25
|inactive|pkLeech has 90 seconds left.
|
|t:|1729894797
|switch|p1a: Gengar|Gengar, F|100/100
|move|p2a: Swampert|Surf|p1a: Gengar
|-damage|p1a: Gengar|46/100
|
|-weather|Sandstorm|[upkeep]
|-damage|p1a: Gengar|40/100|[from] Sandstorm
|-heal|p1a: Gengar|46/100|[from] item: Leftovers
|-heal|p2a: Swampert|59/100|[from] item: Leftovers
|upkeep
|turn|26
|
|t:|1729894804
|move|p2a: Swampert|Protect|p2a: Swampert
|-singleturn|p2a: Swampert|Protect
|move|p1a: Gengar|Hidden Power|p2a: Swampert
|-activate|p2a: Swampert|Protect
|
|-weather|Sandstorm|[upkeep]
|-damage|p1a: Gengar|40/100|[from] Sandstorm
|-heal|p1a: Gengar|46/100|[from] item: Leftovers
|-heal|p2a: Swampert|65/100|[from] item: Leftovers
|upkeep
|turn|27
|
|t:|1729894811
|switch|p2a: Blissey|Blissey, F|77/100
|move|p1a: Gengar|Hidden Power|p2a: Blissey
|-damage|p2a: Blissey|67/100
|
|-weather|Sandstorm|[upkeep]
|-damage|p1a: Gengar|40/100|[from] Sandstorm
|-damage|p2a: Blissey|61/100|[from] Sandstorm
|-heal|p1a: Gengar|46/100|[from] item: Leftovers
|-heal|p2a: Blissey|67/100|[from] item: Leftovers
|upkeep
|turn|28
|
|t:|1729894825
|move|p1a: Gengar|Explosion|p2a: Blissey
|-damage|p2a: Blissey|0 fnt
|faint|p1a: Gengar
|faint|p2a: Blissey
|inactive|pkLeech has 90 seconds left.
|
|t:|1729894874
|switch|p1a: Tyranitar|Tyranitar, F|25/100 tox
|switch|p2a: Jirachi|Jirachi|25/100
|
|-weather|Sandstorm|[upkeep]
|-heal|p2a: Jirachi|31/100|[from] item: Leftovers
|-heal|p1a: Tyranitar|31/100 tox|[from] item: Leftovers
|-damage|p1a: Tyranitar|25/100 tox|[from] psn
|upkeep
|turn|29
|
|t:|1729894882
|move|p2a: Jirachi|Protect|p2a: Jirachi
|-singleturn|p2a: Jirachi|Protect
|move|p1a: Tyranitar|Earthquake|p2a: Jirachi
|-activate|p2a: Jirachi|Protect
|
|-weather|Sandstorm|[upkeep]
|-heal|p2a: Jirachi|37/100|[from] item: Leftovers
|-heal|p1a: Tyranitar|31/100 tox|[from] item: Leftovers
|-damage|p1a: Tyranitar|18/100 tox|[from] psn
|upkeep
|turn|30
|
|t:|1729894887
|-singleturn|p1a: Tyranitar|move: Focus Punch
|switch|p2a: Salamence|Salamence, F|100/100
|-ability|p2a: Salamence|Intimidate|boost
|-unboost|p1a: Tyranitar|atk|1
|move|p1a: Tyranitar|Focus Punch|p2a: Salamence
|-resisted|p2a: Salamence
|-damage|p2a: Salamence|79/100
|
|-weather|Sandstorm|[upkeep]
|-damage|p2a: Salamence|73/100|[from] Sandstorm
|-heal|p2a: Salamence|79/100|[from] item: Leftovers
|-heal|p1a: Tyranitar|25/100 tox|[from] item: Leftovers
|-damage|p1a: Tyranitar|6/100 tox|[from] psn
|upkeep
|turn|31
|
|t:|1729894895
|move|p2a: Salamence|Dragon Claw|p1a: Tyranitar
|-damage|p1a: Tyranitar|0 fnt
|faint|p1a: Tyranitar
|
|t:|1729894899
|switch|p1a: Aerodactyl|Aerodactyl, F|100/100
|
|-weather|Sandstorm|[upkeep]
|-damage|p2a: Salamence|73/100|[from] Sandstorm
|-heal|p2a: Salamence|79/100|[from] item: Leftovers
|upkeep
|turn|32
|inactive|pkLeech has 90 seconds left.
|
|t:|1729894919
|switch|p2a: Forretress|Forretress, F|71/100
|move|p1a: Aerodactyl|Earthquake|p2a: Forretress
|-damage|p2a: Forretress|39/100
|
|-weather|Sandstorm|[upkeep]
|-heal|p2a: Forretress|45/100|[from] item: Leftovers
|upkeep
|turn|33
|inactive|pkLeech has 90 seconds left.
|
|t:|1729894932
|move|p1a: Aerodactyl|Earthquake|p2a: Forretress
|-damage|p2a: Forretress|14/100
|move|p2a: Forretress|Spikes|p1a: Aerodactyl
|-sidestart|p1: Ghostfall22|Spikes
|
|-weather|Sandstorm|[upkeep]
|-heal|p2a: Forretress|20/100|[from] item: Leftovers
|upkeep
|turn|34
|inactive|pkLeech has 90 seconds left.
|
|t:|1729894939
|switch|p1a: Skarmory|Skarmory, F|37/100
|switch|p2a: Salamence|Salamence, F|79/100
|-ability|p2a: Salamence|Intimidate|boost
|-unboost|p1a: Skarmory|atk|1
|
|-weather|Sandstorm|[upkeep]
|-damage|p2a: Salamence|73/100|[from] Sandstorm
|-heal|p2a: Salamence|79/100|[from] item: Leftovers
|-heal|p1a: Skarmory|43/100|[from] item: Leftovers
|upkeep
|turn|35
|inactive|pkLeech has 90 seconds left.
|inactive|pkLeech has 60 seconds left.
|
|t:|1729894983
|move|p2a: Salamence|Fire Blast|p1a: Skarmory|[miss]
|-miss|p2a: Salamence|p1a: Skarmory
|move|p1a: Skarmory|Spikes|p2a: Salamence
|-sidestart|p2: pkLeech|Spikes
|
|-weather|Sandstorm|[upkeep]
|-damage|p2a: Salamence|73/100|[from] Sandstorm
|-heal|p2a: Salamence|79/100|[from] item: Leftovers
|-heal|p1a: Skarmory|49/100|[from] item: Leftovers
|upkeep
|turn|36
|inactive|pkLeech has 60 seconds left.
|
|t:|1729895008
|switch|p1a: Aerodactyl|Aerodactyl, F|100/100
|move|p2a: Salamence|Fire Blast|p1a: Aerodactyl|[miss]
|-miss|p2a: Salamence|p1a: Aerodactyl
|
|-weather|Sandstorm|[upkeep]
|-damage|p2a: Salamence|73/100|[from] Sandstorm
|-heal|p2a: Salamence|79/100|[from] item: Leftovers
|upkeep
|turn|37
|
|t:|1729895018
|switch|p2a: Forretress|Forretress, F|20/100
|-damage|p2a: Forretress|8/100|[from] Spikes
|move|p1a: Aerodactyl|Rock Slide|p2a: Forretress
|-damage|p2a: Forretress|0 fnt
|faint|p2a: Forretress
|
|t:|1729895033
|switch|p2a: Jirachi|Jirachi|37/100
|-damage|p2a: Jirachi|25/100|[from] Spikes
|
|-weather|Sandstorm|[upkeep]
|-heal|p2a: Jirachi|31/100|[from] item: Leftovers
|upkeep
|turn|38
|
|t:|1729895057
|move|p1a: Aerodactyl|Rock Slide|p2a: Jirachi
|-resisted|p2a: Jirachi
|-damage|p2a: Jirachi|14/100
|move|p2a: Jirachi|Wish|p2a: Jirachi
|
|-weather|Sandstorm|[upkeep]
|-heal|p2a: Jirachi|20/100|[from] item: Leftovers
|upkeep
|turn|39
|inactive|pkLeech has 60 seconds left.
|inactive|Ghostfall22 has 270 seconds left.
|
|t:|1729895080
|switch|p1a: Skarmory|Skarmory, F|49/100
|move|p2a: Jirachi|Fire Punch|p1a: Skarmory
|-supereffective|p1a: Skarmory
|-damage|p1a: Skarmory|18/100
|
|-heal|p2a: Jirachi|70/100|[from] move: Wish|[wisher] Jirachi
|-weather|Sandstorm|[upkeep]
|-heal|p2a: Jirachi|76/100|[from] item: Leftovers
|-heal|p1a: Skarmory|24/100|[from] item: Leftovers
|upkeep
|turn|40
|inactive|Ghostfall22 has 270 seconds left.
|
|t:|1729895102
|move|p2a: Jirachi|Fire Punch|p1a: Skarmory
|-supereffective|p1a: Skarmory
|-crit|p1a: Skarmory
|-damage|p1a: Skarmory|0 fnt
|faint|p1a: Skarmory
|
|t:|1729895105
|switch|p1a: Swampert|Swampert, M|88/100 tox
|-damage|p1a: Swampert|76/100 tox|[from] Spikes
|
|-weather|Sandstorm|[upkeep]
|-heal|p2a: Jirachi|82/100|[from] item: Leftovers
|-heal|p1a: Swampert|82/100 tox|[from] item: Leftovers
|-damage|p1a: Swampert|76/100 tox|[from] psn
|upkeep
|turn|41
|inactive|pkLeech has 60 seconds left.
|
|t:|1729895126
|move|p2a: Jirachi|Wish|p2a: Jirachi
|move|p1a: Swampert|Ice Beam|p2a: Jirachi
|-resisted|p2a: Jirachi
|-damage|p2a: Jirachi|72/100
|
|-weather|Sandstorm|[upkeep]
|-heal|p2a: Jirachi|78/100|[from] item: Leftovers
|-heal|p1a: Swampert|82/100 tox|[from] item: Leftovers
|-damage|p1a: Swampert|70/100 tox|[from] psn
|upkeep
|turn|42
|inactive|Ghostfall22 has 270 seconds left.
|
|t:|1729895143
|move|p2a: Jirachi|Fire Punch|p1a: Swampert
|-resisted|p1a: Swampert
|-damage|p1a: Swampert|60/100 tox
|move|p1a: Swampert|Hydro Pump|p2a: Jirachi|[miss]
|-miss|p1a: Swampert|p2a: Jirachi
|
|-heal|p2a: Jirachi|100/100|[from] move: Wish|[wisher] Jirachi
|-weather|Sandstorm|[upkeep]
|-heal|p1a: Swampert|66/100 tox|[from] item: Leftovers
|-damage|p1a: Swampert|48/100 tox|[from] psn
|upkeep
|turn|43
|inactive|Ghostfall22 has 270 seconds left.
|
|t:|1729895150
|move|p2a: Jirachi|Wish|p2a: Jirachi
|move|p1a: Swampert|Earthquake|p2a: Jirachi
|-supereffective|p2a: Jirachi
|-damage|p2a: Jirachi|53/100
|
|-weather|Sandstorm|[upkeep]
|-heal|p2a: Jirachi|59/100|[from] item: Leftovers
|-heal|p1a: Swampert|54/100 tox|[from] item: Leftovers
|-damage|p1a: Swampert|29/100 tox|[from] psn
|upkeep
|turn|44
|
|t:|1729895157
|move|p2a: Jirachi|Protect|p2a: Jirachi
|-singleturn|p2a: Jirachi|Protect
|move|p1a: Swampert|Hydro Pump|p2a: Jirachi
|-activate|p2a: Jirachi|Protect
|
|-heal|p2a: Jirachi|100/100|[from] move: Wish|[wisher] Jirachi
|-weather|Sandstorm|[upkeep]
|-heal|p1a: Swampert|35/100 tox|[from] item: Leftovers
|-damage|p1a: Swampert|5/100 tox|[from] psn
|upkeep
|turn|45
|inactive|pkLeech has 60 seconds left.
|c|☆Ghostfall22|gg
|
|t:|1729895167
|move|p2a: Jirachi|Fire Punch|p1a: Swampert
|-resisted|p1a: Swampert
|-damage|p1a: Swampert|0 fnt
|faint|p1a: Swampert
|
|t:|1729895169
|switch|p1a: Aerodactyl|Aerodactyl, F|100/100
|
|-weather|Sandstorm|[upkeep]
|upkeep
|turn|46
|c|☆pkLeech|gg
|
|t:|1729895175
|move|p2a: Jirachi|Protect|p2a: Jirachi
|-singleturn|p2a: Jirachi|Protect
|move|p1a: Aerodactyl|Rock Slide|p2a: Jirachi
|-activate|p2a: Jirachi|Protect
|
|-weather|Sandstorm|[upkeep]
|upkeep
|turn|47
|
|t:|1729895179
|move|p1a: Aerodactyl|Rock Slide|p2a: Jirachi
|-resisted|p2a: Jirachi
|-damage|p2a: Jirachi|86/100
|move|p2a: Jirachi|Toxic|p1a: Aerodactyl
|-status|p1a: Aerodactyl|tox
|
|-weather|Sandstorm|[upkeep]
|-damage|p1a: Aerodactyl|95/100 tox|[from] psn
|-heal|p2a: Jirachi|92/100|[from] item: Leftovers
|upkeep
|turn|48
|
|t:|1729895183
|move|p2a: Jirachi|Protect|p2a: Jirachi
|-singleturn|p2a: Jirachi|Protect
|move|p1a: Aerodactyl|Rock Slide|p2a: Jirachi|[miss]
|-miss|p1a: Aerodactyl|p2a: Jirachi
|
|-weather|Sandstorm|[upkeep]
|-damage|p1a: Aerodactyl|83/100 tox|[from] psn
|-heal|p2a: Jirachi|98/100|[from] item: Leftovers
|upkeep
|turn|49
|
|t:|1729895184
|move|p1a: Aerodactyl|Rock Slide|p2a: Jirachi
|-resisted|p2a: Jirachi
|-damage|p2a: Jirachi|82/100
|move|p2a: Jirachi|Wish|p2a: Jirachi
|
|-weather|Sandstorm|[upkeep]
|-damage|p1a: Aerodactyl|65/100 tox|[from] psn
|-heal|p2a: Jirachi|88/100|[from] item: Leftovers
|upkeep
|turn|50
|
|t:|1729895188
|move|p1a: Aerodactyl|Rock Slide|p2a: Jirachi
|-resisted|p2a: Jirachi
|-damage|p2a: Jirachi|74/100
|move|p2a: Jirachi|Fire Punch|p1a: Aerodactyl
|-resisted|p1a: Aerodactyl
|-damage|p1a: Aerodactyl|52/100 tox
|
|-heal|p2a: Jirachi|100/100|[from] move: Wish|[wisher] Jirachi
|-weather|Sandstorm|[upkeep]
|-damage|p1a: Aerodactyl|29/100 tox|[from] psn
|upkeep
|turn|51
|
|t:|1729895190
|move|p1a: Aerodactyl|Rock Slide|p2a: Jirachi
|-resisted|p2a: Jirachi
|-damage|p2a: Jirachi|86/100
|move|p2a: Jirachi|Wish|p2a: Jirachi
|
|-weather|Sandstorm|[upkeep]
|-damage|p1a: Aerodactyl|0 fnt|[from] psn
|faint|p1a: Aerodactyl
|
|win|pkLeech
|upkeep

</script>
<script type="application/json" class="data" id="replaydata-smogtours-gen3ou-801954">
{"id":"smogtours-gen3ou-801954","format":"[Gen 3] OU","players":["Ghostfall22","pkLeech"],"uploadtime":1729895190,"views":94,"formatid":"gen3ou","rating":null,"private":0,"password":null}
</script>

<script defer src="js/replays.js?9d40a366"></script>
