<!DOCTYPE html>
<meta charset="utf-8" />
<meta name="viewport" content="width=device-width" />

<title>[Gen 3] OU: please ban rachi vs. Dimiswooner - Replays - Pok&eacute;mon Showdown!</title>

<meta name="description" content="Watch a replay of a Pok&eacute;mon battle between please ban rachi and Dimiswooner! Format: [Gen 3] OU; Date: Oct 3, 2024" />
<!--

Hey, you! Looking in the source for the replay log?

You can find them in JSON format, just add `.json` at the end of a replay URL.

https://replay.pokemonshowdown.com/gen7randomdoublesbattle-865046831.json

Or, if you only need the log itself, add `.log` instead:

https://replay.pokemonshowdown.com/gen7randomdoublesbattle-865046831.log

-->

<link rel="stylesheet" href="//pokemonshowdown.com/style/global.css?0.767286132409787" />
<link rel="stylesheet" href="//play.pokemonshowdown.com/style/font-awesome.css?0.9266228007934947" />
<link rel="stylesheet" href="//play.pokemonshowdown.com/style/battle.css?0.7924700842790926" />
<link rel="stylesheet" href="//play.pokemonshowdown.com/style/utilichart.css?0.8777417872839479" />

<!-- Global site tag (gtag.js) - Google Analytics -->
<script async src="https://www.googletagmanager.com/gtag/js?id=UA-26211653-1"></script>
<script>
  window.dataLayer = window.dataLayer || [];
  function gtag(){dataLayer.push(arguments);}
  gtag('js', new Date());

  gtag('config', 'UA-26211653-1');
</script>
<!-- End Google Analytics -->
<!-- Venatus Ad Manager - Install in <HEAD> of page -->
	<script src="https://hb.vntsm.com/v3/live/ad-manager.min.js" type="text/javascript" data-site-id="642aba63ec9a7b11c3c9c1be" data-mode="scan" async></script>
<!-- / Venatus Ad Manager -->

<style>
	@media (max-width:820px) {
		.battle {
			margin: 0 auto;
		}
		.battle-log {
			margin: 7px auto 0;
			max-width: 640px;
			height: 300px;
			position: static;
		}
	}
	.optgroup {
		display: inline-block;
		line-height: 22px;
		font-size: 10pt;
	}
	.optgroup .button {
		height: 25px;
		padding-top: 0;
		padding-bottom: 0;
	}
	.optgroup button.button {
		padding-left: 12px;
		padding-right: 12px;
	}
	.linklist {
		list-style: none;
		margin: 0.5em 0;
		padding: 0;
	}
	.linklist li {
		padding: 2px 0;
	}
	.sidebar {
		float: left;
		width: 320px;
	}
	.bar-wrapper {
		max-width: 1100px;
		margin: 0 auto;
	}
	.bar-wrapper.has-sidebar {
		max-width: 1430px;
	}
	.mainbar {
		margin: 0;
		padding-right: 1px;
	}
	.mainbar.has-sidebar {
		margin-left: 330px;
	}
	@media (min-width: 1511px) {
		.sidebar {
			width: 400px;
		}
		.bar-wrapper.has-sidebar {
			max-width: 1510px;
		}
		.mainbar.has-sidebar {
			margin-left: 410px;
		}
	}
	.section.first-section {
		margin-top: 9px;
	}
	.blocklink small {
		white-space: normal;
	}
	.button {
		vertical-align: middle;
	}
	.replay-controls {
		padding-top: 10px;
	}
	.replay-controls h1 {
		font-size: 16pt;
		font-weight: normal;
		color: #CCC;
	}
	.pagelink {
		text-align: center;
	}
	.pagelink a {
		width: 150px;
	}
	.textbox, .button {
		font-size: 11pt;
		vertical-align: middle;
	}
	@media (max-width: 450px) {
		.button {
			font-size: 9pt;
		}
	}
</style>

<div>

	<header>
		<div class="nav-wrapper"><ul class="nav">
			<li><a class="button nav-first" href="//pokemonshowdown.com/"><img src="//pokemonshowdown.com/images/pokemonshowdownbeta.png" srcset="//pokemonshowdown.com/images/pokemonshowdownbeta.png 1x, //pokemonshowdown.com/images/pokemonshowdownbeta@2x.png 2x" alt="Pok&eacute;mon Showdown" width="146" height="44" /> Home</a></li>
			<li><a class="button" href="//pokemonshowdown.com/dex/">Pok&eacute;dex</a></li>
			<li><a class="button cur" href="/">Replays</a></li>
			<li><a class="button" href="//pokemonshowdown.com/ladder/">Ladder</a></li>
			<li><a class="button nav-last" href="//pokemonshowdown.com/forums/">Forum</a></li>
			<li><a class="button greenbutton nav-first nav-last" href="//play.pokemonshowdown.com/">Play</a></li>
		</ul></div>
	</header>

	<div class="main" id="main">

		<noscript><section class="section">You need to enable JavaScript to use this page; sorry!</section></noscript>

	</div>

</div>

<script defer nomodule src="//play.pokemonshowdown.com/js/lib/ps-polyfill.js"></script>
<script defer src="//play.pokemonshowdown.com/js/lib/preact.min.js"></script>

<script defer src="//play.pokemonshowdown.com/config/config.js?6dec07f6"></script>
<script defer src="//play.pokemonshowdown.com/js/lib/jquery-1.11.0.min.js"></script>
<script defer src="//play.pokemonshowdown.com/js/lib/html-sanitizer-minified.js"></script>
<script defer src="//play.pokemonshowdown.com/js/battle-sound.js"></script>
<script defer src="//play.pokemonshowdown.com/js/battledata.js?0.6315294753075389"></script>
<script defer src="//play.pokemonshowdown.com/data/pokedex-mini.js?0.7603743185311358"></script>
<script defer src="//play.pokemonshowdown.com/data/pokedex-mini-bw.js?0.030888842834281283"></script>
<script defer src="//play.pokemonshowdown.com/data/graphics.js?0.05593094747507488"></script>
<script defer src="//play.pokemonshowdown.com/data/pokedex.js?0.47064822249611904"></script>
<script defer src="//play.pokemonshowdown.com/data/moves.js?0.8583693120512459"></script>
<script defer src="//play.pokemonshowdown.com/data/abilities.js?0.16017181182386842"></script>
<script defer src="//play.pokemonshowdown.com/data/items.js?0.4163379185673943"></script>
<script defer src="//play.pokemonshowdown.com/data/teambuilder-tables.js?0.31075597372830477"></script>
<script defer src="//play.pokemonshowdown.com/js/battle-tooltips.js?0.6536193500708172"></script>
<script defer src="//play.pokemonshowdown.com/js/battle.js?0.1916591943277901"></script>

<script defer src="js/utils.js?e31f9a17"></script>
<script defer src="js/replays-battle.js?7008c182"></script>

<!-- don't scrape this data! just add .json or .log after the URL!
Full API docs: https://github.com/smogon/pokemon-showdown-client/blob/master/WEB-API.md -->
<script type="text/plain" class="log" id="replaylog-gen3ou-2214695939-3jt0vcrezff69ao2cdz9d1eicuerqv6pw">
|j|☆please ban rachi
|j|☆Dimiswooner
|t:|1727915085
|gametype|singles
|player|p1|please ban rachi|102|
|player|p2|Dimiswooner|ghetsis-gen5bw|
|teamsize|p1|6
|teamsize|p2|6
|gen|3
|tier|[Gen 3] OU
|rule|Sleep Clause Mod: Limit one foe put to sleep
|rule|Switch Priority Clause Mod: Faster Pokémon switch first
|rule|Species Clause: Limit one of each Pokémon
|rule|OHKO Clause: OHKO moves are banned
|rule|Evasion Items Clause: Evasion items are banned
|rule|Evasion Moves Clause: Evasion moves are banned
|rule|Endless Battle Clause: Forcing endless battles is banned
|rule|HP Percentage Mod: HP is shown in percentages
|rule|One Boost Passer Clause: Limit one Baton Passer that has a way to boost its stats
|rule|Freeze Clause Mod: Limit one foe frozen
|
|t:|1727915085
|start
|switch|p1a: Salamence|Salamence, M|100/100
|switch|p2a: Metagross|Metagross|100/100
|-ability|p1a: Salamence|Intimidate|boost
|-fail|p2a: Metagross|unboost|[from] ability: Clear Body|[of] p2a: Metagross
|turn|1
|c|☆Dimiswooner|gl hf
|c|☆please ban rachi|u2 :)
|c|☆please ban rachi|i forgot to name them so embarrassing
|
|t:|1727915132
|switch|p1a: Suicune|Suicune|100/100
|switch|p2a: Starmie|Starmie|100/100
|
|upkeep
|turn|2
|
|t:|1727915148
|switch|p1a: Blissey|Blissey, F|100/100
|move|p2a: Starmie|Thunder Wave|p1a: Blissey
|-status|p1a: Blissey|par
|
|upkeep
|turn|3
|
|t:|1727915168
|switch|p2a: Celebi|Celebi|100/100
|move|p1a: Blissey|Toxic|p2a: Celebi
|-status|p2a: Celebi|tox
|
|-damage|p2a: Celebi|94/100 tox|[from] psn
|upkeep
|turn|4
|
|t:|1727915189
|move|p2a: Celebi|Leech Seed|p1a: Blissey
|-start|p1a: Blissey|move: Leech Seed
|cant|p1a: Blissey|par
|
|-heal|p2a: Celebi|100/100 tox|[from] item: Leftovers
|-damage|p2a: Celebi|88/100 tox|[from] psn
|-damage|p1a: Blissey|88/100 par|[from] Leech Seed|[of] p2a: Celebi
|-heal|p2a: Celebi|100/100 tox|[silent]
|upkeep
|turn|5
|
|t:|1727915199
|-curestatus|p2a: Celebi|tox|[from] ability: Natural Cure
|switch|p2a: Medicham|Medicham, M|100/100
|-curestatus|p1a: Blissey|par|[from] ability: Natural Cure
|switch|p1a: Salamence|Salamence, M|100/100
|-ability|p1a: Salamence|Intimidate|boost
|-unboost|p2a: Medicham|atk|1
|
|upkeep
|turn|6
|
|t:|1727915219
|switch|p2a: Starmie|Starmie|100/100
|move|p1a: Salamence|Hidden Power|p2a: Starmie
|-damage|p2a: Starmie|28/100
|
|-heal|p2a: Starmie|34/100|[from] item: Leftovers
|upkeep
|turn|7
|
|t:|1727915241
|switch|p1a: Blissey|Blissey, F|88/100
|move|p2a: Starmie|Thunder Wave|p1a: Blissey
|-status|p1a: Blissey|par
|
|-heal|p2a: Starmie|41/100|[from] item: Leftovers
|-heal|p1a: Blissey|94/100 par|[from] item: Leftovers
|upkeep
|turn|8
|
|t:|1727915246
|move|p2a: Starmie|Recover|p2a: Starmie
|-heal|p2a: Starmie|91/100
|cant|p1a: Blissey|par
|
|-heal|p2a: Starmie|97/100|[from] item: Leftovers
|-heal|p1a: Blissey|99/100 par|[from] item: Leftovers
|upkeep
|turn|9
|
|t:|1727915275
|switch|p2a: Metagross|Metagross|100/100
|-curestatus|p1a: Blissey|par|[from] ability: Natural Cure
|switch|p1a: Magneton|Magneton|100/100
|
|upkeep
|turn|10
|
|t:|1727915298
|switch|p1a: Suicune|Suicune|100/100
|move|p2a: Metagross|Earthquake|p1a: Suicune
|-damage|p1a: Suicune|68/100
|
|-heal|p1a: Suicune|74/100|[from] item: Leftovers
|upkeep
|turn|11
|
|t:|1727915310
|switch|p1a: Magneton|Magneton|100/100
|switch|p2a: Celebi|Celebi|100/100
|
|upkeep
|turn|12
|
|t:|1727915318
|move|p1a: Magneton|Toxic|p2a: Celebi|[miss]
|-miss|p1a: Magneton|p2a: Celebi
|move|p2a: Celebi|Leech Seed|p1a: Magneton
|-start|p1a: Magneton|move: Leech Seed
|
|-damage|p1a: Magneton|88/100|[from] Leech Seed|[of] p2a: Celebi
|upkeep
|turn|13
|
|t:|1727915333
|switch|p1a: Blissey|Blissey, F|99/100
|move|p2a: Celebi|Hidden Power|p1a: Blissey
|-damage|p1a: Blissey|90/100
|
|-heal|p1a: Blissey|97/100|[from] item: Leftovers
|upkeep
|turn|14
|
|t:|1727915339
|move|p2a: Celebi|Leech Seed|p1a: Blissey
|-start|p1a: Blissey|move: Leech Seed
|move|p1a: Blissey|Toxic|p2a: Celebi
|-status|p2a: Celebi|tox
|
|-damage|p2a: Celebi|94/100 tox|[from] psn
|-heal|p1a: Blissey|100/100|[from] item: Leftovers
|-damage|p1a: Blissey|88/100|[from] Leech Seed|[of] p2a: Celebi
|-heal|p2a: Celebi|100/100 tox|[silent]
|upkeep
|turn|15
|
|t:|1727915346
|move|p2a: Celebi|Leech Seed||[still]
|-fail|p2a: Celebi
|move|p1a: Blissey|Wish|p1a: Blissey
|
|-damage|p2a: Celebi|88/100 tox|[from] psn
|-heal|p1a: Blissey|94/100|[from] item: Leftovers
|-damage|p1a: Blissey|82/100|[from] Leech Seed|[of] p2a: Celebi
|-heal|p2a: Celebi|100/100 tox|[silent]
|upkeep
|turn|16
|
|t:|1727915366
|switch|p1a: Suicune|Suicune|74/100
|move|p2a: Celebi|Baton Pass|p2a: Celebi
|
|t:|1727915397
|-curestatus|p2a: Celebi|tox|[from] ability: Natural Cure
|switch|p2a: Starmie|Starmie|97/100|[from] Baton Pass
|
|-heal|p1a: Suicune|100/100|[from] move: Wish|[wisher] Blissey
|-heal|p2a: Starmie|100/100|[from] item: Leftovers
|upkeep
|turn|17
|
|t:|1727915409
|switch|p2a: Medicham|Medicham, M|100/100
|move|p1a: Suicune|Calm Mind|p1a: Suicune
|-boost|p1a: Suicune|spa|1
|-boost|p1a: Suicune|spd|1
|
|upkeep
|turn|18
|
|t:|1727915425
|switch|p2a: Celebi|Celebi|100/100
|move|p1a: Suicune|Surf|p2a: Celebi
|-resisted|p2a: Celebi
|-damage|p2a: Celebi|85/100
|
|-heal|p2a: Celebi|91/100|[from] item: Leftovers
|upkeep
|turn|19
|
|t:|1727915437
|move|p2a: Celebi|Leech Seed|p1a: Suicune
|-start|p1a: Suicune|move: Leech Seed
|move|p1a: Suicune|Calm Mind|p1a: Suicune
|-boost|p1a: Suicune|spa|1
|-boost|p1a: Suicune|spd|1
|
|-heal|p2a: Celebi|97/100|[from] item: Leftovers
|-damage|p1a: Suicune|88/100|[from] Leech Seed|[of] p2a: Celebi
|-heal|p2a: Celebi|100/100|[silent]
|upkeep
|turn|20
|
|t:|1727915452
|move|p2a: Celebi|Hidden Power|p1a: Suicune
|-supereffective|p1a: Suicune
|-damage|p1a: Suicune|69/100
|move|p1a: Suicune|Surf|p2a: Celebi
|-resisted|p2a: Celebi
|-damage|p2a: Celebi|81/100
|
|-heal|p2a: Celebi|87/100|[from] item: Leftovers
|-heal|p1a: Suicune|76/100|[from] item: Leftovers
|-damage|p1a: Suicune|63/100|[from] Leech Seed|[of] p2a: Celebi
|-heal|p2a: Celebi|99/100|[silent]
|upkeep
|turn|21
|
|t:|1727915467
|switch|p1a: Metagross|Metagross|100/100
|move|p2a: Celebi|Baton Pass|p2a: Celebi
|c|☆please ban rachi|a lot of progress being made rn
|c|☆please ban rachi|adv with no sand or spikes:
|c|☆Dimiswooner|yeah lol
|
|t:|1727915532
|switch|p2a: Starmie|Starmie|100/100|[from] Baton Pass
|
|upkeep
|turn|22
|
|t:|1727915541
|switch|p1a: Suicune|Suicune|63/100
|move|p2a: Starmie|Thunder Wave|p1a: Suicune
|-status|p1a: Suicune|par
|
|-heal|p1a: Suicune|69/100 par|[from] item: Leftovers
|upkeep
|turn|23
|
|t:|1727915554
|switch|p2a: Medicham|Medicham, M|100/100
|switch|p1a: Blissey|Blissey, F|82/100
|
|-heal|p1a: Blissey|88/100|[from] item: Leftovers
|upkeep
|turn|24
|
|t:|1727915562
|switch|p1a: Salamence|Salamence, M|100/100
|-ability|p1a: Salamence|Intimidate|boost
|-unboost|p2a: Medicham|atk|1
|move|p2a: Medicham|Substitute|p2a: Medicham
|-start|p2a: Medicham|Substitute
|-damage|p2a: Medicham|76/100
|
|-heal|p2a: Medicham|82/100|[from] item: Leftovers
|upkeep
|turn|25
|
|t:|1727915569
|-singleturn|p2a: Medicham|move: Focus Punch
|move|p1a: Salamence|Hidden Power|p2a: Medicham
|-supereffective|p2a: Medicham
|-end|p2a: Medicham|Substitute
|move|p2a: Medicham|Focus Punch|p1a: Salamence
|-resisted|p1a: Salamence
|-damage|p1a: Salamence|59/100
|
|-heal|p2a: Medicham|88/100|[from] item: Leftovers
|upkeep
|turn|26
|
|t:|1727915604
|switch|p2a: Metagross|Metagross|100/100
|move|p1a: Salamence|Hidden Power|p2a: Metagross
|-resisted|p2a: Metagross
|-damage|p2a: Metagross|74/100
|
|upkeep
|turn|27
|
|t:|1727915613
|switch|p1a: Magneton|Magneton|88/100
|move|p2a: Metagross|Earthquake|p1a: Magneton
|-supereffective|p1a: Magneton
|-damage|p1a: Magneton|0 fnt
|faint|p1a: Magneton
|
|t:|1727915629
|switch|p1a: Claydol|Claydol|100/100
|
|upkeep
|turn|28
|
|t:|1727915656
|switch|p2a: Celebi|Celebi|99/100
|move|p1a: Claydol|Earthquake|p2a: Celebi
|-resisted|p2a: Celebi
|-damage|p2a: Celebi|85/100
|
|-heal|p2a: Celebi|92/100|[from] item: Leftovers
|upkeep
|turn|29
|
|t:|1727915675
|move|p2a: Celebi|Hidden Power|p1a: Claydol
|-supereffective|p1a: Claydol
|-damage|p1a: Claydol|54/100
|move|p1a: Claydol|Explosion|p2a: Celebi
|-damage|p2a: Celebi|7/100
|faint|p1a: Claydol
|
|t:|1727915685
|switch|p1a: Salamence|Salamence, M|59/100
|-ability|p1a: Salamence|Intimidate|boost
|-unboost|p2a: Celebi|atk|1
|
|-heal|p2a: Celebi|13/100|[from] item: Leftovers
|upkeep
|turn|30
|
|t:|1727915711
|switch|p2a: Claydol|Claydol|100/100
|move|p1a: Salamence|Earthquake|p2a: Claydol
|-immune|p2a: Claydol
|
|upkeep
|turn|31
|
|t:|1727915727
|switch|p1a: Suicune|Suicune|69/100 par
|move|p2a: Claydol|Earthquake|p1a: Suicune
|-damage|p1a: Suicune|47/100 par
|
|-heal|p1a: Suicune|53/100 par|[from] item: Leftovers
|upkeep
|turn|32
|c|☆please ban rachi|timmy two spinners
|
|t:|1727915789
|switch|p1a: Metagross|Metagross|100/100
|move|p2a: Claydol|Earthquake|p1a: Metagross
|-supereffective|p1a: Metagross
|-damage|p1a: Metagross|48/100
|
|-heal|p1a: Metagross|54/100|[from] item: Leftovers
|upkeep
|turn|33
|c|☆Dimiswooner|yes very useful in this battle for sure
|
|t:|1727915846
|switch|p1a: Salamence|Salamence, M|59/100
|-ability|p1a: Salamence|Intimidate|boost
|-unboost|p2a: Claydol|atk|1
|move|p2a: Claydol|Psychic|p1a: Salamence
|-damage|p1a: Salamence|30/100
|
|upkeep
|turn|34
|
|t:|1727915889
|switch|p1a: Blissey|Blissey, F|88/100
|switch|p2a: Jirachi|Jirachi|100/100
|
|-heal|p1a: Blissey|94/100|[from] item: Leftovers
|upkeep
|turn|35
|c|☆please ban rachi|i switched to adv to get away from that goblin
|c|☆please ban rachi|>.<
|c|☆Dimiswooner|oh your username makes sense now
|c|☆Dimiswooner|dont worry iron head rachi isnt real it cant hurt you
|
|t:|1727915999
|switch|p2a: Metagross|Metagross|74/100
|move|p1a: Blissey|Wish|p1a: Blissey
|
|-heal|p1a: Blissey|99/100|[from] item: Leftovers
|upkeep
|turn|36
|c|☆please ban rachi|me when i have a 30% to lose the game every turn bc heatran only quad resists steel
|
|t:|1727916023
|move|p2a: Metagross|Meteor Mash|p1a: Blissey|[miss]
|-miss|p2a: Metagross|p1a: Blissey
|move|p1a: Blissey|Wish||[still]
|-fail|p1a: Blissey
|
|-heal|p1a: Blissey|100/100|[from] move: Wish|[wisher] Blissey
|upkeep
|turn|37
|
|t:|1727916030
|switch|p1a: Suicune|Suicune|53/100 par
|move|p2a: Metagross|Meteor Mash|p1a: Suicune
|-resisted|p1a: Suicune
|-damage|p1a: Suicune|27/100 par
|
|-heal|p1a: Suicune|34/100 par|[from] item: Leftovers
|upkeep
|turn|38
|
|t:|1727916041
|move|p2a: Metagross|Meteor Mash|p1a: Suicune
|-resisted|p1a: Suicune
|-damage|p1a: Suicune|9/100 par
|move|p1a: Suicune|Roar|p2a: Metagross
|drag|p2a: Jirachi|Jirachi|100/100
|
|-heal|p1a: Suicune|15/100 par|[from] item: Leftovers
|upkeep
|turn|39
|
|t:|1727916074
|move|p2a: Jirachi|Wish|p2a: Jirachi
|move|p1a: Suicune|Rest|p1a: Suicune
|-status|p1a: Suicune|slp|[from] move: Rest
|-heal|p1a: Suicune|100/100 slp|[silent]
|
|upkeep
|turn|40
|
|t:|1727916085
|switch|p2a: Celebi|Celebi|13/100
|switch|p1a: Blissey|Blissey, F|100/100
|
|-heal|p2a: Celebi|63/100|[from] move: Wish|[wisher] Jirachi
|-heal|p2a: Celebi|69/100|[from] item: Leftovers
|upkeep
|turn|41
|
|t:|1727916108
|switch|p2a: Starmie|Starmie|100/100
|move|p1a: Blissey|Wish|p1a: Blissey
|
|upkeep
|turn|42
|
|t:|1727916113
|switch|p1a: Metagross|Metagross|54/100
|move|p2a: Starmie|Thunder Wave|p1a: Metagross
|-status|p1a: Metagross|par
|
|-heal|p1a: Metagross|100/100 par|[from] move: Wish|[wisher] Blissey
|upkeep
|turn|43
|
|t:|1727916132
|move|p2a: Starmie|Surf|p1a: Metagross
|-damage|p1a: Metagross|66/100 par
|move|p1a: Metagross|Earthquake|p2a: Starmie
|-damage|p2a: Starmie|59/100
|
|-heal|p2a: Starmie|65/100|[from] item: Leftovers
|-heal|p1a: Metagross|72/100 par|[from] item: Leftovers
|upkeep
|turn|44
|
|t:|1727916158
|move|p2a: Starmie|Surf|p1a: Metagross
|-damage|p1a: Metagross|38/100 par
|cant|p1a: Metagross|par
|
|-heal|p2a: Starmie|71/100|[from] item: Leftovers
|-heal|p1a: Metagross|44/100 par|[from] item: Leftovers
|upkeep
|turn|45
|
|t:|1727916173
|switch|p1a: Blissey|Blissey, F|100/100
|move|p2a: Starmie|Surf|p1a: Blissey
|-crit|p1a: Blissey
|-damage|p1a: Blissey|74/100
|
|-heal|p2a: Starmie|77/100|[from] item: Leftovers
|-heal|p1a: Blissey|80/100|[from] item: Leftovers
|upkeep
|turn|46
|
|t:|1727916186
|switch|p2a: Metagross|Metagross|74/100
|move|p1a: Blissey|Wish|p1a: Blissey
|
|-heal|p1a: Blissey|86/100|[from] item: Leftovers
|upkeep
|turn|47
|
|t:|1727916192
|switch|p1a: Salamence|Salamence, M|30/100
|-ability|p1a: Salamence|Intimidate|boost
|-fail|p2a: Metagross|unboost|[from] ability: Clear Body|[of] p2a: Metagross
|move|p2a: Metagross|Meteor Mash|p1a: Salamence
|-damage|p1a: Salamence|0 fnt
|faint|p1a: Salamence
|
|t:|1727916198
|switch|p1a: Metagross|Metagross|44/100 par
|
|-heal|p1a: Metagross|94/100 par|[from] move: Wish|[wisher] Blissey
|-heal|p1a: Metagross|99/100 par|[from] item: Leftovers
|upkeep
|turn|48
|
|t:|1727916215
|switch|p2a: Claydol|Claydol|100/100
|move|p1a: Metagross|Earthquake|p2a: Claydol
|-immune|p2a: Claydol
|
|-heal|p1a: Metagross|100/100 par|[from] item: Leftovers
|upkeep
|turn|49
|
|t:|1727916221
|move|p2a: Claydol|Earthquake|p1a: Metagross
|-supereffective|p1a: Metagross
|-damage|p1a: Metagross|47/100 par
|move|p1a: Metagross|Explosion|p2a: Claydol
|-damage|p2a: Claydol|0 fnt
|faint|p1a: Metagross
|faint|p2a: Claydol
|
|t:|1727916243
|switch|p2a: Medicham|Medicham, M|88/100
|switch|p1a: Blissey|Blissey, F|86/100
|
|-heal|p2a: Medicham|94/100|[from] item: Leftovers
|-heal|p1a: Blissey|93/100|[from] item: Leftovers
|upkeep
|turn|50
|
|t:|1727916247
|move|p2a: Medicham|Brick Break|p1a: Blissey
|-supereffective|p1a: Blissey
|-damage|p1a: Blissey|0 fnt
|faint|p1a: Blissey
|
|t:|1727916249
|switch|p1a: Suicune|Suicune|100/100 slp
|
|-heal|p2a: Medicham|99/100|[from] item: Leftovers
|upkeep
|turn|51
|
|t:|1727916258
|-singleturn|p2a: Medicham|move: Focus Punch
|cant|p1a: Suicune|slp
|move|p2a: Medicham|Focus Punch|p1a: Suicune
|-damage|p1a: Suicune|43/100 slp
|
|-heal|p2a: Medicham|100/100|[from] item: Leftovers
|-heal|p1a: Suicune|49/100 slp|[from] item: Leftovers
|upkeep
|turn|52
|
|t:|1727916268
|-singleturn|p2a: Medicham|move: Focus Punch
|cant|p1a: Suicune|slp
|move|p2a: Medicham|Focus Punch|p1a: Suicune
|-damage|p1a: Suicune|0 fnt
|faint|p1a: Suicune
|
|win|Dimiswooner
|c|☆Dimiswooner|gg
|c|☆please ban rachi|gg

</script>
<script type="application/json" class="data" id="replaydata-gen3ou-2214695939-3jt0vcrezff69ao2cdz9d1eicuerqv6pw">
{"id":"gen3ou-2214695939","format":"[Gen 3] OU","players":["please ban rachi","Dimiswooner"],"uploadtime":1727916281,"views":120,"formatid":"gen3ou","rating":null,"private":1,"password":"3jt0vcrezff69ao2cdz9d1eicuerqv6"}
</script>

<script defer src="js/replays.js?9d40a366"></script>
