<!DOCTYPE html>
<meta charset="utf-8" />
<meta name="viewport" content="width=device-width" />

<title>[Gen 3] OU: Big Nut Bill vs. reshiram660 - Replays - Pok&eacute;mon Showdown!</title>

<meta name="description" content="Watch a replay of a Pok&eacute;mon battle between Big Nut Bill and reshiram660! Format: [Gen 3] OU; Date: Oct 7, 2024" />
<!--

Hey, you! Looking in the source for the replay log?

You can find them in JSON format, just add `.json` at the end of a replay URL.

https://replay.pokemonshowdown.com/gen7randomdoublesbattle-865046831.json

Or, if you only need the log itself, add `.log` instead:

https://replay.pokemonshowdown.com/gen7randomdoublesbattle-865046831.log

-->

<link rel="stylesheet" href="//pokemonshowdown.com/style/global.css?0.023195364461161105" />
<link rel="stylesheet" href="//play.pokemonshowdown.com/style/font-awesome.css?0.13261647063804238" />
<link rel="stylesheet" href="//play.pokemonshowdown.com/style/battle.css?0.8753245789963631" />
<link rel="stylesheet" href="//play.pokemonshowdown.com/style/utilichart.css?0.8627959624976733" />

<!-- Global site tag (gtag.js) - Google Analytics -->
<script async src="https://www.googletagmanager.com/gtag/js?id=UA-26211653-1"></script>
<script>
  window.dataLayer = window.dataLayer || [];
  function gtag(){dataLayer.push(arguments);}
  gtag('js', new Date());

  gtag('config', 'UA-26211653-1');
</script>
<!-- End Google Analytics -->
<!-- Venatus Ad Manager - Install in <HEAD> of page -->
	<script src="https://hb.vntsm.com/v3/live/ad-manager.min.js" type="text/javascript" data-site-id="642aba63ec9a7b11c3c9c1be" data-mode="scan" async></script>
<!-- / Venatus Ad Manager -->

<style>
	@media (max-width:820px) {
		.battle {
			margin: 0 auto;
		}
		.battle-log {
			margin: 7px auto 0;
			max-width: 640px;
			height: 300px;
			position: static;
		}
	}
	.optgroup {
		display: inline-block;
		line-height: 22px;
		font-size: 10pt;
	}
	.optgroup .button {
		height: 25px;
		padding-top: 0;
		padding-bottom: 0;
	}
	.optgroup button.button {
		padding-left: 12px;
		padding-right: 12px;
	}
	.linklist {
		list-style: none;
		margin: 0.5em 0;
		padding: 0;
	}
	.linklist li {
		padding: 2px 0;
	}
	.sidebar {
		float: left;
		width: 320px;
	}
	.bar-wrapper {
		max-width: 1100px;
		margin: 0 auto;
	}
	.bar-wrapper.has-sidebar {
		max-width: 1430px;
	}
	.mainbar {
		margin: 0;
		padding-right: 1px;
	}
	.mainbar.has-sidebar {
		margin-left: 330px;
	}
	@media (min-width: 1511px) {
		.sidebar {
			width: 400px;
		}
		.bar-wrapper.has-sidebar {
			max-width: 1510px;
		}
		.mainbar.has-sidebar {
			margin-left: 410px;
		}
	}
	.section.first-section {
		margin-top: 9px;
	}
	.blocklink small {
		white-space: normal;
	}
	.button {
		vertical-align: middle;
	}
	.replay-controls {
		padding-top: 10px;
	}
	.replay-controls h1 {
		font-size: 16pt;
		font-weight: normal;
		color: #CCC;
	}
	.pagelink {
		text-align: center;
	}
	.pagelink a {
		width: 150px;
	}
	.textbox, .button {
		font-size: 11pt;
		vertical-align: middle;
	}
	@media (max-width: 450px) {
		.button {
			font-size: 9pt;
		}
	}
</style>

<div>

	<header>
		<div class="nav-wrapper"><ul class="nav">
			<li><a class="button nav-first" href="//pokemonshowdown.com/"><img src="//pokemonshowdown.com/images/pokemonshowdownbeta.png" srcset="//pokemonshowdown.com/images/pokemonshowdownbeta.png 1x, //pokemonshowdown.com/images/pokemonshowdownbeta@2x.png 2x" alt="Pok&eacute;mon Showdown" width="146" height="44" /> Home</a></li>
			<li><a class="button" href="//pokemonshowdown.com/dex/">Pok&eacute;dex</a></li>
			<li><a class="button cur" href="/">Replays</a></li>
			<li><a class="button" href="//pokemonshowdown.com/ladder/">Ladder</a></li>
			<li><a class="button nav-last" href="//pokemonshowdown.com/forums/">Forum</a></li>
			<li><a class="button greenbutton nav-first nav-last" href="//play.pokemonshowdown.com/">Play</a></li>
		</ul></div>
	</header>

	<div class="main" id="main">

		<noscript><section class="section">You need to enable JavaScript to use this page; sorry!</section></noscript>

	</div>

</div>

<script defer nomodule src="//play.pokemonshowdown.com/js/lib/ps-polyfill.js"></script>
<script defer src="//play.pokemonshowdown.com/js/lib/preact.min.js"></script>

<script defer src="//play.pokemonshowdown.com/config/config.js?2bddbc15"></script>
<script defer src="//play.pokemonshowdown.com/js/lib/jquery-1.11.0.min.js"></script>
<script defer src="//play.pokemonshowdown.com/js/lib/html-sanitizer-minified.js"></script>
<script defer src="//play.pokemonshowdown.com/js/battle-sound.js"></script>
<script defer src="//play.pokemonshowdown.com/js/battledata.js?0.7209276989879541"></script>
<script defer src="//play.pokemonshowdown.com/data/pokedex-mini.js?0.6111056340867951"></script>
<script defer src="//play.pokemonshowdown.com/data/pokedex-mini-bw.js?0.3532142036491459"></script>
<script defer src="//play.pokemonshowdown.com/data/graphics.js?0.24223875632456182"></script>
<script defer src="//play.pokemonshowdown.com/data/pokedex.js?0.38839984266356864"></script>
<script defer src="//play.pokemonshowdown.com/data/moves.js?0.21866028504024015"></script>
<script defer src="//play.pokemonshowdown.com/data/abilities.js?0.2005157953846628"></script>
<script defer src="//play.pokemonshowdown.com/data/items.js?0.9894211263848525"></script>
<script defer src="//play.pokemonshowdown.com/data/teambuilder-tables.js?0.6008791140282215"></script>
<script defer src="//play.pokemonshowdown.com/js/battle-tooltips.js?0.7580118955022959"></script>
<script defer src="//play.pokemonshowdown.com/js/battle.js?0.6057722274234274"></script>

<script defer src="js/utils.js?e31f9a17"></script>
<script defer src="js/replays-battle.js?7008c182"></script>

<!-- don't scrape this data! just add .json or .log after the URL!
Full API docs: https://github.com/smogon/pokemon-showdown-client/blob/master/WEB-API.md -->
<script type="text/plain" class="log" id="replaylog-smogtours-gen3ou-796259">
|inactive|Battle timer is ON: inactive players will automatically lose when time's up.
|t:|1728338947
|gametype|singles
|player|p1|Big Nut Bill|medium|
|player|p2|reshiram660|169|
|teamsize|p1|6
|teamsize|p2|6
|gen|3
|tier|[Gen 3] OU
|rule|Sleep Clause Mod: Limit one foe put to sleep
|rule|Switch Priority Clause Mod: Faster Pokémon switch first
|rule|Species Clause: Limit one of each Pokémon
|rule|OHKO Clause: OHKO moves are banned
|rule|Evasion Items Clause: Evasion items are banned
|rule|Evasion Moves Clause: Evasion moves are banned
|rule|Endless Battle Clause: Forcing endless battles is banned
|rule|HP Percentage Mod: HP is shown in percentages
|rule|One Boost Passer Clause: Limit one Baton Passer that has a way to boost its stats
|rule|Freeze Clause Mod: Limit one foe frozen
|
|t:|1728338947
|start
|switch|p1a: Nadine|Blissey, F|100/100
|switch|p2a: Titanas|Tyranitar, F|100/100
|-weather|Sandstorm|[from] ability: Sand Stream|[of] p2a: Titanas
|turn|1
|
|t:|1728338968
|switch|p1a: Dougie Jones|Dugtrio, M|100/100
|move|p2a: Titanas|Dragon Dance|p2a: Titanas
|-boost|p2a: Titanas|atk|1
|-boost|p2a: Titanas|spe|1
|
|-weather|Sandstorm|[upkeep]
|upkeep
|turn|2
|
|t:|1728338984
|move|p1a: Dougie Jones|Earthquake|p2a: Titanas
|-supereffective|p2a: Titanas
|-damage|p2a: Titanas|18/100
|move|p2a: Titanas|Earthquake|p1a: Dougie Jones
|-damage|p1a: Dougie Jones|0 fnt
|faint|p1a: Dougie Jones
|
|t:|1728339009
|switch|p1a: Laura|Milotic, F|100/100
|
|-weather|Sandstorm|[upkeep]
|-damage|p1a: Laura|94/100|[from] Sandstorm
|-heal|p2a: Titanas|24/100|[from] item: Leftovers
|-heal|p1a: Laura|100/100|[from] item: Leftovers
|upkeep
|turn|3
|
|t:|1728339039
|switch|p2a: Skarmory|Skarmory, M|100/100
|move|p1a: Laura|Hydro Pump|p2a: Skarmory
|-crit|p2a: Skarmory
|-damage|p2a: Skarmory|19/100
|
|-weather|Sandstorm|[upkeep]
|-damage|p1a: Laura|94/100|[from] Sandstorm
|-heal|p1a: Laura|100/100|[from] item: Leftovers
|-heal|p2a: Skarmory|25/100|[from] item: Leftovers
|upkeep
|turn|4
|
|t:|1728339050
|move|p2a: Skarmory|Protect|p2a: Skarmory
|-singleturn|p2a: Skarmory|Protect
|move|p1a: Laura|Hidden Power|p2a: Skarmory
|-activate|p2a: Skarmory|Protect
|
|-weather|Sandstorm|[upkeep]
|-damage|p1a: Laura|94/100|[from] Sandstorm
|-heal|p1a: Laura|100/100|[from] item: Leftovers
|-heal|p2a: Skarmory|31/100|[from] item: Leftovers
|upkeep
|turn|5
|
|t:|1728339071
|switch|p2a: Reuma|Zapdos|100/100
|move|p1a: Laura|Hidden Power|p2a: Reuma
|-damage|p2a: Reuma|86/100
|
|-weather|Sandstorm|[upkeep]
|-damage|p2a: Reuma|80/100|[from] Sandstorm
|-damage|p1a: Laura|94/100|[from] Sandstorm
|-heal|p2a: Reuma|86/100|[from] item: Leftovers
|-heal|p1a: Laura|100/100|[from] item: Leftovers
|upkeep
|turn|6
|
|t:|1728339086
|move|p2a: Reuma|Thunderbolt|p1a: Laura
|-supereffective|p1a: Laura
|-damage|p1a: Laura|34/100
|move|p1a: Laura|Toxic|p2a: Reuma
|-status|p2a: Reuma|tox
|
|-weather|Sandstorm|[upkeep]
|-damage|p2a: Reuma|80/100 tox|[from] Sandstorm
|-damage|p1a: Laura|28/100|[from] Sandstorm
|-heal|p2a: Reuma|86/100 tox|[from] item: Leftovers
|-damage|p2a: Reuma|80/100 tox|[from] psn
|-heal|p1a: Laura|34/100|[from] item: Leftovers
|upkeep
|turn|7
|
|t:|1728339101
|switch|p1a: BOB|Claydol|100/100
|move|p2a: Reuma|Thunderbolt|p1a: BOB
|-immune|p1a: BOB
|
|-weather|Sandstorm|[upkeep]
|-damage|p2a: Reuma|74/100 tox|[from] Sandstorm
|-heal|p2a: Reuma|80/100 tox|[from] item: Leftovers
|-damage|p2a: Reuma|67/100 tox|[from] psn
|upkeep
|turn|8
|inactive|reshiram660 has 270 seconds left.
|
|t:|1728339132
|switch|p2a: Swampert|Swampert, M|100/100
|move|p1a: BOB|Psychic|p2a: Swampert
|-damage|p2a: Swampert|81/100
|
|-weather|Sandstorm|[upkeep]
|-heal|p2a: Swampert|88/100|[from] item: Leftovers
|upkeep
|turn|9
|
|t:|1728339153
|switch|p1a: Laura|Milotic, F|34/100
|move|p2a: Swampert|Protect||[still]
|-fail|p2a: Swampert
|
|-weather|Sandstorm|[upkeep]
|-damage|p1a: Laura|28/100|[from] Sandstorm
|-heal|p1a: Laura|34/100|[from] item: Leftovers
|-heal|p2a: Swampert|94/100|[from] item: Leftovers
|upkeep
|turn|10
|
|t:|1728339171
|switch|p2a: Reuma|Zapdos|67/100 tox
|move|p1a: Laura|Recover|p1a: Laura
|-heal|p1a: Laura|84/100
|
|-weather|Sandstorm|[upkeep]
|-damage|p2a: Reuma|61/100 tox|[from] Sandstorm
|-damage|p1a: Laura|78/100|[from] Sandstorm
|-heal|p2a: Reuma|67/100 tox|[from] item: Leftovers
|-damage|p2a: Reuma|61/100 tox|[from] psn
|-heal|p1a: Laura|84/100|[from] item: Leftovers
|upkeep
|turn|11
|
|t:|1728339185
|move|p2a: Reuma|Thunderbolt|p1a: Laura
|-supereffective|p1a: Laura
|-damage|p1a: Laura|12/100
|move|p1a: Laura|Hydro Pump|p2a: Reuma
|-damage|p2a: Reuma|19/100 tox
|
|-weather|Sandstorm|[upkeep]
|-damage|p2a: Reuma|13/100 tox|[from] Sandstorm
|-damage|p1a: Laura|6/100|[from] Sandstorm
|-heal|p2a: Reuma|19/100 tox|[from] item: Leftovers
|-damage|p2a: Reuma|7/100 tox|[from] psn
|-heal|p1a: Laura|12/100|[from] item: Leftovers
|upkeep
|turn|12
|
|t:|1728339203
|switch|p1a: BOB|Claydol|100/100
|move|p2a: Reuma|Hidden Power|p1a: BOB
|-supereffective|p1a: BOB
|-damage|p1a: BOB|68/100
|
|-weather|Sandstorm|[upkeep]
|-damage|p2a: Reuma|0 fnt|[from] Sandstorm
|faint|p2a: Reuma
|-heal|p1a: BOB|74/100|[from] item: Leftovers
|upkeep
|
|t:|1728339210
|switch|p2a: Swampert|Swampert, M|94/100
|turn|13
|
|t:|1728339223
|switch|p1a: The Horse|Suicune|100/100
|move|p2a: Swampert|Protect||[still]
|-fail|p2a: Swampert
|
|-weather|Sandstorm|[upkeep]
|-damage|p1a: The Horse|94/100|[from] Sandstorm
|-heal|p1a: The Horse|100/100|[from] item: Leftovers
|-heal|p2a: Swampert|99/100|[from] item: Leftovers
|upkeep
|turn|14
|
|t:|1728339235
|switch|p2a: Fadasma|Gengar, F|100/100
|move|p1a: The Horse|Calm Mind|p1a: The Horse
|-boost|p1a: The Horse|spa|1
|-boost|p1a: The Horse|spd|1
|
|-weather|Sandstorm|[upkeep]
|-damage|p2a: Fadasma|94/100|[from] Sandstorm
|-damage|p1a: The Horse|94/100|[from] Sandstorm
|-heal|p2a: Fadasma|100/100|[from] item: Leftovers
|-heal|p1a: The Horse|100/100|[from] item: Leftovers
|upkeep
|turn|15
|
|t:|1728339246
|move|p2a: Fadasma|Taunt|p1a: The Horse
|-start|p1a: The Horse|move: Taunt
|move|p1a: The Horse|Surf|p2a: Fadasma
|-damage|p2a: Fadasma|48/100
|
|-weather|Sandstorm|[upkeep]
|-damage|p2a: Fadasma|42/100|[from] Sandstorm
|-damage|p1a: The Horse|94/100|[from] Sandstorm
|-heal|p2a: Fadasma|48/100|[from] item: Leftovers
|-heal|p1a: The Horse|100/100|[from] item: Leftovers
|upkeep
|turn|16
|
|t:|1728339256
|move|p2a: Fadasma|Will-O-Wisp|p1a: The Horse
|-status|p1a: The Horse|brn
|move|p1a: The Horse|Surf|p2a: Fadasma
|-damage|p2a: Fadasma|0 fnt
|faint|p2a: Fadasma
|inactive|reshiram660 has 270 seconds left.
|
|t:|1728339309
|switch|p2a: Skarmory|Skarmory, M|31/100
|
|-weather|Sandstorm|[upkeep]
|-damage|p1a: The Horse|94/100 brn|[from] Sandstorm
|-heal|p1a: The Horse|100/100 brn|[from] item: Leftovers
|-damage|p1a: The Horse|88/100 brn|[from] brn
|-end|p1a: The Horse|move: Taunt|[silent]
|-heal|p2a: Skarmory|37/100|[from] item: Leftovers
|upkeep
|turn|17
|
|t:|1728339321
|move|p2a: Skarmory|Protect|p2a: Skarmory
|-singleturn|p2a: Skarmory|Protect
|move|p1a: The Horse|Surf|p2a: Skarmory
|-activate|p2a: Skarmory|Protect
|
|-weather|Sandstorm|[upkeep]
|-damage|p1a: The Horse|82/100 brn|[from] Sandstorm
|-heal|p1a: The Horse|88/100 brn|[from] item: Leftovers
|-damage|p1a: The Horse|76/100 brn|[from] brn
|-heal|p2a: Skarmory|43/100|[from] item: Leftovers
|upkeep
|turn|18
|
|t:|1728339323
|move|p1a: The Horse|Surf|p2a: Skarmory
|-damage|p2a: Skarmory|3/100
|move|p2a: Skarmory|Roar|p1a: The Horse
|drag|p1a: Laura|Milotic, F|12/100
|
|-weather|Sandstorm|[upkeep]
|-damage|p1a: Laura|6/100|[from] Sandstorm
|-heal|p1a: Laura|12/100|[from] item: Leftovers
|-heal|p2a: Skarmory|9/100|[from] item: Leftovers
|upkeep
|turn|19
|
|t:|1728339334
|move|p2a: Skarmory|Protect|p2a: Skarmory
|-singleturn|p2a: Skarmory|Protect
|move|p1a: Laura|Recover|p1a: Laura
|-heal|p1a: Laura|62/100
|
|-weather|Sandstorm|[upkeep]
|-damage|p1a: Laura|56/100|[from] Sandstorm
|-heal|p1a: Laura|62/100|[from] item: Leftovers
|-heal|p2a: Skarmory|15/100|[from] item: Leftovers
|upkeep
|turn|20
|
|t:|1728339347
|move|p1a: Laura|Hydro Pump|p2a: Skarmory
|-damage|p2a: Skarmory|0 fnt
|faint|p2a: Skarmory
|
|t:|1728339353
|switch|p2a: Swampert|Swampert, M|99/100
|
|-weather|Sandstorm|[upkeep]
|-damage|p1a: Laura|56/100|[from] Sandstorm
|-heal|p1a: Laura|62/100|[from] item: Leftovers
|-heal|p2a: Swampert|100/100|[from] item: Leftovers
|upkeep
|turn|21
|inactive|reshiram660 has 270 seconds left.
|
|t:|1728339376
|move|p1a: Laura|Toxic|p2a: Swampert
|-status|p2a: Swampert|tox
|move|p2a: Swampert|Ice Beam|p1a: Laura
|-resisted|p1a: Laura
|-damage|p1a: Laura|56/100
|
|-weather|Sandstorm|[upkeep]
|-damage|p1a: Laura|50/100|[from] Sandstorm
|-heal|p1a: Laura|56/100|[from] item: Leftovers
|-damage|p2a: Swampert|94/100 tox|[from] psn
|upkeep
|turn|22
|inactive|reshiram660 has 270 seconds left.
|
|t:|1728339391
|move|p1a: Laura|Recover|p1a: Laura
|-heal|p1a: Laura|100/100
|move|p2a: Swampert|Toxic|p1a: Laura
|-status|p1a: Laura|tox
|
|-weather|Sandstorm|[upkeep]
|-damage|p1a: Laura|94/100 tox|[from] Sandstorm
|-heal|p1a: Laura|100/100 tox|[from] item: Leftovers
|-damage|p1a: Laura|94/100 tox|[from] psn
|-heal|p2a: Swampert|100/100 tox|[from] item: Leftovers
|-damage|p2a: Swampert|88/100 tox|[from] psn
|upkeep
|turn|23
|
|t:|1728339417
|move|p2a: Swampert|Protect|p2a: Swampert
|-singleturn|p2a: Swampert|Protect
|move|p1a: Laura|Hydro Pump|p2a: Swampert
|-activate|p2a: Swampert|Protect
|
|-weather|Sandstorm|[upkeep]
|-damage|p1a: Laura|88/100 tox|[from] Sandstorm
|-heal|p1a: Laura|94/100 tox|[from] item: Leftovers
|-damage|p1a: Laura|82/100 tox|[from] psn
|-heal|p2a: Swampert|94/100 tox|[from] item: Leftovers
|-damage|p2a: Swampert|76/100 tox|[from] psn
|upkeep
|turn|24
|
|t:|1728339428
|move|p1a: Laura|Hidden Power|p2a: Swampert
|-resisted|p2a: Swampert
|-damage|p2a: Swampert|69/100 tox
|move|p2a: Swampert|Ice Beam|p1a: Laura
|-resisted|p1a: Laura
|-crit|p1a: Laura
|-damage|p1a: Laura|70/100 tox
|
|-weather|Sandstorm|[upkeep]
|-damage|p1a: Laura|63/100 tox|[from] Sandstorm
|-heal|p1a: Laura|70/100 tox|[from] item: Leftovers
|-damage|p1a: Laura|51/100 tox|[from] psn
|-heal|p2a: Swampert|75/100 tox|[from] item: Leftovers
|-damage|p2a: Swampert|50/100 tox|[from] psn
|upkeep
|turn|25
|
|t:|1728339441
|move|p2a: Swampert|Protect|p2a: Swampert
|-singleturn|p2a: Swampert|Protect
|move|p1a: Laura|Recover|p1a: Laura
|-heal|p1a: Laura|100/100 tox
|
|-weather|Sandstorm|[upkeep]
|-damage|p1a: Laura|94/100 tox|[from] Sandstorm
|-heal|p1a: Laura|100/100 tox|[from] item: Leftovers
|-damage|p1a: Laura|76/100 tox|[from] psn
|-heal|p2a: Swampert|57/100 tox|[from] item: Leftovers
|-damage|p2a: Swampert|26/100 tox|[from] psn
|upkeep
|turn|26
|
|t:|1728339455
|move|p1a: Laura|Toxic|p2a: Swampert
|-fail|p2a: Swampert|tox
|move|p2a: Swampert|Ice Beam|p1a: Laura
|-resisted|p1a: Laura
|-damage|p1a: Laura|70/100 tox
|
|-weather|Sandstorm|[upkeep]
|-damage|p1a: Laura|63/100 tox|[from] Sandstorm
|-heal|p1a: Laura|70/100 tox|[from] item: Leftovers
|-damage|p1a: Laura|39/100 tox|[from] psn
|-heal|p2a: Swampert|32/100 tox|[from] item: Leftovers
|-damage|p2a: Swampert|0 fnt|[from] psn
|faint|p2a: Swampert
|upkeep
|
|t:|1728339480
|switch|p2a: Titanas|Tyranitar, F|24/100
|turn|27
|
|t:|1728339493
|switch|p1a: Nadine|Blissey, F|100/100
|move|p2a: Titanas|Dragon Dance|p2a: Titanas
|-boost|p2a: Titanas|atk|1
|-boost|p2a: Titanas|spe|1
|
|-weather|Sandstorm|[upkeep]
|-damage|p1a: Nadine|94/100|[from] Sandstorm
|-heal|p2a: Titanas|30/100|[from] item: Leftovers
|-heal|p1a: Nadine|100/100|[from] item: Leftovers
|upkeep
|turn|28
|
|t:|1728339508
|move|p2a: Titanas|Rock Slide|p1a: Nadine
|-damage|p1a: Nadine|49/100
|move|p1a: Nadine|Ice Beam|p2a: Titanas
|-damage|p2a: Titanas|10/100
|
|-weather|Sandstorm|[upkeep]
|-damage|p1a: Nadine|43/100|[from] Sandstorm
|-heal|p2a: Titanas|17/100|[from] item: Leftovers
|-heal|p1a: Nadine|49/100|[from] item: Leftovers
|upkeep
|turn|29
|
|t:|1728339531
|switch|p1a: BOB|Claydol|74/100
|move|p2a: Titanas|Rock Slide|p1a: BOB
|-resisted|p1a: BOB
|-damage|p1a: BOB|46/100
|
|-weather|Sandstorm|[upkeep]
|-heal|p2a: Titanas|23/100|[from] item: Leftovers
|-heal|p1a: BOB|53/100|[from] item: Leftovers
|upkeep
|turn|30
|
|t:|1728339547
|move|p2a: Titanas|Earthquake|p1a: BOB
|-immune|p1a: BOB
|move|p1a: BOB|Earthquake|p2a: Titanas
|-supereffective|p2a: Titanas
|-crit|p2a: Titanas
|-damage|p2a: Titanas|0 fnt
|faint|p2a: Titanas
|inactive|reshiram660 has 270 seconds left.
|
|t:|1728339570
|switch|p2a: Pterodaktilos|Aerodactyl, F|100/100
|
|-weather|Sandstorm|[upkeep]
|-heal|p1a: BOB|59/100|[from] item: Leftovers
|upkeep
|turn|31
|inactive|reshiram660 has 270 seconds left.
|
|t:|1728339578
|move|p2a: Pterodaktilos|Double-Edge|p1a: BOB
|-damage|p1a: BOB|12/100
|move|p1a: BOB|Psychic|p2a: Pterodaktilos
|-damage|p2a: Pterodaktilos|64/100
|
|-weather|Sandstorm|[upkeep]
|-heal|p1a: BOB|18/100|[from] item: Leftovers
|upkeep
|turn|32
|
|t:|1728339588
|move|p2a: Pterodaktilos|Double-Edge|p1a: BOB
|-damage|p1a: BOB|0 fnt
|faint|p1a: BOB
|
|t:|1728339601
|switch|p1a: The Horse|Suicune|76/100 brn
|
|-weather|Sandstorm|[upkeep]
|-damage|p1a: The Horse|70/100 brn|[from] Sandstorm
|-heal|p1a: The Horse|76/100 brn|[from] item: Leftovers
|-damage|p1a: The Horse|63/100 brn|[from] brn
|upkeep
|turn|33
|
|t:|1728339607
|move|p2a: Pterodaktilos|Double-Edge|p1a: The Horse
|-crit|p1a: The Horse
|-damage|p1a: The Horse|1/100 brn
|move|p1a: The Horse|Surf|p2a: Pterodaktilos
|-supereffective|p2a: Pterodaktilos
|-damage|p2a: Pterodaktilos|0 fnt
|faint|p2a: Pterodaktilos
|
|win|Big Nut Bill
|c|☆Big Nut Bill|ggs

</script>
<script type="application/json" class="data" id="replaydata-smogtours-gen3ou-796259">
{"id":"smogtours-gen3ou-796259","format":"[Gen 3] OU","players":["Big Nut Bill","reshiram660"],"uploadtime":1728339607,"views":159,"formatid":"gen3ou","rating":null,"private":0,"password":null}
</script>

<script defer src="js/replays.js?9d40a366"></script>
