<!DOCTYPE html>
<meta charset="utf-8" />
<meta name="viewport" content="width=device-width" />

<title>[Gen 3] OU: muk fan vs. doomlsinger - Replays - Pok&eacute;mon Showdown!</title>

<meta name="description" content="Watch a replay of a Pok&eacute;mon battle between muk fan and doomlsinger! Format: [Gen 3] OU; Date: Oct 5, 2024" />
<!--

Hey, you! Looking in the source for the replay log?

You can find them in JSON format, just add `.json` at the end of a replay URL.

https://replay.pokemonshowdown.com/gen7randomdoublesbattle-865046831.json

Or, if you only need the log itself, add `.log` instead:

https://replay.pokemonshowdown.com/gen7randomdoublesbattle-865046831.log

-->

<link rel="stylesheet" href="//pokemonshowdown.com/style/global.css?0.767286132409787" />
<link rel="stylesheet" href="//play.pokemonshowdown.com/style/font-awesome.css?0.9266228007934947" />
<link rel="stylesheet" href="//play.pokemonshowdown.com/style/battle.css?0.7924700842790926" />
<link rel="stylesheet" href="//play.pokemonshowdown.com/style/utilichart.css?0.8777417872839479" />

<!-- Global site tag (gtag.js) - Google Analytics -->
<script async src="https://www.googletagmanager.com/gtag/js?id=UA-26211653-1"></script>
<script>
  window.dataLayer = window.dataLayer || [];
  function gtag(){dataLayer.push(arguments);}
  gtag('js', new Date());

  gtag('config', 'UA-26211653-1');
</script>
<!-- End Google Analytics -->
<!-- Venatus Ad Manager - Install in <HEAD> of page -->
	<script src="https://hb.vntsm.com/v3/live/ad-manager.min.js" type="text/javascript" data-site-id="642aba63ec9a7b11c3c9c1be" data-mode="scan" async></script>
<!-- / Venatus Ad Manager -->

<style>
	@media (max-width:820px) {
		.battle {
			margin: 0 auto;
		}
		.battle-log {
			margin: 7px auto 0;
			max-width: 640px;
			height: 300px;
			position: static;
		}
	}
	.optgroup {
		display: inline-block;
		line-height: 22px;
		font-size: 10pt;
	}
	.optgroup .button {
		height: 25px;
		padding-top: 0;
		padding-bottom: 0;
	}
	.optgroup button.button {
		padding-left: 12px;
		padding-right: 12px;
	}
	.linklist {
		list-style: none;
		margin: 0.5em 0;
		padding: 0;
	}
	.linklist li {
		padding: 2px 0;
	}
	.sidebar {
		float: left;
		width: 320px;
	}
	.bar-wrapper {
		max-width: 1100px;
		margin: 0 auto;
	}
	.bar-wrapper.has-sidebar {
		max-width: 1430px;
	}
	.mainbar {
		margin: 0;
		padding-right: 1px;
	}
	.mainbar.has-sidebar {
		margin-left: 330px;
	}
	@media (min-width: 1511px) {
		.sidebar {
			width: 400px;
		}
		.bar-wrapper.has-sidebar {
			max-width: 1510px;
		}
		.mainbar.has-sidebar {
			margin-left: 410px;
		}
	}
	.section.first-section {
		margin-top: 9px;
	}
	.blocklink small {
		white-space: normal;
	}
	.button {
		vertical-align: middle;
	}
	.replay-controls {
		padding-top: 10px;
	}
	.replay-controls h1 {
		font-size: 16pt;
		font-weight: normal;
		color: #CCC;
	}
	.pagelink {
		text-align: center;
	}
	.pagelink a {
		width: 150px;
	}
	.textbox, .button {
		font-size: 11pt;
		vertical-align: middle;
	}
	@media (max-width: 450px) {
		.button {
			font-size: 9pt;
		}
	}
</style>

<div>

	<header>
		<div class="nav-wrapper"><ul class="nav">
			<li><a class="button nav-first" href="//pokemonshowdown.com/"><img src="//pokemonshowdown.com/images/pokemonshowdownbeta.png" srcset="//pokemonshowdown.com/images/pokemonshowdownbeta.png 1x, //pokemonshowdown.com/images/pokemonshowdownbeta@2x.png 2x" alt="Pok&eacute;mon Showdown" width="146" height="44" /> Home</a></li>
			<li><a class="button" href="//pokemonshowdown.com/dex/">Pok&eacute;dex</a></li>
			<li><a class="button cur" href="/">Replays</a></li>
			<li><a class="button" href="//pokemonshowdown.com/ladder/">Ladder</a></li>
			<li><a class="button nav-last" href="//pokemonshowdown.com/forums/">Forum</a></li>
			<li><a class="button greenbutton nav-first nav-last" href="//play.pokemonshowdown.com/">Play</a></li>
		</ul></div>
	</header>

	<div class="main" id="main">

		<noscript><section class="section">You need to enable JavaScript to use this page; sorry!</section></noscript>

	</div>

</div>

<script defer nomodule src="//play.pokemonshowdown.com/js/lib/ps-polyfill.js"></script>
<script defer src="//play.pokemonshowdown.com/js/lib/preact.min.js"></script>

<script defer src="//play.pokemonshowdown.com/config/config.js?6dec07f6"></script>
<script defer src="//play.pokemonshowdown.com/js/lib/jquery-1.11.0.min.js"></script>
<script defer src="//play.pokemonshowdown.com/js/lib/html-sanitizer-minified.js"></script>
<script defer src="//play.pokemonshowdown.com/js/battle-sound.js"></script>
<script defer src="//play.pokemonshowdown.com/js/battledata.js?0.6315294753075389"></script>
<script defer src="//play.pokemonshowdown.com/data/pokedex-mini.js?0.7603743185311358"></script>
<script defer src="//play.pokemonshowdown.com/data/pokedex-mini-bw.js?0.030888842834281283"></script>
<script defer src="//play.pokemonshowdown.com/data/graphics.js?0.05593094747507488"></script>
<script defer src="//play.pokemonshowdown.com/data/pokedex.js?0.47064822249611904"></script>
<script defer src="//play.pokemonshowdown.com/data/moves.js?0.8583693120512459"></script>
<script defer src="//play.pokemonshowdown.com/data/abilities.js?0.16017181182386842"></script>
<script defer src="//play.pokemonshowdown.com/data/items.js?0.4163379185673943"></script>
<script defer src="//play.pokemonshowdown.com/data/teambuilder-tables.js?0.31075597372830477"></script>
<script defer src="//play.pokemonshowdown.com/js/battle-tooltips.js?0.6536193500708172"></script>
<script defer src="//play.pokemonshowdown.com/js/battle.js?0.1916591943277901"></script>

<script defer src="js/utils.js?e31f9a17"></script>
<script defer src="js/replays-battle.js?7008c182"></script>

<!-- don't scrape this data! just add .json or .log after the URL!
Full API docs: https://github.com/smogon/pokemon-showdown-client/blob/master/WEB-API.md -->
<script type="text/plain" class="log" id="replaylog-smogtours-gen3ou-794889">
|inactive|Battle timer is ON: inactive players will automatically lose when time's up.
|t:|1728133363
|gametype|singles
|player|p1|muk fan|101|
|player|p2|doomlsinger|silver|
|teamsize|p1|6
|teamsize|p2|6
|gen|3
|tier|[Gen 3] OU
|rule|Sleep Clause Mod: Limit one foe put to sleep
|rule|Switch Priority Clause Mod: Faster Pokémon switch first
|rule|Species Clause: Limit one of each Pokémon
|rule|OHKO Clause: OHKO moves are banned
|rule|Evasion Items Clause: Evasion items are banned
|rule|Evasion Moves Clause: Evasion moves are banned
|rule|Endless Battle Clause: Forcing endless battles is banned
|rule|HP Percentage Mod: HP is shown in percentages
|rule|One Boost Passer Clause: Limit one Baton Passer that has a way to boost its stats
|rule|Freeze Clause Mod: Limit one foe frozen
|
|t:|1728133363
|start
|switch|p1a: Metagross|Metagross|100/100
|switch|p2a: Salamence|Salamence, F|100/100
|-ability|p2a: Salamence|Intimidate|boost
|-fail|p1a: Metagross|unboost|[from] ability: Clear Body|[of] p1a: Metagross
|turn|1
|inactive|muk fan has 270 seconds left.
|
|t:|1728133403
|move|p2a: Salamence|Fire Blast|p1a: Metagross|[miss]
|-miss|p2a: Salamence|p1a: Metagross
|move|p1a: Metagross|Explosion|p2a: Salamence
|-damage|p2a: Salamence|0 fnt
|faint|p1a: Metagross
|faint|p2a: Salamence
|
|t:|1728133410
|switch|p2a: Tyranitar|Tyranitar, M|100/100
|switch|p1a: Regirock|Regirock|100/100
|-weather|Sandstorm|[from] ability: Sand Stream|[of] p2a: Tyranitar
|
|-weather|Sandstorm|[upkeep]
|upkeep
|turn|2
|
|t:|1728133415
|move|p1a: Regirock|Thunder Wave|p2a: Tyranitar
|-status|p2a: Tyranitar|par
|move|p2a: Tyranitar|Counter|p1a: Regirock
|
|-weather|Sandstorm|[upkeep]
|upkeep
|turn|3
|
|t:|1728133442
|switch|p2a: Blissey|Blissey, F|100/100
|move|p1a: Regirock|Thunder Wave|p2a: Blissey
|-status|p2a: Blissey|par
|
|-weather|Sandstorm|[upkeep]
|-damage|p2a: Blissey|94/100 par|[from] Sandstorm
|-heal|p2a: Blissey|100/100 par|[from] item: Leftovers
|upkeep
|turn|4
|
|t:|1728133450
|move|p1a: Regirock|Superpower|p2a: Blissey
|-supereffective|p2a: Blissey
|-damage|p2a: Blissey|38/100 par
|-unboost|p1a: Regirock|atk|1
|-unboost|p1a: Regirock|def|1
|-enditem|p1a: Regirock|White Herb
|-clearnegativeboost|p1a: Regirock|[silent]
|move|p2a: Blissey|Seismic Toss|p1a: Regirock
|-damage|p1a: Regirock|73/100
|
|-weather|Sandstorm|[upkeep]
|-damage|p2a: Blissey|32/100 par|[from] Sandstorm
|-heal|p2a: Blissey|38/100 par|[from] item: Leftovers
|upkeep
|turn|5
|
|t:|1728133468
|-curestatus|p2a: Blissey|par|[from] ability: Natural Cure
|switch|p2a: Forretress|Forretress, F|100/100
|move|p1a: Regirock|Explosion|p2a: Forretress
|-resisted|p2a: Forretress
|-damage|p2a: Forretress|48/100
|faint|p1a: Regirock
|
|t:|1728133478
|switch|p1a: Gengar|Gengar, F|100/100
|
|-weather|Sandstorm|[upkeep]
|-damage|p1a: Gengar|94/100|[from] Sandstorm
|-heal|p1a: Gengar|100/100|[from] item: Leftovers
|-heal|p2a: Forretress|54/100|[from] item: Leftovers
|upkeep
|turn|6
|
|t:|1728133488
|switch|p2a: Blissey|Blissey, F|38/100
|move|p1a: Gengar|Will-O-Wisp|p2a: Blissey
|-status|p2a: Blissey|brn
|
|-weather|Sandstorm|[upkeep]
|-damage|p1a: Gengar|94/100|[from] Sandstorm
|-damage|p2a: Blissey|32/100 brn|[from] Sandstorm
|-heal|p1a: Gengar|100/100|[from] item: Leftovers
|-heal|p2a: Blissey|38/100 brn|[from] item: Leftovers
|-damage|p2a: Blissey|25/100 brn|[from] brn
|upkeep
|turn|7
|
|t:|1728133503
|move|p1a: Gengar|Explosion|p2a: Blissey
|-damage|p2a: Blissey|0 fnt
|faint|p1a: Gengar
|faint|p2a: Blissey
|
|t:|1728133513
|switch|p1a: Claydol|Claydol|100/100
|switch|p2a: Jirachi|Jirachi|100/100
|
|-weather|Sandstorm|[upkeep]
|upkeep
|turn|8
|
|t:|1728133519
|move|p2a: Jirachi|Toxic|p1a: Claydol|[miss]
|-miss|p2a: Jirachi|p1a: Claydol
|move|p1a: Claydol|Earthquake|p2a: Jirachi
|-supereffective|p2a: Jirachi
|-damage|p2a: Jirachi|56/100
|
|-weather|Sandstorm|[upkeep]
|-heal|p2a: Jirachi|62/100|[from] item: Leftovers
|upkeep
|turn|9
|
|t:|1728133528
|switch|p1a: Snorlax|Snorlax, F|100/100
|move|p2a: Jirachi|Protect||[still]
|-fail|p2a: Jirachi
|
|-weather|Sandstorm|[upkeep]
|-damage|p1a: Snorlax|94/100|[from] Sandstorm
|-heal|p2a: Jirachi|69/100|[from] item: Leftovers
|-heal|p1a: Snorlax|100/100|[from] item: Leftovers
|upkeep
|turn|10
|
|t:|1728133558
|switch|p2a: Forretress|Forretress, F|54/100
|move|p1a: Snorlax|Curse|p1a: Snorlax
|-unboost|p1a: Snorlax|spe|1
|-boost|p1a: Snorlax|atk|1
|-boost|p1a: Snorlax|def|1
|
|-weather|Sandstorm|[upkeep]
|-damage|p1a: Snorlax|94/100|[from] Sandstorm
|-heal|p2a: Forretress|61/100|[from] item: Leftovers
|-heal|p1a: Snorlax|100/100|[from] item: Leftovers
|upkeep
|turn|11
|
|t:|1728133568
|move|p2a: Forretress|Explosion|p1a: Snorlax
|-crit|p1a: Snorlax
|-damage|p1a: Snorlax|0 fnt
|faint|p2a: Forretress
|faint|p1a: Snorlax
|c|☆doomlsinger|Oof sorry 
|c|☆muk fan|happens
|
|t:|1728133582
|switch|p2a: Tyranitar|Tyranitar, M|100/100 par
|switch|p1a: Claydol|Claydol|100/100
|
|-weather|Sandstorm|[upkeep]
|upkeep
|turn|12
|
|t:|1728133589
|move|p1a: Claydol|Earthquake|p2a: Tyranitar
|-supereffective|p2a: Tyranitar
|-damage|p2a: Tyranitar|42/100 par
|move|p2a: Tyranitar|Crunch|p1a: Claydol
|-supereffective|p1a: Claydol
|-damage|p1a: Claydol|39/100
|
|-weather|Sandstorm|[upkeep]
|-heal|p1a: Claydol|45/100|[from] item: Leftovers
|-heal|p2a: Tyranitar|48/100 par|[from] item: Leftovers
|upkeep
|turn|13
|
|t:|1728133599
|switch|p2a: Aerodactyl|Aerodactyl, M|100/100
|move|p1a: Claydol|Earthquake|p2a: Aerodactyl
|-immune|p2a: Aerodactyl
|
|-weather|Sandstorm|[upkeep]
|-heal|p1a: Claydol|51/100|[from] item: Leftovers
|upkeep
|turn|14
|
|t:|1728133606
|move|p2a: Aerodactyl|Double-Edge|p1a: Claydol
|-damage|p1a: Claydol|0 fnt
|faint|p1a: Claydol
|
|t:|1728133608
|switch|p1a: Suicune|Suicune|100/100
|
|-weather|Sandstorm|[upkeep]
|-damage|p1a: Suicune|94/100|[from] Sandstorm
|-heal|p1a: Suicune|100/100|[from] item: Leftovers
|upkeep
|turn|15
|
|t:|1728133623
|move|p2a: Aerodactyl|Double-Edge|p1a: Suicune
|-crit|p1a: Suicune
|-damage|p1a: Suicune|39/100
|move|p1a: Suicune|Surf|p2a: Aerodactyl
|-supereffective|p2a: Aerodactyl
|-damage|p2a: Aerodactyl|21/100
|
|-weather|Sandstorm|[upkeep]
|-damage|p1a: Suicune|33/100|[from] Sandstorm
|-heal|p1a: Suicune|39/100|[from] item: Leftovers
|upkeep
|turn|16
|
|t:|1728133632
|move|p2a: Aerodactyl|Double-Edge|p1a: Suicune
|-damage|p1a: Suicune|9/100
|move|p1a: Suicune|Surf|p2a: Aerodactyl
|-supereffective|p2a: Aerodactyl
|-damage|p2a: Aerodactyl|0 fnt
|faint|p2a: Aerodactyl
|
|t:|1728133639
|switch|p2a: Jirachi|Jirachi|69/100
|
|-weather|Sandstorm|[upkeep]
|-damage|p1a: Suicune|3/100|[from] Sandstorm
|-heal|p2a: Jirachi|75/100|[from] item: Leftovers
|-heal|p1a: Suicune|9/100|[from] item: Leftovers
|upkeep
|turn|17
|
|t:|1728133646
|move|p2a: Jirachi|Fire Punch|p1a: Suicune
|-resisted|p1a: Suicune
|-damage|p1a: Suicune|3/100
|move|p1a: Suicune|Rest|p1a: Suicune
|-status|p1a: Suicune|slp|[from] move: Rest
|-heal|p1a: Suicune|100/100 slp|[silent]
|
|-weather|Sandstorm|[upkeep]
|-damage|p1a: Suicune|94/100 slp|[from] Sandstorm
|-heal|p2a: Jirachi|81/100|[from] item: Leftovers
|-heal|p1a: Suicune|100/100 slp|[from] item: Leftovers
|upkeep
|turn|18
|
|t:|1728133665
|move|p2a: Jirachi|Wish|p2a: Jirachi
|cant|p1a: Suicune|slp
|
|-weather|Sandstorm|[upkeep]
|-damage|p1a: Suicune|94/100 slp|[from] Sandstorm
|-heal|p2a: Jirachi|87/100|[from] item: Leftovers
|-heal|p1a: Suicune|100/100 slp|[from] item: Leftovers
|upkeep
|turn|19
|
|t:|1728133676
|switch|p2a: Tyranitar|Tyranitar, M|48/100 par
|cant|p1a: Suicune|slp
|
|-heal|p2a: Tyranitar|98/100 par|[from] move: Wish|[wisher] Jirachi
|-weather|Sandstorm|[upkeep]
|-damage|p1a: Suicune|94/100 slp|[from] Sandstorm
|-heal|p1a: Suicune|100/100 slp|[from] item: Leftovers
|-heal|p2a: Tyranitar|100/100 par|[from] item: Leftovers
|upkeep
|turn|20
|
|t:|1728133686
|-curestatus|p1a: Suicune|slp|[msg]
|move|p1a: Suicune|Calm Mind|p1a: Suicune
|-boost|p1a: Suicune|spa|1
|-boost|p1a: Suicune|spd|1
|move|p2a: Tyranitar|Crunch|p1a: Suicune
|-damage|p1a: Suicune|83/100
|
|-weather|Sandstorm|[upkeep]
|-damage|p1a: Suicune|77/100|[from] Sandstorm
|-heal|p1a: Suicune|83/100|[from] item: Leftovers
|upkeep
|turn|21
|
|t:|1728133699
|switch|p2a: Jirachi|Jirachi|87/100
|move|p1a: Suicune|Calm Mind|p1a: Suicune
|-boost|p1a: Suicune|spa|1
|-boost|p1a: Suicune|spd|1
|
|-weather|Sandstorm|[upkeep]
|-damage|p1a: Suicune|77/100|[from] Sandstorm
|-heal|p2a: Jirachi|93/100|[from] item: Leftovers
|-heal|p1a: Suicune|83/100|[from] item: Leftovers
|upkeep
|turn|22
|
|t:|1728133708
|move|p2a: Jirachi|Toxic|p1a: Suicune
|-status|p1a: Suicune|tox
|move|p1a: Suicune|Surf|p2a: Jirachi
|-damage|p2a: Jirachi|40/100
|
|-weather|Sandstorm|[upkeep]
|-damage|p1a: Suicune|77/100 tox|[from] Sandstorm
|-heal|p2a: Jirachi|46/100|[from] item: Leftovers
|-heal|p1a: Suicune|83/100 tox|[from] item: Leftovers
|-damage|p1a: Suicune|77/100 tox|[from] psn
|upkeep
|turn|23
|
|t:|1728133718
|move|p2a: Jirachi|Protect|p2a: Jirachi
|-singleturn|p2a: Jirachi|Protect
|move|p1a: Suicune|Calm Mind|p1a: Suicune
|-boost|p1a: Suicune|spa|1
|-boost|p1a: Suicune|spd|1
|
|-weather|Sandstorm|[upkeep]
|-damage|p1a: Suicune|71/100 tox|[from] Sandstorm
|-heal|p2a: Jirachi|52/100|[from] item: Leftovers
|-heal|p1a: Suicune|77/100 tox|[from] item: Leftovers
|-damage|p1a: Suicune|64/100 tox|[from] psn
|upkeep
|turn|24
|
|t:|1728133730
|move|p2a: Jirachi|Wish|p2a: Jirachi
|move|p1a: Suicune|Surf|p2a: Jirachi
|-crit|p2a: Jirachi
|-damage|p2a: Jirachi|0 fnt
|faint|p2a: Jirachi
|c|☆doomlsinger|gg sir
|
|t:|1728133737
|switch|p2a: Tyranitar|Tyranitar, M|100/100 par
|
|-weather|Sandstorm|[upkeep]
|-damage|p1a: Suicune|58/100 tox|[from] Sandstorm
|-heal|p1a: Suicune|64/100 tox|[from] item: Leftovers
|-damage|p1a: Suicune|46/100 tox|[from] psn
|upkeep
|turn|25
|c|☆muk fan|ggs
|
|t:|1728133743
|move|p1a: Suicune|Surf|p2a: Tyranitar
|-supereffective|p2a: Tyranitar
|-damage|p2a: Tyranitar|0 fnt
|faint|p2a: Tyranitar
|
|win|muk fan

</script>
<script type="application/json" class="data" id="replaydata-smogtours-gen3ou-794889">
{"id":"smogtours-gen3ou-794889","format":"[Gen 3] OU","players":["muk fan","doomlsinger"],"uploadtime":1728133743,"views":110,"formatid":"gen3ou","rating":null,"private":0,"password":null}
</script>

<script defer src="js/replays.js?9d40a366"></script>
