<!DOCTYPE html>
<meta charset="utf-8" />
<meta name="viewport" content="width=device-width" />

<title>[Gen 3] OU: Ivoire vs. dig boshi - Replays - Pok&eacute;mon Showdown!</title>

<meta name="description" content="Watch a replay of a Pok&eacute;mon battle between Ivoire and dig boshi! Format: [Gen 3] OU; Date: Oct 3, 2024" />
<!--

Hey, you! Looking in the source for the replay log?

You can find them in JSON format, just add `.json` at the end of a replay URL.

https://replay.pokemonshowdown.com/gen7randomdoublesbattle-865046831.json

Or, if you only need the log itself, add `.log` instead:

https://replay.pokemonshowdown.com/gen7randomdoublesbattle-865046831.log

-->

<link rel="stylesheet" href="//pokemonshowdown.com/style/global.css?0.023195364461161105" />
<link rel="stylesheet" href="//play.pokemonshowdown.com/style/font-awesome.css?0.13261647063804238" />
<link rel="stylesheet" href="//play.pokemonshowdown.com/style/battle.css?0.8753245789963631" />
<link rel="stylesheet" href="//play.pokemonshowdown.com/style/utilichart.css?0.8627959624976733" />

<!-- Global site tag (gtag.js) - Google Analytics -->
<script async src="https://www.googletagmanager.com/gtag/js?id=UA-26211653-1"></script>
<script>
  window.dataLayer = window.dataLayer || [];
  function gtag(){dataLayer.push(arguments);}
  gtag('js', new Date());

  gtag('config', 'UA-26211653-1');
</script>
<!-- End Google Analytics -->
<!-- Venatus Ad Manager - Install in <HEAD> of page -->
	<script src="https://hb.vntsm.com/v3/live/ad-manager.min.js" type="text/javascript" data-site-id="642aba63ec9a7b11c3c9c1be" data-mode="scan" async></script>
<!-- / Venatus Ad Manager -->

<style>
	@media (max-width:820px) {
		.battle {
			margin: 0 auto;
		}
		.battle-log {
			margin: 7px auto 0;
			max-width: 640px;
			height: 300px;
			position: static;
		}
	}
	.optgroup {
		display: inline-block;
		line-height: 22px;
		font-size: 10pt;
	}
	.optgroup .button {
		height: 25px;
		padding-top: 0;
		padding-bottom: 0;
	}
	.optgroup button.button {
		padding-left: 12px;
		padding-right: 12px;
	}
	.linklist {
		list-style: none;
		margin: 0.5em 0;
		padding: 0;
	}
	.linklist li {
		padding: 2px 0;
	}
	.sidebar {
		float: left;
		width: 320px;
	}
	.bar-wrapper {
		max-width: 1100px;
		margin: 0 auto;
	}
	.bar-wrapper.has-sidebar {
		max-width: 1430px;
	}
	.mainbar {
		margin: 0;
		padding-right: 1px;
	}
	.mainbar.has-sidebar {
		margin-left: 330px;
	}
	@media (min-width: 1511px) {
		.sidebar {
			width: 400px;
		}
		.bar-wrapper.has-sidebar {
			max-width: 1510px;
		}
		.mainbar.has-sidebar {
			margin-left: 410px;
		}
	}
	.section.first-section {
		margin-top: 9px;
	}
	.blocklink small {
		white-space: normal;
	}
	.button {
		vertical-align: middle;
	}
	.replay-controls {
		padding-top: 10px;
	}
	.replay-controls h1 {
		font-size: 16pt;
		font-weight: normal;
		color: #CCC;
	}
	.pagelink {
		text-align: center;
	}
	.pagelink a {
		width: 150px;
	}
	.textbox, .button {
		font-size: 11pt;
		vertical-align: middle;
	}
	@media (max-width: 450px) {
		.button {
			font-size: 9pt;
		}
	}
</style>

<div>

	<header>
		<div class="nav-wrapper"><ul class="nav">
			<li><a class="button nav-first" href="//pokemonshowdown.com/"><img src="//pokemonshowdown.com/images/pokemonshowdownbeta.png" srcset="//pokemonshowdown.com/images/pokemonshowdownbeta.png 1x, //pokemonshowdown.com/images/pokemonshowdownbeta@2x.png 2x" alt="Pok&eacute;mon Showdown" width="146" height="44" /> Home</a></li>
			<li><a class="button" href="//pokemonshowdown.com/dex/">Pok&eacute;dex</a></li>
			<li><a class="button cur" href="/">Replays</a></li>
			<li><a class="button" href="//pokemonshowdown.com/ladder/">Ladder</a></li>
			<li><a class="button nav-last" href="//pokemonshowdown.com/forums/">Forum</a></li>
			<li><a class="button greenbutton nav-first nav-last" href="//play.pokemonshowdown.com/">Play</a></li>
		</ul></div>
	</header>

	<div class="main" id="main">

		<noscript><section class="section">You need to enable JavaScript to use this page; sorry!</section></noscript>

	</div>

</div>

<script defer nomodule src="//play.pokemonshowdown.com/js/lib/ps-polyfill.js"></script>
<script defer src="//play.pokemonshowdown.com/js/lib/preact.min.js"></script>

<script defer src="//play.pokemonshowdown.com/config/config.js?2bddbc15"></script>
<script defer src="//play.pokemonshowdown.com/js/lib/jquery-1.11.0.min.js"></script>
<script defer src="//play.pokemonshowdown.com/js/lib/html-sanitizer-minified.js"></script>
<script defer src="//play.pokemonshowdown.com/js/battle-sound.js"></script>
<script defer src="//play.pokemonshowdown.com/js/battledata.js?0.7209276989879541"></script>
<script defer src="//play.pokemonshowdown.com/data/pokedex-mini.js?0.6111056340867951"></script>
<script defer src="//play.pokemonshowdown.com/data/pokedex-mini-bw.js?0.3532142036491459"></script>
<script defer src="//play.pokemonshowdown.com/data/graphics.js?0.24223875632456182"></script>
<script defer src="//play.pokemonshowdown.com/data/pokedex.js?0.38839984266356864"></script>
<script defer src="//play.pokemonshowdown.com/data/moves.js?0.21866028504024015"></script>
<script defer src="//play.pokemonshowdown.com/data/abilities.js?0.2005157953846628"></script>
<script defer src="//play.pokemonshowdown.com/data/items.js?0.9894211263848525"></script>
<script defer src="//play.pokemonshowdown.com/data/teambuilder-tables.js?0.6008791140282215"></script>
<script defer src="//play.pokemonshowdown.com/js/battle-tooltips.js?0.7580118955022959"></script>
<script defer src="//play.pokemonshowdown.com/js/battle.js?0.6057722274234274"></script>

<script defer src="js/utils.js?e31f9a17"></script>
<script defer src="js/replays-battle.js?7008c182"></script>

<!-- don't scrape this data! just add .json or .log after the URL!
Full API docs: https://github.com/smogon/pokemon-showdown-client/blob/master/WEB-API.md -->
<script type="text/plain" class="log" id="replaylog-smogtours-gen3ou-794357">
|inactive|Battle timer is ON: inactive players will automatically lose when time's up.
|t:|1727986414
|gametype|singles
|player|p1|Ivoire|volkner-masters|
|player|p2|dig boshi|2|
|teamsize|p1|6
|teamsize|p2|6
|gen|3
|tier|[Gen 3] OU
|rule|Sleep Clause Mod: Limit one foe put to sleep
|rule|Switch Priority Clause Mod: Faster Pokémon switch first
|rule|Species Clause: Limit one of each Pokémon
|rule|OHKO Clause: OHKO moves are banned
|rule|Evasion Items Clause: Evasion items are banned
|rule|Evasion Moves Clause: Evasion moves are banned
|rule|Endless Battle Clause: Forcing endless battles is banned
|rule|HP Percentage Mod: HP is shown in percentages
|rule|One Boost Passer Clause: Limit one Baton Passer that has a way to boost its stats
|rule|Freeze Clause Mod: Limit one foe frozen
|
|t:|1727986414
|start
|switch|p1a: Skarmory|Skarmory, M|100/100
|switch|p2a: Skarmory|Skarmory, M|100/100
|turn|1
|c|☆Ivoire|hf
|
|t:|1727986425
|move|p2a: Skarmory|Spikes|p1a: Skarmory
|-sidestart|p1: Ivoire|Spikes
|move|p1a: Skarmory|Spikes|p2a: Skarmory
|-sidestart|p2: dig boshi|Spikes
|
|upkeep
|turn|2
|c|☆dig boshi|you too
|
|t:|1727986430
|move|p2a: Skarmory|Spikes|p1a: Skarmory
|-sidestart|p1: Ivoire|Spikes
|move|p1a: Skarmory|Spikes|p2a: Skarmory
|-sidestart|p2: dig boshi|Spikes
|
|upkeep
|turn|3
|
|t:|1727986438
|move|p2a: Skarmory|Spikes|p1a: Skarmory
|-sidestart|p1: Ivoire|Spikes
|move|p1a: Skarmory|Spikes|p2a: Skarmory
|-sidestart|p2: dig boshi|Spikes
|
|upkeep
|turn|4
|
|t:|1727986442
|move|p2a: Skarmory|Roar|p1a: Skarmory
|drag|p1a: Dugtrio|Dugtrio, F|100/100
|-damage|p1a: Dugtrio|76/100|[from] Spikes
|
|upkeep
|turn|5
|
|t:|1727986446
|switch|p1a: Skarmory|Skarmory, M|100/100
|move|p2a: Skarmory|Roar|p1a: Skarmory
|drag|p1a: Suicune|Suicune|100/100
|-damage|p1a: Suicune|75/100|[from] Spikes
|
|-heal|p1a: Suicune|82/100|[from] item: Leftovers
|upkeep
|turn|6
|
|t:|1727986453
|move|p1a: Suicune|Roar|p2a: Skarmory
|drag|p2a: Blissey|Blissey, F|100/100
|-damage|p2a: Blissey|76/100|[from] Spikes
|
|-heal|p1a: Suicune|88/100|[from] item: Leftovers
|-heal|p2a: Blissey|82/100|[from] item: Leftovers
|upkeep
|turn|7
|
|t:|1727986464
|move|p2a: Blissey|Toxic|p1a: Suicune
|-status|p1a: Suicune|tox
|move|p1a: Suicune|Roar|p2a: Blissey
|drag|p2a: Starmie|Starmie|100/100
|-damage|p2a: Starmie|76/100|[from] Spikes
|
|-heal|p2a: Starmie|82/100|[from] item: Leftovers
|-heal|p1a: Suicune|94/100 tox|[from] item: Leftovers
|-damage|p1a: Suicune|88/100 tox|[from] psn
|upkeep
|turn|8
|
|t:|1727986474
|switch|p1a: Blissey|Blissey, F|100/100
|-damage|p1a: Blissey|75/100|[from] Spikes
|move|p2a: Starmie|Rapid Spin|p1a: Blissey
|-damage|p1a: Blissey|73/100
|-sideend|p2: dig boshi|Spikes|[from] move: Rapid Spin|[of] p2a: Starmie
|
|-heal|p2a: Starmie|88/100|[from] item: Leftovers
|-heal|p1a: Blissey|79/100|[from] item: Leftovers
|upkeep
|turn|9
|
|t:|1727986484
|switch|p2a: Tyranitar|Tyranitar, F|100/100
|-weather|Sandstorm|[from] ability: Sand Stream|[of] p2a: Tyranitar
|move|p1a: Blissey|Seismic Toss|p2a: Tyranitar
|-damage|p2a: Tyranitar|76/100
|
|-weather|Sandstorm|[upkeep]
|-damage|p1a: Blissey|73/100|[from] Sandstorm
|-heal|p2a: Tyranitar|82/100|[from] item: Leftovers
|-heal|p1a: Blissey|79/100|[from] item: Leftovers
|upkeep
|turn|10
|
|t:|1727986496
|switch|p1a: Milotic|Milotic, M|100/100
|-damage|p1a: Milotic|76/100|[from] Spikes
|move|p2a: Tyranitar|Earthquake|p1a: Milotic
|-damage|p1a: Milotic|49/100
|
|-weather|Sandstorm|[upkeep]
|-damage|p1a: Milotic|43/100|[from] Sandstorm
|-heal|p1a: Milotic|49/100|[from] item: Leftovers
|-heal|p2a: Tyranitar|88/100|[from] item: Leftovers
|upkeep
|turn|11
|
|t:|1727986512
|switch|p2a: Starmie|Starmie|88/100
|move|p1a: Milotic|Recover|p1a: Milotic
|-heal|p1a: Milotic|99/100
|
|-weather|Sandstorm|[upkeep]
|-damage|p2a: Starmie|82/100|[from] Sandstorm
|-damage|p1a: Milotic|93/100|[from] Sandstorm
|-heal|p2a: Starmie|88/100|[from] item: Leftovers
|-heal|p1a: Milotic|99/100|[from] item: Leftovers
|upkeep
|turn|12
|
|t:|1727986523
|move|p2a: Starmie|Thunderbolt|p1a: Milotic
|-supereffective|p1a: Milotic
|-crit|p1a: Milotic
|-damage|p1a: Milotic|23/100
|move|p1a: Milotic|Toxic|p2a: Starmie
|-status|p2a: Starmie|tox
|
|-weather|Sandstorm|[upkeep]
|-damage|p2a: Starmie|82/100 tox|[from] Sandstorm
|-damage|p1a: Milotic|17/100|[from] Sandstorm
|-heal|p2a: Starmie|88/100 tox|[from] item: Leftovers
|-damage|p2a: Starmie|82/100 tox|[from] psn
|-heal|p1a: Milotic|23/100|[from] item: Leftovers
|upkeep
|turn|13
|
|t:|1727986534
|switch|p1a: Blissey|Blissey, F|79/100
|-damage|p1a: Blissey|54/100|[from] Spikes
|move|p2a: Starmie|Thunderbolt|p1a: Blissey
|-damage|p1a: Blissey|43/100
|
|-weather|Sandstorm|[upkeep]
|-damage|p2a: Starmie|76/100 tox|[from] Sandstorm
|-damage|p1a: Blissey|37/100|[from] Sandstorm
|-heal|p2a: Starmie|82/100 tox|[from] item: Leftovers
|-damage|p2a: Starmie|70/100 tox|[from] psn
|-heal|p1a: Blissey|43/100|[from] item: Leftovers
|upkeep
|turn|14
|
|t:|1727986550
|-curestatus|p2a: Starmie|tox|[from] ability: Natural Cure
|switch|p2a: Skarmory|Skarmory, M|100/100
|move|p1a: Blissey|Soft-Boiled|p1a: Blissey
|-heal|p1a: Blissey|93/100
|
|-weather|Sandstorm|[upkeep]
|-damage|p1a: Blissey|87/100|[from] Sandstorm
|-heal|p1a: Blissey|93/100|[from] item: Leftovers
|upkeep
|turn|15
|
|t:|1727986575
|move|p1a: Blissey|Seismic Toss|p2a: Skarmory
|-damage|p2a: Skarmory|69/100
|move|p2a: Skarmory|Roar|p1a: Blissey
|drag|p1a: Suicune|Suicune|88/100 tox
|-damage|p1a: Suicune|63/100 tox|[from] Spikes
|
|-weather|Sandstorm|[upkeep]
|-damage|p1a: Suicune|57/100 tox|[from] Sandstorm
|-heal|p1a: Suicune|63/100 tox|[from] item: Leftovers
|-damage|p1a: Suicune|57/100 tox|[from] psn
|-heal|p2a: Skarmory|76/100|[from] item: Leftovers
|upkeep
|turn|16
|
|t:|1727986587
|move|p2a: Skarmory|Protect|p2a: Skarmory
|-singleturn|p2a: Skarmory|Protect
|move|p1a: Suicune|Rest|p1a: Suicune
|-status|p1a: Suicune|slp|[from] move: Rest
|-heal|p1a: Suicune|100/100 slp|[silent]
|
|-weather|Sandstorm|[upkeep]
|-damage|p1a: Suicune|94/100 slp|[from] Sandstorm
|-heal|p1a: Suicune|100/100 slp|[from] item: Leftovers
|-heal|p2a: Skarmory|82/100|[from] item: Leftovers
|upkeep
|turn|17
|
|t:|1727986605
|cant|p1a: Suicune|slp
|move|p2a: Skarmory|Roar|p1a: Suicune
|drag|p1a: Blissey|Blissey, F|93/100
|-damage|p1a: Blissey|68/100|[from] Spikes
|
|-weather|Sandstorm|[upkeep]
|-damage|p1a: Blissey|62/100|[from] Sandstorm
|-heal|p2a: Skarmory|88/100|[from] item: Leftovers
|-heal|p1a: Blissey|68/100|[from] item: Leftovers
|upkeep
|turn|18
|
|t:|1727986617
|move|p1a: Blissey|Soft-Boiled|p1a: Blissey
|-heal|p1a: Blissey|100/100
|move|p2a: Skarmory|Roar|p1a: Blissey
|drag|p1a: Dugtrio|Dugtrio, F|76/100
|-damage|p1a: Dugtrio|51/100|[from] Spikes
|
|-weather|Sandstorm|[upkeep]
|-heal|p2a: Skarmory|94/100|[from] item: Leftovers
|upkeep
|turn|19
|
|t:|1727986627
|switch|p1a: Skarmory|Skarmory, M|100/100
|move|p2a: Skarmory|Drill Peck|p1a: Skarmory
|-resisted|p1a: Skarmory
|-damage|p1a: Skarmory|92/100
|
|-weather|Sandstorm|[upkeep]
|-heal|p2a: Skarmory|100/100|[from] item: Leftovers
|-heal|p1a: Skarmory|98/100|[from] item: Leftovers
|upkeep
|turn|20
|
|t:|1727986635
|move|p1a: Skarmory|Spikes|p2a: Skarmory
|-sidestart|p2: dig boshi|Spikes
|move|p2a: Skarmory|Roar|p1a: Skarmory
|drag|p1a: Blissey|Blissey, F|100/100
|-damage|p1a: Blissey|75/100|[from] Spikes
|
|-weather|Sandstorm|[upkeep]
|-damage|p1a: Blissey|69/100|[from] Sandstorm
|-heal|p1a: Blissey|75/100|[from] item: Leftovers
|upkeep
|turn|21
|
|t:|1727986658
|move|p1a: Blissey|Ice Beam|p2a: Skarmory
|-damage|p2a: Skarmory|78/100
|move|p2a: Skarmory|Roar|p1a: Blissey
|drag|p1a: Skarmory|Skarmory, M|98/100
|
|-weather|Sandstorm|[upkeep]
|-heal|p2a: Skarmory|84/100|[from] item: Leftovers
|-heal|p1a: Skarmory|100/100|[from] item: Leftovers
|upkeep
|turn|22
|
|t:|1727986667
|switch|p2a: Starmie|Starmie|70/100
|-damage|p2a: Starmie|57/100|[from] Spikes
|move|p1a: Skarmory|Spikes|p2a: Starmie
|-sidestart|p2: dig boshi|Spikes
|
|-weather|Sandstorm|[upkeep]
|-damage|p2a: Starmie|51/100|[from] Sandstorm
|-heal|p2a: Starmie|57/100|[from] item: Leftovers
|upkeep
|turn|23
|
|t:|1727986675
|move|p2a: Starmie|Rapid Spin|p1a: Skarmory
|-resisted|p1a: Skarmory
|-damage|p1a: Skarmory|99/100
|-sideend|p2: dig boshi|Spikes|[from] move: Rapid Spin|[of] p2a: Starmie
|move|p1a: Skarmory|Drill Peck|p2a: Starmie
|-crit|p2a: Starmie
|-damage|p2a: Starmie|0 fnt
|faint|p2a: Starmie
|inactive|dig boshi has 270 seconds left.
|
|t:|1727986701
|switch|p2a: Gengar|Gengar, M|100/100
|
|-weather|Sandstorm|[upkeep]
|-damage|p2a: Gengar|94/100|[from] Sandstorm
|-heal|p2a: Gengar|100/100|[from] item: Leftovers
|-heal|p1a: Skarmory|100/100|[from] item: Leftovers
|upkeep
|turn|24
|
|t:|1727986731
|move|p2a: Gengar|Will-O-Wisp|p1a: Skarmory
|-status|p1a: Skarmory|brn
|move|p1a: Skarmory|Spikes|p2a: Gengar
|-sidestart|p2: dig boshi|Spikes
|
|-weather|Sandstorm|[upkeep]
|-damage|p2a: Gengar|94/100|[from] Sandstorm
|-heal|p2a: Gengar|100/100|[from] item: Leftovers
|-damage|p1a: Skarmory|88/100 brn|[from] brn
|upkeep
|turn|25
|inactive|dig boshi has 270 seconds left.
|
|t:|1727986767
|switch|p2a: Blissey|Blissey, F|82/100
|-damage|p2a: Blissey|69/100|[from] Spikes
|switch|p1a: Claydol|Claydol|100/100
|
|-weather|Sandstorm|[upkeep]
|-damage|p2a: Blissey|63/100|[from] Sandstorm
|-heal|p2a: Blissey|69/100|[from] item: Leftovers
|upkeep
|turn|26
|
|t:|1727986781
|switch|p2a: Gengar|Gengar, M|100/100
|move|p1a: Claydol|Rapid Spin|p2a: Gengar
|-immune|p2a: Gengar
|
|-weather|Sandstorm|[upkeep]
|-damage|p2a: Gengar|94/100|[from] Sandstorm
|-heal|p2a: Gengar|100/100|[from] item: Leftovers
|upkeep
|turn|27
|
|t:|1727986789
|move|p2a: Gengar|Ice Punch|p1a: Claydol
|-supereffective|p1a: Claydol
|-damage|p1a: Claydol|61/100
|move|p1a: Claydol|Psychic|p2a: Gengar
|-supereffective|p2a: Gengar
|-damage|p2a: Gengar|16/100
|
|-weather|Sandstorm|[upkeep]
|-damage|p2a: Gengar|10/100|[from] Sandstorm
|-heal|p2a: Gengar|16/100|[from] item: Leftovers
|-heal|p1a: Claydol|67/100|[from] item: Leftovers
|upkeep
|turn|28
|
|t:|1727986799
|move|p2a: Gengar|Destiny Bond|p2a: Gengar
|-singlemove|p2a: Gengar|Destiny Bond
|move|p1a: Claydol|Psychic|p2a: Gengar
|-supereffective|p2a: Gengar
|-damage|p2a: Gengar|0 fnt
|faint|p2a: Gengar
|-activate|p2a: Gengar|move: Destiny Bond
|faint|p1a: Claydol
|
|t:|1727986818
|switch|p2a: Blissey|Blissey, F|69/100
|switch|p1a: Skarmory|Skarmory, M|88/100 brn
|-damage|p2a: Blissey|57/100|[from] Spikes
|
|-weather|Sandstorm|[upkeep]
|-damage|p2a: Blissey|51/100|[from] Sandstorm
|-heal|p1a: Skarmory|94/100 brn|[from] item: Leftovers
|-damage|p1a: Skarmory|82/100 brn|[from] brn
|-heal|p2a: Blissey|57/100|[from] item: Leftovers
|upkeep
|turn|29
|
|t:|1727986828
|move|p1a: Skarmory|Spikes|p2a: Blissey
|-sidestart|p2: dig boshi|Spikes
|move|p2a: Blissey|Seismic Toss|p1a: Skarmory
|-damage|p1a: Skarmory|52/100 brn
|
|-weather|Sandstorm|[upkeep]
|-damage|p2a: Blissey|51/100|[from] Sandstorm
|-heal|p1a: Skarmory|58/100 brn|[from] item: Leftovers
|-damage|p1a: Skarmory|46/100 brn|[from] brn
|-heal|p2a: Blissey|57/100|[from] item: Leftovers
|upkeep
|turn|30
|inactive|dig boshi has 240 seconds left.
|
|t:|1727986856
|move|p1a: Skarmory|Spikes|p2a: Blissey
|-sidestart|p2: dig boshi|Spikes
|move|p2a: Blissey|Seismic Toss|p1a: Skarmory
|-damage|p1a: Skarmory|16/100 brn
|
|-weather|Sandstorm|[upkeep]
|-damage|p2a: Blissey|51/100|[from] Sandstorm
|-heal|p1a: Skarmory|22/100 brn|[from] item: Leftovers
|-damage|p1a: Skarmory|9/100 brn|[from] brn
|-heal|p2a: Blissey|57/100|[from] item: Leftovers
|upkeep
|turn|31
|inactive|dig boshi has 240 seconds left.
|
|t:|1727986869
|move|p2a: Blissey|Soft-Boiled|p2a: Blissey
|-heal|p2a: Blissey|100/100
|move|p1a: Skarmory|Roar|p2a: Blissey
|drag|p2a: Swampert|Swampert, M|100/100
|-damage|p2a: Swampert|76/100|[from] Spikes
|
|-weather|Sandstorm|[upkeep]
|-heal|p1a: Skarmory|15/100 brn|[from] item: Leftovers
|-damage|p1a: Skarmory|3/100 brn|[from] brn
|-heal|p2a: Swampert|82/100|[from] item: Leftovers
|upkeep
|turn|32
|inactive|dig boshi has 240 seconds left.
|
|t:|1727986888
|switch|p1a: Blissey|Blissey, F|75/100
|-damage|p1a: Blissey|50/100|[from] Spikes
|switch|p2a: Skarmory|Skarmory, M|84/100
|
|-weather|Sandstorm|[upkeep]
|-damage|p1a: Blissey|44/100|[from] Sandstorm
|-heal|p2a: Skarmory|90/100|[from] item: Leftovers
|-heal|p1a: Blissey|50/100|[from] item: Leftovers
|upkeep
|turn|33
|inactive|dig boshi has 240 seconds left.
|
|t:|1727986907
|switch|p2a: Tyranitar|Tyranitar, F|88/100
|-damage|p2a: Tyranitar|63/100|[from] Spikes
|move|p1a: Blissey|Soft-Boiled|p1a: Blissey
|-heal|p1a: Blissey|100/100
|
|-weather|Sandstorm|[upkeep]
|-damage|p1a: Blissey|94/100|[from] Sandstorm
|-heal|p2a: Tyranitar|69/100|[from] item: Leftovers
|-heal|p1a: Blissey|100/100|[from] item: Leftovers
|upkeep
|turn|34
|
|t:|1727986923
|switch|p1a: Milotic|Milotic, M|23/100
|-damage|p1a: Milotic|0 fnt|[from] Spikes
|faint|p1a: Milotic
|
|t:|1727986928
|switch|p1a: Dugtrio|Dugtrio, F|51/100
|-damage|p1a: Dugtrio|27/100|[from] Spikes
|
|-weather|Sandstorm|[upkeep]
|-heal|p2a: Tyranitar|75/100|[from] item: Leftovers
|upkeep
|turn|35
|
|t:|1727986933
|move|p1a: Dugtrio|Earthquake|p2a: Tyranitar
|-supereffective|p2a: Tyranitar
|-damage|p2a: Tyranitar|0 fnt
|faint|p2a: Tyranitar
|
|t:|1727986944
|switch|p2a: Swampert|Swampert, M|82/100
|-damage|p2a: Swampert|57/100|[from] Spikes
|
|-weather|Sandstorm|[upkeep]
|-heal|p2a: Swampert|63/100|[from] item: Leftovers
|upkeep
|turn|36
|
|t:|1727986951
|move|p1a: Dugtrio|Earthquake|p2a: Swampert
|-damage|p2a: Swampert|26/100
|move|p2a: Swampert|Earthquake|p1a: Dugtrio
|-damage|p1a: Dugtrio|0 fnt
|faint|p1a: Dugtrio
|
|t:|1727986955
|switch|p1a: Skarmory|Skarmory, M|3/100 brn
|
|-weather|Sandstorm|[upkeep]
|-heal|p1a: Skarmory|9/100 brn|[from] item: Leftovers
|-damage|p1a: Skarmory|0 fnt|[from] brn
|faint|p1a: Skarmory
|-heal|p2a: Swampert|32/100|[from] item: Leftovers
|upkeep
|
|t:|1727986957
|switch|p1a: Blissey|Blissey, F|100/100
|-damage|p1a: Blissey|75/100|[from] Spikes
|turn|37
|
|t:|1727986967
|move|p1a: Blissey|Aromatherapy|p1a: Blissey
|-cureteam|p1a: Blissey|[from] move: Aromatherapy
|move|p2a: Swampert|Hydro Pump|p1a: Blissey
|-damage|p1a: Blissey|52/100
|
|-weather|Sandstorm|[upkeep]
|-damage|p1a: Blissey|46/100|[from] Sandstorm
|-heal|p1a: Blissey|52/100|[from] item: Leftovers
|-heal|p2a: Swampert|38/100|[from] item: Leftovers
|upkeep
|turn|38
|
|t:|1727986980
|move|p1a: Blissey|Soft-Boiled|p1a: Blissey
|-heal|p1a: Blissey|100/100
|move|p2a: Swampert|Earthquake|p1a: Blissey
|-damage|p1a: Blissey|63/100
|
|-weather|Sandstorm|[upkeep]
|-damage|p1a: Blissey|57/100|[from] Sandstorm
|-heal|p1a: Blissey|63/100|[from] item: Leftovers
|-heal|p2a: Swampert|44/100|[from] item: Leftovers
|upkeep
|turn|39
|
|t:|1727986989
|move|p1a: Blissey|Seismic Toss|p2a: Swampert
|-damage|p2a: Swampert|20/100
|move|p2a: Swampert|Earthquake|p1a: Blissey
|-damage|p1a: Blissey|26/100
|
|-weather|Sandstorm|[upkeep]
|-damage|p1a: Blissey|20/100|[from] Sandstorm
|-heal|p1a: Blissey|26/100|[from] item: Leftovers
|-heal|p2a: Swampert|26/100|[from] item: Leftovers
|upkeep
|turn|40
|
|t:|1727987000
|move|p1a: Blissey|Seismic Toss|p2a: Swampert
|-damage|p2a: Swampert|1/100
|move|p2a: Swampert|Earthquake|p1a: Blissey
|-crit|p1a: Blissey
|-damage|p1a: Blissey|0 fnt
|faint|p1a: Blissey
|
|t:|1727987007
|switch|p1a: Suicune|Suicune|100/100
|-damage|p1a: Suicune|75/100|[from] Spikes
|
|-weather|Sandstorm|[upkeep]
|-damage|p1a: Suicune|69/100|[from] Sandstorm
|-heal|p1a: Suicune|75/100|[from] item: Leftovers
|-heal|p2a: Swampert|7/100|[from] item: Leftovers
|upkeep
|turn|41
|
|t:|1727987017
|move|p1a: Suicune|Surf|p2a: Swampert
|-damage|p2a: Swampert|0 fnt
|faint|p2a: Swampert
|
|t:|1727987024
|switch|p2a: Blissey|Blissey, F|100/100
|-damage|p2a: Blissey|76/100|[from] Spikes
|
|-weather|Sandstorm|[upkeep]
|-damage|p1a: Suicune|69/100|[from] Sandstorm
|-damage|p2a: Blissey|69/100|[from] Sandstorm
|-heal|p1a: Suicune|75/100|[from] item: Leftovers
|-heal|p2a: Blissey|76/100|[from] item: Leftovers
|upkeep
|turn|42
|inactive|dig boshi has 270 seconds left.
|
|t:|1727987043
|move|p1a: Suicune|Calm Mind|p1a: Suicune
|-boost|p1a: Suicune|spa|1
|-boost|p1a: Suicune|spd|1
|move|p2a: Blissey|Seismic Toss|p1a: Suicune
|-damage|p1a: Suicune|51/100
|
|-weather|Sandstorm|[upkeep]
|-damage|p1a: Suicune|45/100|[from] Sandstorm
|-damage|p2a: Blissey|69/100|[from] Sandstorm
|-heal|p1a: Suicune|51/100|[from] item: Leftovers
|-heal|p2a: Blissey|76/100|[from] item: Leftovers
|upkeep
|turn|43
|inactive|dig boshi has 270 seconds left.
|c|☆dig boshi|I think ya just PP stall me and snowball from here
|-message|dig boshi forfeited.
|
|win|Ivoire
|c|☆Ivoire|gg
|c|☆dig boshi|gg
|c|☆Ivoire|/log Ivoire made the replay of this battle unlisted.
|player|p2|
|player|p1|
|player|p1|Ivoire|volkner-masters|

</script>
<script type="application/json" class="data" id="replaydata-smogtours-gen3ou-794357">
{"id":"smogtours-gen3ou-794357","format":"[Gen 3] OU","players":["Ivoire","dig boshi"],"uploadtime":1727987076,"views":112,"formatid":"gen3ou","rating":null,"private":1,"password":null}
</script>

<script defer src="js/replays.js?9d40a366"></script>
