<!DOCTYPE html>
<meta charset="utf-8" />
<meta name="viewport" content="width=device-width" />

<title>[Gen 3] OU: deno_nemesis vs. Jfaun - Replays - Pok&eacute;mon Showdown!</title>

<meta name="description" content="Watch a replay of a Pok&eacute;mon battle between deno_nemesis and Jfaun! Format: [Gen 3] OU; Date: Oct 23, 2024" />
<!--

Hey, you! Looking in the source for the replay log?

You can find them in JSON format, just add `.json` at the end of a replay URL.

https://replay.pokemonshowdown.com/gen7randomdoublesbattle-865046831.json

Or, if you only need the log itself, add `.log` instead:

https://replay.pokemonshowdown.com/gen7randomdoublesbattle-865046831.log

-->

<link rel="stylesheet" href="//pokemonshowdown.com/style/global.css?0.023195364461161105" />
<link rel="stylesheet" href="//play.pokemonshowdown.com/style/font-awesome.css?0.13261647063804238" />
<link rel="stylesheet" href="//play.pokemonshowdown.com/style/battle.css?0.8753245789963631" />
<link rel="stylesheet" href="//play.pokemonshowdown.com/style/utilichart.css?0.8627959624976733" />

<!-- Global site tag (gtag.js) - Google Analytics -->
<script async src="https://www.googletagmanager.com/gtag/js?id=UA-26211653-1"></script>
<script>
  window.dataLayer = window.dataLayer || [];
  function gtag(){dataLayer.push(arguments);}
  gtag('js', new Date());

  gtag('config', 'UA-26211653-1');
</script>
<!-- End Google Analytics -->
<!-- Venatus Ad Manager - Install in <HEAD> of page -->
	<script src="https://hb.vntsm.com/v3/live/ad-manager.min.js" type="text/javascript" data-site-id="642aba63ec9a7b11c3c9c1be" data-mode="scan" async></script>
<!-- / Venatus Ad Manager -->

<style>
	@media (max-width:820px) {
		.battle {
			margin: 0 auto;
		}
		.battle-log {
			margin: 7px auto 0;
			max-width: 640px;
			height: 300px;
			position: static;
		}
	}
	.optgroup {
		display: inline-block;
		line-height: 22px;
		font-size: 10pt;
	}
	.optgroup .button {
		height: 25px;
		padding-top: 0;
		padding-bottom: 0;
	}
	.optgroup button.button {
		padding-left: 12px;
		padding-right: 12px;
	}
	.linklist {
		list-style: none;
		margin: 0.5em 0;
		padding: 0;
	}
	.linklist li {
		padding: 2px 0;
	}
	.sidebar {
		float: left;
		width: 320px;
	}
	.bar-wrapper {
		max-width: 1100px;
		margin: 0 auto;
	}
	.bar-wrapper.has-sidebar {
		max-width: 1430px;
	}
	.mainbar {
		margin: 0;
		padding-right: 1px;
	}
	.mainbar.has-sidebar {
		margin-left: 330px;
	}
	@media (min-width: 1511px) {
		.sidebar {
			width: 400px;
		}
		.bar-wrapper.has-sidebar {
			max-width: 1510px;
		}
		.mainbar.has-sidebar {
			margin-left: 410px;
		}
	}
	.section.first-section {
		margin-top: 9px;
	}
	.blocklink small {
		white-space: normal;
	}
	.button {
		vertical-align: middle;
	}
	.replay-controls {
		padding-top: 10px;
	}
	.replay-controls h1 {
		font-size: 16pt;
		font-weight: normal;
		color: #CCC;
	}
	.pagelink {
		text-align: center;
	}
	.pagelink a {
		width: 150px;
	}
	.textbox, .button {
		font-size: 11pt;
		vertical-align: middle;
	}
	@media (max-width: 450px) {
		.button {
			font-size: 9pt;
		}
	}
</style>

<div>

	<header>
		<div class="nav-wrapper"><ul class="nav">
			<li><a class="button nav-first" href="//pokemonshowdown.com/"><img src="//pokemonshowdown.com/images/pokemonshowdownbeta.png" srcset="//pokemonshowdown.com/images/pokemonshowdownbeta.png 1x, //pokemonshowdown.com/images/pokemonshowdownbeta@2x.png 2x" alt="Pok&eacute;mon Showdown" width="146" height="44" /> Home</a></li>
			<li><a class="button" href="//pokemonshowdown.com/dex/">Pok&eacute;dex</a></li>
			<li><a class="button cur" href="/">Replays</a></li>
			<li><a class="button" href="//pokemonshowdown.com/ladder/">Ladder</a></li>
			<li><a class="button nav-last" href="//pokemonshowdown.com/forums/">Forum</a></li>
			<li><a class="button greenbutton nav-first nav-last" href="//play.pokemonshowdown.com/">Play</a></li>
		</ul></div>
	</header>

	<div class="main" id="main">

		<noscript><section class="section">You need to enable JavaScript to use this page; sorry!</section></noscript>

	</div>

</div>

<script defer nomodule src="//play.pokemonshowdown.com/js/lib/ps-polyfill.js"></script>
<script defer src="//play.pokemonshowdown.com/js/lib/preact.min.js"></script>

<script defer src="//play.pokemonshowdown.com/config/config.js?2bddbc15"></script>
<script defer src="//play.pokemonshowdown.com/js/lib/jquery-1.11.0.min.js"></script>
<script defer src="//play.pokemonshowdown.com/js/lib/html-sanitizer-minified.js"></script>
<script defer src="//play.pokemonshowdown.com/js/battle-sound.js"></script>
<script defer src="//play.pokemonshowdown.com/js/battledata.js?0.7209276989879541"></script>
<script defer src="//play.pokemonshowdown.com/data/pokedex-mini.js?0.6111056340867951"></script>
<script defer src="//play.pokemonshowdown.com/data/pokedex-mini-bw.js?0.3532142036491459"></script>
<script defer src="//play.pokemonshowdown.com/data/graphics.js?0.24223875632456182"></script>
<script defer src="//play.pokemonshowdown.com/data/pokedex.js?0.38839984266356864"></script>
<script defer src="//play.pokemonshowdown.com/data/moves.js?0.21866028504024015"></script>
<script defer src="//play.pokemonshowdown.com/data/abilities.js?0.2005157953846628"></script>
<script defer src="//play.pokemonshowdown.com/data/items.js?0.9894211263848525"></script>
<script defer src="//play.pokemonshowdown.com/data/teambuilder-tables.js?0.6008791140282215"></script>
<script defer src="//play.pokemonshowdown.com/js/battle-tooltips.js?0.7580118955022959"></script>
<script defer src="//play.pokemonshowdown.com/js/battle.js?0.6057722274234274"></script>

<script defer src="js/utils.js?e31f9a17"></script>
<script defer src="js/replays-battle.js?7008c182"></script>

<!-- don't scrape this data! just add .json or .log after the URL!
Full API docs: https://github.com/smogon/pokemon-showdown-client/blob/master/WEB-API.md -->
<script type="text/plain" class="log" id="replaylog-smogtours-gen3ou-801471">
|inactive|Battle timer is ON: inactive players will automatically lose when time's up.
|t:|1729724809
|gametype|singles
|player|p1|deno_nemesis|101|
|player|p2|Jfaun|170|
|teamsize|p1|6
|teamsize|p2|6
|gen|3
|tier|[Gen 3] OU
|rule|Sleep Clause Mod: Limit one foe put to sleep
|rule|Switch Priority Clause Mod: Faster Pokémon switch first
|rule|Species Clause: Limit one of each Pokémon
|rule|OHKO Clause: OHKO moves are banned
|rule|Evasion Items Clause: Evasion items are banned
|rule|Evasion Moves Clause: Evasion moves are banned
|rule|Endless Battle Clause: Forcing endless battles is banned
|rule|HP Percentage Mod: HP is shown in percentages
|rule|One Boost Passer Clause: Limit one Baton Passer that has a way to boost its stats
|rule|Freeze Clause Mod: Limit one foe frozen
|
|t:|1729724809
|start
|switch|p1a: Salamence|Salamence, F|100/100
|switch|p2a: Zapdos|Zapdos|100/100
|-ability|p1a: Salamence|Intimidate|boost
|-unboost|p2a: Zapdos|atk|1
|turn|1
|c|☆Jfaun|gl hf!
|c|☆deno_nemesis|glh!
|c|☆deno_nemesis|hf
|inactive|deno_nemesis has 270 seconds left.
|
|t:|1729724849
|switch|p1a: Swampert|Swampert, F|100/100
|move|p2a: Zapdos|Toxic|p1a: Swampert
|-status|p1a: Swampert|tox
|
|-damage|p1a: Swampert|94/100 tox|[from] psn
|upkeep
|turn|2
|inactive|Jfaun has 270 seconds left.
|
|t:|1729724880
|switch|p2a: Forretress|Forretress, M|100/100
|move|p1a: Swampert|Ice Beam|p2a: Forretress
|-resisted|p2a: Forretress
|-damage|p2a: Forretress|88/100
|
|-heal|p1a: Swampert|100/100 tox|[from] item: Leftovers
|-damage|p1a: Swampert|88/100 tox|[from] psn
|-heal|p2a: Forretress|94/100|[from] item: Leftovers
|upkeep
|turn|3
|
|t:|1729724892
|switch|p1a: Celebi|Celebi|100/100
|move|p2a: Forretress|Spikes|p1a: Celebi
|-sidestart|p1: deno_nemesis|Spikes
|
|-heal|p2a: Forretress|99/100|[from] item: Leftovers
|upkeep
|turn|4
|inactive|Jfaun has 270 seconds left.
|
|t:|1729724924
|switch|p2a: Gengar|Gengar, M, shiny|100/100
|move|p1a: Celebi|Hidden Power|p2a: Gengar
|-damage|p2a: Gengar|76/100
|
|-heal|p2a: Gengar|82/100|[from] item: Leftovers
|upkeep
|turn|5
|
|t:|1729724947
|switch|p1a: Swampert|Swampert, F|88/100 tox
|-damage|p1a: Swampert|76/100 tox|[from] Spikes
|move|p2a: Gengar|Ice Punch|p1a: Swampert
|-damage|p1a: Swampert|57/100 tox
|
|-heal|p2a: Gengar|88/100|[from] item: Leftovers
|-heal|p1a: Swampert|63/100 tox|[from] item: Leftovers
|-damage|p1a: Swampert|57/100 tox|[from] psn
|upkeep
|turn|6
|inactive|Jfaun has 240 seconds left.
|
|t:|1729724992
|switch|p2a: Forretress|Forretress, M|99/100
|move|p1a: Swampert|Hydro Pump|p2a: Forretress
|-damage|p2a: Forretress|59/100
|
|-heal|p1a: Swampert|63/100 tox|[from] item: Leftovers
|-damage|p1a: Swampert|50/100 tox|[from] psn
|-heal|p2a: Forretress|65/100|[from] item: Leftovers
|upkeep
|turn|7
|inactive|Jfaun has 210 seconds left.
|
|t:|1729725016
|move|p1a: Swampert|Hydro Pump|p2a: Forretress
|-damage|p2a: Forretress|20/100
|move|p2a: Forretress|Spikes|p1a: Swampert
|-sidestart|p1: deno_nemesis|Spikes
|
|-heal|p1a: Swampert|57/100 tox|[from] item: Leftovers
|-damage|p1a: Swampert|38/100 tox|[from] psn
|-heal|p2a: Forretress|26/100|[from] item: Leftovers
|upkeep
|turn|8
|inactive|Jfaun has 210 seconds left.
|
|t:|1729725050
|switch|p2a: Kingdra|Kingdra, M, shiny|100/100
|move|p1a: Swampert|Hydro Pump|p2a: Kingdra
|-resisted|p2a: Kingdra
|-crit|p2a: Kingdra
|-damage|p2a: Kingdra|75/100
|
|-heal|p1a: Swampert|44/100 tox|[from] item: Leftovers
|-damage|p1a: Swampert|19/100 tox|[from] psn
|upkeep
|turn|9
|
|t:|1729725060
|move|p2a: Kingdra|Ice Beam|p1a: Swampert
|-damage|p1a: Swampert|0 fnt
|faint|p1a: Swampert
|
|t:|1729725085
|switch|p1a: Skarmory|Skarmory, F|100/100
|
|upkeep
|turn|10
|
|t:|1729725107
|switch|p2a: Forretress|Forretress, M|26/100
|move|p1a: Skarmory|Spikes|p2a: Forretress
|-sidestart|p2: Jfaun|Spikes
|
|-heal|p2a: Forretress|32/100|[from] item: Leftovers
|upkeep
|turn|11
|inactive|Jfaun has 180 seconds left.
|inactive|deno_nemesis has 270 seconds left.
|
|t:|1729725139
|switch|p1a: Salamence|Salamence, F|100/100
|-ability|p1a: Salamence|Intimidate|boost
|-unboost|p2a: Forretress|atk|1
|move|p2a: Forretress|Spikes|p1a: Salamence
|-sidestart|p1: deno_nemesis|Spikes
|
|-heal|p2a: Forretress|38/100|[from] item: Leftovers
|upkeep
|turn|12
|inactive|Jfaun has 180 seconds left.
|inactive|Jfaun has 150 seconds left.
|
|t:|1729725177
|switch|p2a: Flygon|Flygon, M, shiny|100/100
|move|p1a: Salamence|Fire Blast|p2a: Flygon
|-resisted|p2a: Flygon
|-damage|p2a: Flygon|79/100
|
|-heal|p2a: Flygon|85/100|[from] item: Leftovers
|upkeep
|turn|13
|inactive|Jfaun has 150 seconds left.
|inactive|deno_nemesis has 270 seconds left.
|
|t:|1729725215
|move|p2a: Flygon|Protect|p2a: Flygon
|-singleturn|p2a: Flygon|Protect
|move|p1a: Salamence|Dragon Claw|p2a: Flygon
|-activate|p2a: Flygon|Protect
|
|-heal|p2a: Flygon|91/100|[from] item: Leftovers
|upkeep
|turn|14
|
|t:|1729725227
|switch|p2a: Zapdos|Zapdos|100/100
|move|p1a: Salamence|Dragon Claw|p2a: Zapdos
|-damage|p2a: Zapdos|71/100
|
|-heal|p2a: Zapdos|77/100|[from] item: Leftovers
|upkeep
|turn|15
|inactive|Jfaun has 120 seconds left.
|
|t:|1729725248
|switch|p1a: Celebi|Celebi|100/100
|-damage|p1a: Celebi|76/100|[from] Spikes
|move|p2a: Zapdos|Thunderbolt|p1a: Celebi
|-resisted|p1a: Celebi
|-damage|p1a: Celebi|59/100
|
|-heal|p1a: Celebi|65/100|[from] item: Leftovers
|-heal|p2a: Zapdos|83/100|[from] item: Leftovers
|upkeep
|turn|16
|inactive|Jfaun has 120 seconds left.
|
|t:|1729725254
|move|p1a: Celebi|Leech Seed|p2a: Zapdos
|-start|p2a: Zapdos|move: Leech Seed
|move|p2a: Zapdos|Toxic|p1a: Celebi
|-status|p1a: Celebi|tox
|
|-heal|p1a: Celebi|71/100 tox|[from] item: Leftovers
|-damage|p1a: Celebi|65/100 tox|[from] psn
|-heal|p2a: Zapdos|90/100|[from] item: Leftovers
|-damage|p2a: Zapdos|77/100|[from] Leech Seed|[of] p1a: Celebi
|-heal|p1a: Celebi|77/100 tox|[silent]
|upkeep
|turn|17
|inactive|Jfaun has 120 seconds left.
|
|t:|1729725274
|move|p1a: Celebi|Psychic|p2a: Zapdos
|-damage|p2a: Zapdos|46/100
|move|p2a: Zapdos|Rain Dance|p2a: Zapdos
|-weather|RainDance
|
|-weather|RainDance|[upkeep]
|-heal|p1a: Celebi|84/100 tox|[from] item: Leftovers
|-damage|p1a: Celebi|71/100 tox|[from] psn
|-heal|p2a: Zapdos|52/100|[from] item: Leftovers
|-damage|p2a: Zapdos|40/100|[from] Leech Seed|[of] p1a: Celebi
|-heal|p1a: Celebi|84/100 tox|[silent]
|upkeep
|turn|18
|inactive|deno_nemesis has 270 seconds left.
|inactive|Jfaun has 90 seconds left.
|
|t:|1729725331
|move|p1a: Celebi|Hidden Power|p2a: Zapdos
|-damage|p2a: Zapdos|32/100
|move|p2a: Zapdos|Rest|p2a: Zapdos
|-status|p2a: Zapdos|slp|[from] move: Rest
|-heal|p2a: Zapdos|100/100 slp|[silent]
|
|-weather|RainDance|[upkeep]
|-heal|p1a: Celebi|90/100 tox|[from] item: Leftovers
|-damage|p1a: Celebi|71/100 tox|[from] psn
|-damage|p2a: Zapdos|88/100 slp|[from] Leech Seed|[of] p1a: Celebi
|-heal|p1a: Celebi|84/100 tox|[silent]
|upkeep
|turn|19
|inactive|deno_nemesis has 240 seconds left.
|inactive|Jfaun has 60 seconds left.
|
|t:|1729725358
|-curestatus|p1a: Celebi|tox|[from] ability: Natural Cure
|switch|p1a: Tyranitar|Tyranitar, M|100/100
|-damage|p1a: Tyranitar|76/100|[from] Spikes
|-weather|Sandstorm|[from] ability: Sand Stream|[of] p1a: Tyranitar
|switch|p2a: Dugtrio|Dugtrio, F|100/100
|-damage|p2a: Dugtrio|88/100|[from] Spikes
|
|-weather|Sandstorm|[upkeep]
|-heal|p1a: Tyranitar|82/100|[from] item: Leftovers
|upkeep
|turn|20
|inactive|deno_nemesis has 240 seconds left.
|
|t:|1729725375
|move|p2a: Dugtrio|Earthquake|p1a: Tyranitar
|-supereffective|p1a: Tyranitar
|-damage|p1a: Tyranitar|0 fnt
|faint|p1a: Tyranitar
|
|t:|1729725384
|switch|p1a: Salamence|Salamence, F|100/100
|-ability|p1a: Salamence|Intimidate|boost
|-unboost|p2a: Dugtrio|atk|1
|
|-weather|Sandstorm|[upkeep]
|-damage|p1a: Salamence|94/100|[from] Sandstorm
|-heal|p1a: Salamence|100/100|[from] item: Leftovers
|upkeep
|turn|21
|inactive|deno_nemesis has 240 seconds left.
|inactive|Jfaun has 60 seconds left.
|
|t:|1729725422
|switch|p2a: Gengar|Gengar, M, shiny|88/100
|move|p1a: Salamence|Dragon Claw|p2a: Gengar
|-damage|p2a: Gengar|43/100
|
|-weather|Sandstorm|[upkeep]
|-damage|p2a: Gengar|37/100|[from] Sandstorm
|-damage|p1a: Salamence|94/100|[from] Sandstorm
|-heal|p2a: Gengar|43/100|[from] item: Leftovers
|-heal|p1a: Salamence|100/100|[from] item: Leftovers
|upkeep
|turn|22
|inactive|deno_nemesis has 240 seconds left.
|
|t:|1729725434
|switch|p1a: Skarmory|Skarmory, F|100/100
|move|p2a: Gengar|Ice Punch|p1a: Skarmory
|-damage|p1a: Skarmory|79/100
|
|-weather|Sandstorm|[upkeep]
|-damage|p2a: Gengar|37/100|[from] Sandstorm
|-heal|p2a: Gengar|43/100|[from] item: Leftovers
|-heal|p1a: Skarmory|85/100|[from] item: Leftovers
|upkeep
|turn|23
|
|t:|1729725440
|move|p2a: Gengar|Taunt|p1a: Skarmory
|-start|p1a: Skarmory|move: Taunt
|cant|p1a: Skarmory|move: Taunt|Spikes
|
|-weather|Sandstorm|[upkeep]
|-damage|p2a: Gengar|37/100|[from] Sandstorm
|-heal|p2a: Gengar|43/100|[from] item: Leftovers
|-heal|p1a: Skarmory|91/100|[from] item: Leftovers
|upkeep
|turn|24
|
|t:|1729725444
|move|p2a: Gengar|Will-O-Wisp|p1a: Skarmory|[miss]
|-miss|p2a: Gengar|p1a: Skarmory
|move|p1a: Skarmory|Drill Peck|p2a: Gengar
|-damage|p2a: Gengar|1/100
|
|-weather|Sandstorm|[upkeep]
|-damage|p2a: Gengar|0 fnt|[from] Sandstorm
|faint|p2a: Gengar
|-heal|p1a: Skarmory|97/100|[from] item: Leftovers
|-end|p1a: Skarmory|move: Taunt|[silent]
|upkeep
|inactive|Jfaun has 30 seconds left.
|inactive|Jfaun has 20 seconds left.
|
|t:|1729725489
|switch|p2a: Zapdos|Zapdos|88/100 slp
|turn|25
|inactive|Jfaun has 30 seconds left this turn.
|
|t:|1729725493
|cant|p2a: Zapdos|slp
|move|p1a: Skarmory|Spikes|p2a: Zapdos
|-sidestart|p2: Jfaun|Spikes
|
|-weather|Sandstorm|[upkeep]
|-damage|p2a: Zapdos|82/100 slp|[from] Sandstorm
|-heal|p2a: Zapdos|88/100 slp|[from] item: Leftovers
|-heal|p1a: Skarmory|100/100|[from] item: Leftovers
|upkeep
|turn|26
|
|t:|1729725499
|switch|p1a: Celebi|Celebi|84/100
|-damage|p1a: Celebi|59/100|[from] Spikes
|cant|p2a: Zapdos|slp
|
|-weather|Sandstorm|[upkeep]
|-damage|p1a: Celebi|52/100|[from] Sandstorm
|-damage|p2a: Zapdos|82/100 slp|[from] Sandstorm
|-heal|p1a: Celebi|59/100|[from] item: Leftovers
|-heal|p2a: Zapdos|88/100 slp|[from] item: Leftovers
|upkeep
|turn|27
|inactive|deno_nemesis has 270 seconds left.
|
|t:|1729725530
|move|p1a: Celebi|Leech Seed|p2a: Zapdos
|-start|p2a: Zapdos|move: Leech Seed
|-curestatus|p2a: Zapdos|slp|[msg]
|move|p2a: Zapdos|Toxic|p1a: Celebi
|-status|p1a: Celebi|tox
|
|-weather|Sandstorm|[upkeep]
|-damage|p1a: Celebi|52/100 tox|[from] Sandstorm
|-damage|p2a: Zapdos|82/100|[from] Sandstorm
|-heal|p1a: Celebi|59/100 tox|[from] item: Leftovers
|-damage|p1a: Celebi|52/100 tox|[from] psn
|-heal|p2a: Zapdos|88/100|[from] item: Leftovers
|-damage|p2a: Zapdos|75/100|[from] Leech Seed|[of] p1a: Celebi
|-heal|p1a: Celebi|65/100 tox|[silent]
|upkeep
|turn|28
|inactive|deno_nemesis has 270 seconds left.
|inactive|Jfaun has 30 seconds left.
|
|t:|1729725550
|-curestatus|p1a: Celebi|tox|[from] ability: Natural Cure
|switch|p1a: Aerodactyl|Aerodactyl, F|100/100
|switch|p2a: Flygon|Flygon, M, shiny|91/100
|
|-weather|Sandstorm|[upkeep]
|-heal|p2a: Flygon|97/100|[from] item: Leftovers
|upkeep
|turn|29
|inactive|deno_nemesis has 270 seconds left.
|inactive|Jfaun has 30 seconds left.
|
|t:|1729725562
|switch|p1a: Skarmory|Skarmory, F|100/100
|move|p2a: Flygon|Rock Slide|p1a: Skarmory
|-crit|p1a: Skarmory
|-damage|p1a: Skarmory|73/100
|
|-weather|Sandstorm|[upkeep]
|-heal|p2a: Flygon|100/100|[from] item: Leftovers
|-heal|p1a: Skarmory|79/100|[from] item: Leftovers
|upkeep
|turn|30
|inactive|Jfaun has 30 seconds left.
|
|t:|1729725573
|move|p2a: Flygon|Rock Slide|p1a: Skarmory
|-damage|p1a: Skarmory|65/100
|cant|p1a: Skarmory|flinch
|
|-weather|Sandstorm|[upkeep]
|-heal|p1a: Skarmory|71/100|[from] item: Leftovers
|upkeep
|turn|31
|inactive|Jfaun has 30 seconds left.
|
|t:|1729725585
|move|p2a: Flygon|Rock Slide|p1a: Skarmory
|-damage|p1a: Skarmory|57/100
|move|p1a: Skarmory|Spikes|p2a: Flygon
|-sidestart|p2: Jfaun|Spikes
|
|-weather|Sandstorm|[upkeep]
|-heal|p1a: Skarmory|63/100|[from] item: Leftovers
|upkeep
|turn|32
|
|t:|1729725591
|move|p2a: Flygon|Rock Slide|p1a: Skarmory
|-damage|p1a: Skarmory|50/100
|move|p1a: Skarmory|Roar|p2a: Flygon
|drag|p2a: Forretress|Forretress, M|38/100
|-damage|p2a: Forretress|13/100|[from] Spikes
|
|-weather|Sandstorm|[upkeep]
|-heal|p1a: Skarmory|56/100|[from] item: Leftovers
|-heal|p2a: Forretress|20/100|[from] item: Leftovers
|upkeep
|turn|33
|
|t:|1729725596
|switch|p1a: Salamence|Salamence, F|100/100
|-ability|p1a: Salamence|Intimidate|boost
|-unboost|p2a: Forretress|atk|1
|move|p2a: Forretress|Rapid Spin|p1a: Salamence
|-damage|p1a: Salamence|96/100
|-sideend|p2: Jfaun|Spikes|[from] move: Rapid Spin|[of] p2a: Forretress
|
|-weather|Sandstorm|[upkeep]
|-damage|p1a: Salamence|90/100|[from] Sandstorm
|-heal|p1a: Salamence|96/100|[from] item: Leftovers
|-heal|p2a: Forretress|26/100|[from] item: Leftovers
|upkeep
|turn|34
|inactive|Jfaun has 30 seconds left.
|inactive|Jfaun has 20 seconds left.
|inactive|Jfaun has 15 seconds left.
|
|t:|1729725639
|move|p1a: Salamence|Fire Blast|p2a: Forretress|[miss]
|-miss|p1a: Salamence|p2a: Forretress
|move|p2a: Forretress|Explosion|p1a: Salamence
|-damage|p1a: Salamence|0 fnt
|faint|p2a: Forretress
|faint|p1a: Salamence
|inactive|Jfaun has 25 seconds left this turn.
|inactive|Jfaun has 20 seconds left.
|
|t:|1729725653
|switch|p1a: Aerodactyl|Aerodactyl, F|100/100
|switch|p2a: Zapdos|Zapdos|75/100
|
|-weather|Sandstorm|[upkeep]
|-damage|p2a: Zapdos|69/100|[from] Sandstorm
|-heal|p2a: Zapdos|75/100|[from] item: Leftovers
|upkeep
|turn|35
|inactive|Jfaun has 30 seconds left this turn.
|inactive|Jfaun has 20 seconds left.
|inactive|Jfaun has 15 seconds left.
|inactive|Jfaun has 10 seconds left.
|inactive|deno_nemesis has 270 seconds left.
|
|t:|1729725683
|switch|p2a: Flygon|Flygon, M, shiny|100/100
|move|p1a: Aerodactyl|Rock Slide|p2a: Flygon
|-resisted|p2a: Flygon
|-damage|p2a: Flygon|81/100
|
|-weather|Sandstorm|[upkeep]
|-heal|p2a: Flygon|87/100|[from] item: Leftovers
|upkeep
|turn|36
|inactive|Jfaun has 20 seconds left this turn.
|inactive|Jfaun has 15 seconds left.
|
|t:|1729725691
|switch|p1a: Skarmory|Skarmory, F|56/100
|move|p2a: Flygon|Rock Slide|p1a: Skarmory
|-damage|p1a: Skarmory|43/100
|
|-weather|Sandstorm|[upkeep]
|-heal|p2a: Flygon|93/100|[from] item: Leftovers
|-heal|p1a: Skarmory|49/100|[from] item: Leftovers
|upkeep
|turn|37
|inactive|Jfaun has 25 seconds left this turn.
|
|t:|1729725696
|switch|p2a: Zapdos|Zapdos|75/100
|move|p1a: Skarmory|Spikes|p2a: Zapdos
|-sidestart|p2: Jfaun|Spikes
|
|-weather|Sandstorm|[upkeep]
|-damage|p2a: Zapdos|69/100|[from] Sandstorm
|-heal|p2a: Zapdos|75/100|[from] item: Leftovers
|-heal|p1a: Skarmory|55/100|[from] item: Leftovers
|upkeep
|turn|38
|inactive|Jfaun has 30 seconds left.
|
|t:|1729725710
|move|p2a: Zapdos|Rain Dance|p2a: Zapdos
|-weather|RainDance
|move|p1a: Skarmory|Toxic|p2a: Zapdos
|-status|p2a: Zapdos|tox
|
|-weather|RainDance|[upkeep]
|-heal|p2a: Zapdos|82/100 tox|[from] item: Leftovers
|-damage|p2a: Zapdos|75/100 tox|[from] psn
|-heal|p1a: Skarmory|61/100|[from] item: Leftovers
|upkeep
|turn|39
|inactive|Jfaun has 30 seconds left.
|
|t:|1729725721
|move|p2a: Zapdos|Thunderbolt|p1a: Skarmory
|-supereffective|p1a: Skarmory
|-damage|p1a: Skarmory|0 fnt
|faint|p1a: Skarmory
|inactive|Jfaun has 30 seconds left this turn.
|
|t:|1729725724
|switch|p1a: Celebi|Celebi|65/100
|-damage|p1a: Celebi|40/100|[from] Spikes
|
|-weather|RainDance|[upkeep]
|-heal|p1a: Celebi|46/100|[from] item: Leftovers
|-heal|p2a: Zapdos|82/100 tox|[from] item: Leftovers
|-damage|p2a: Zapdos|69/100 tox|[from] psn
|upkeep
|turn|40
|inactive|Jfaun has 30 seconds left.
|inactive|Jfaun has 20 seconds left.
|
|t:|1729725756
|switch|p2a: Dugtrio|Dugtrio, F|88/100
|-damage|p2a: Dugtrio|76/100|[from] Spikes
|move|p1a: Celebi|Giga Drain|p2a: Dugtrio
|-supereffective|p2a: Dugtrio
|-damage|p2a: Dugtrio|0 fnt
|-heal|p1a: Celebi|66/100|[from] drain|[of] p2a: Dugtrio
|faint|p2a: Dugtrio
|inactive|Jfaun has 25 seconds left this turn.
|inactive|Jfaun has 20 seconds left.
|inactive|Jfaun has 15 seconds left.
|inactive|Jfaun has 10 seconds left.
|
|t:|1729725771
|switch|p2a: Zapdos|Zapdos|69/100 tox
|
|-weather|RainDance|[upkeep]
|-heal|p1a: Celebi|72/100|[from] item: Leftovers
|-heal|p2a: Zapdos|75/100 tox|[from] item: Leftovers
|-damage|p2a: Zapdos|69/100 tox|[from] psn
|upkeep
|turn|41
|inactive|Jfaun has 20 seconds left this turn.
|
|t:|1729725776
|move|p1a: Celebi|Leech Seed|p2a: Zapdos
|-start|p2a: Zapdos|move: Leech Seed
|move|p2a: Zapdos|Toxic|p1a: Celebi
|-status|p1a: Celebi|tox
|
|-weather|RainDance|[upkeep]
|-heal|p1a: Celebi|79/100 tox|[from] item: Leftovers
|-damage|p1a: Celebi|72/100 tox|[from] psn
|-heal|p2a: Zapdos|75/100 tox|[from] item: Leftovers
|-damage|p2a: Zapdos|63/100 tox|[from] Leech Seed|[of] p1a: Celebi
|-heal|p1a: Celebi|85/100 tox|[silent]
|-damage|p2a: Zapdos|50/100 tox|[from] psn
|upkeep
|turn|42
|inactive|Jfaun has 30 seconds left this turn.
|inactive|Jfaun has 20 seconds left.
|
|t:|1729725787
|switch|p2a: Flygon|Flygon, M, shiny|93/100
|move|p1a: Celebi|Psychic|p2a: Flygon
|-damage|p2a: Flygon|44/100
|
|-weather|none
|-heal|p1a: Celebi|91/100 tox|[from] item: Leftovers
|-damage|p1a: Celebi|79/100 tox|[from] psn
|-heal|p2a: Flygon|50/100|[from] item: Leftovers
|upkeep
|turn|43
|inactive|Jfaun has 30 seconds left this turn.
|
|t:|1729725796
|-curestatus|p1a: Celebi|tox|[from] ability: Natural Cure
|switch|p1a: Aerodactyl|Aerodactyl, F|100/100
|move|p2a: Flygon|Protect||[still]
|-fail|p2a: Flygon
|
|-heal|p2a: Flygon|56/100|[from] item: Leftovers
|upkeep
|turn|44
|inactive|Jfaun has 30 seconds left.
|
|t:|1729725804
|move|p2a: Flygon|Protect|p2a: Flygon
|-singleturn|p2a: Flygon|Protect
|move|p1a: Aerodactyl|Double-Edge|p2a: Flygon
|-activate|p2a: Flygon|Protect
|
|-heal|p2a: Flygon|62/100|[from] item: Leftovers
|upkeep
|turn|45
|inactive|Jfaun has 30 seconds left.
|
|t:|1729725828
|switch|p1a: Celebi|Celebi|79/100
|-damage|p1a: Celebi|54/100|[from] Spikes
|move|p2a: Flygon|Toxic|p1a: Celebi|[miss]
|-miss|p2a: Flygon|p1a: Celebi
|
|-heal|p1a: Celebi|60/100|[from] item: Leftovers
|-heal|p2a: Flygon|68/100|[from] item: Leftovers
|upkeep
|turn|46
|inactive|Jfaun has 30 seconds left.
|
|t:|1729725836
|switch|p2a: Zapdos|Zapdos|50/100 tox
|move|p1a: Celebi|Leech Seed|p2a: Zapdos|[miss]
|-miss|p1a: Celebi|p2a: Zapdos
|
|-heal|p1a: Celebi|66/100|[from] item: Leftovers
|-heal|p2a: Zapdos|57/100 tox|[from] item: Leftovers
|-damage|p2a: Zapdos|50/100 tox|[from] psn
|upkeep
|turn|47
|inactive|Jfaun has 30 seconds left.
|
|t:|1729725848
|move|p1a: Celebi|Leech Seed|p2a: Zapdos
|-start|p2a: Zapdos|move: Leech Seed
|move|p2a: Zapdos|Rain Dance|p2a: Zapdos
|-weather|RainDance
|
|-weather|RainDance|[upkeep]
|-heal|p1a: Celebi|72/100|[from] item: Leftovers
|-heal|p2a: Zapdos|57/100 tox|[from] item: Leftovers
|-damage|p2a: Zapdos|44/100 tox|[from] Leech Seed|[of] p1a: Celebi
|-heal|p1a: Celebi|85/100|[silent]
|-damage|p2a: Zapdos|32/100 tox|[from] psn
|upkeep
|turn|48
|
|t:|1729725854
|move|p1a: Celebi|Psychic|p2a: Zapdos
|-damage|p2a: Zapdos|4/100 tox
|move|p2a: Zapdos|Toxic|p1a: Celebi
|-status|p1a: Celebi|tox
|
|-weather|RainDance|[upkeep]
|-heal|p1a: Celebi|91/100 tox|[from] item: Leftovers
|-damage|p1a: Celebi|85/100 tox|[from] psn
|-heal|p2a: Zapdos|10/100 tox|[from] item: Leftovers
|-damage|p2a: Zapdos|0 fnt|[from] Leech Seed|[of] p1a: Celebi
|-heal|p1a: Celebi|94/100 tox|[silent]
|faint|p2a: Zapdos
|upkeep
|inactive|Jfaun has 30 seconds left.
|
|t:|1729725870
|switch|p2a: Kingdra|Kingdra, M, shiny|75/100
|-damage|p2a: Kingdra|63/100|[from] Spikes
|turn|49
|
|t:|1729725875
|move|p2a: Kingdra|Ice Beam|p1a: Celebi
|-supereffective|p1a: Celebi
|-damage|p1a: Celebi|41/100 tox
|move|p1a: Celebi|Giga Drain|p2a: Kingdra
|-damage|p2a: Kingdra|31/100
|-heal|p1a: Celebi|53/100 tox|[from] drain|[of] p2a: Kingdra
|
|-weather|RainDance|[upkeep]
|-heal|p1a: Celebi|59/100 tox|[from] item: Leftovers
|-damage|p1a: Celebi|47/100 tox|[from] psn
|upkeep
|turn|50
|
|t:|1729725881
|move|p2a: Kingdra|Ice Beam|p1a: Celebi
|-supereffective|p1a: Celebi
|-damage|p1a: Celebi|0 fnt
|faint|p1a: Celebi
|
|t:|1729725883
|switch|p1a: Aerodactyl|Aerodactyl, F|100/100
|
|-weather|RainDance|[upkeep]
|upkeep
|turn|51
|
|t:|1729725886
|move|p2a: Kingdra|Surf|p1a: Aerodactyl
|-supereffective|p1a: Aerodactyl
|-damage|p1a: Aerodactyl|0 fnt
|faint|p1a: Aerodactyl
|
|win|Jfaun
|c|☆deno_nemesis|gg
|c|☆Jfaun|gg

</script>
<script type="application/json" class="data" id="replaydata-smogtours-gen3ou-801471">
{"id":"smogtours-gen3ou-801471","format":"[Gen 3] OU","players":["deno_nemesis","Jfaun"],"uploadtime":1729725886,"views":82,"formatid":"gen3ou","rating":null,"private":0,"password":null}
</script>

<script defer src="js/replays.js?9d40a366"></script>
