<!DOCTYPE html>
<meta charset="utf-8" />
<meta name="viewport" content="width=device-width" />

<title>[Gen 3] OU: voyager vs. Beignet2 - Replays - Pok&eacute;mon Showdown!</title>

<meta name="description" content="Watch a replay of a Pok&eacute;mon battle between voyager and Beignet2! Format: [Gen 3] OU; Date: Nov 4, 2024" />
<!--

Hey, you! Looking in the source for the replay log?

You can find them in JSON format, just add `.json` at the end of a replay URL.

https://replay.pokemonshowdown.com/gen7randomdoublesbattle-865046831.json

Or, if you only need the log itself, add `.log` instead:

https://replay.pokemonshowdown.com/gen7randomdoublesbattle-865046831.log

-->

<link rel="stylesheet" href="//pokemonshowdown.com/style/global.css?0.023195364461161105" />
<link rel="stylesheet" href="//play.pokemonshowdown.com/style/font-awesome.css?0.13261647063804238" />
<link rel="stylesheet" href="//play.pokemonshowdown.com/style/battle.css?0.8753245789963631" />
<link rel="stylesheet" href="//play.pokemonshowdown.com/style/utilichart.css?0.8627959624976733" />

<!-- Global site tag (gtag.js) - Google Analytics -->
<script async src="https://www.googletagmanager.com/gtag/js?id=UA-26211653-1"></script>
<script>
  window.dataLayer = window.dataLayer || [];
  function gtag(){dataLayer.push(arguments);}
  gtag('js', new Date());

  gtag('config', 'UA-26211653-1');
</script>
<!-- End Google Analytics -->
<!-- Venatus Ad Manager - Install in <HEAD> of page -->
	<script src="https://hb.vntsm.com/v3/live/ad-manager.min.js" type="text/javascript" data-site-id="642aba63ec9a7b11c3c9c1be" data-mode="scan" async></script>
<!-- / Venatus Ad Manager -->

<style>
	@media (max-width:820px) {
		.battle {
			margin: 0 auto;
		}
		.battle-log {
			margin: 7px auto 0;
			max-width: 640px;
			height: 300px;
			position: static;
		}
	}
	.optgroup {
		display: inline-block;
		line-height: 22px;
		font-size: 10pt;
	}
	.optgroup .button {
		height: 25px;
		padding-top: 0;
		padding-bottom: 0;
	}
	.optgroup button.button {
		padding-left: 12px;
		padding-right: 12px;
	}
	.linklist {
		list-style: none;
		margin: 0.5em 0;
		padding: 0;
	}
	.linklist li {
		padding: 2px 0;
	}
	.sidebar {
		float: left;
		width: 320px;
	}
	.bar-wrapper {
		max-width: 1100px;
		margin: 0 auto;
	}
	.bar-wrapper.has-sidebar {
		max-width: 1430px;
	}
	.mainbar {
		margin: 0;
		padding-right: 1px;
	}
	.mainbar.has-sidebar {
		margin-left: 330px;
	}
	@media (min-width: 1511px) {
		.sidebar {
			width: 400px;
		}
		.bar-wrapper.has-sidebar {
			max-width: 1510px;
		}
		.mainbar.has-sidebar {
			margin-left: 410px;
		}
	}
	.section.first-section {
		margin-top: 9px;
	}
	.blocklink small {
		white-space: normal;
	}
	.button {
		vertical-align: middle;
	}
	.replay-controls {
		padding-top: 10px;
	}
	.replay-controls h1 {
		font-size: 16pt;
		font-weight: normal;
		color: #CCC;
	}
	.pagelink {
		text-align: center;
	}
	.pagelink a {
		width: 150px;
	}
	.textbox, .button {
		font-size: 11pt;
		vertical-align: middle;
	}
	@media (max-width: 450px) {
		.button {
			font-size: 9pt;
		}
	}
</style>

<div>

	<header>
		<div class="nav-wrapper"><ul class="nav">
			<li><a class="button nav-first" href="//pokemonshowdown.com/"><img src="//pokemonshowdown.com/images/pokemonshowdownbeta.png" srcset="//pokemonshowdown.com/images/pokemonshowdownbeta.png 1x, //pokemonshowdown.com/images/pokemonshowdownbeta@2x.png 2x" alt="Pok&eacute;mon Showdown" width="146" height="44" /> Home</a></li>
			<li><a class="button" href="//pokemonshowdown.com/dex/">Pok&eacute;dex</a></li>
			<li><a class="button cur" href="/">Replays</a></li>
			<li><a class="button" href="//pokemonshowdown.com/ladder/">Ladder</a></li>
			<li><a class="button nav-last" href="//pokemonshowdown.com/forums/">Forum</a></li>
			<li><a class="button greenbutton nav-first nav-last" href="//play.pokemonshowdown.com/">Play</a></li>
		</ul></div>
	</header>

	<div class="main" id="main">

		<noscript><section class="section">You need to enable JavaScript to use this page; sorry!</section></noscript>

	</div>

</div>

<script defer nomodule src="//play.pokemonshowdown.com/js/lib/ps-polyfill.js"></script>
<script defer src="//play.pokemonshowdown.com/js/lib/preact.min.js"></script>

<script defer src="//play.pokemonshowdown.com/config/config.js?2bddbc15"></script>
<script defer src="//play.pokemonshowdown.com/js/lib/jquery-1.11.0.min.js"></script>
<script defer src="//play.pokemonshowdown.com/js/lib/html-sanitizer-minified.js"></script>
<script defer src="//play.pokemonshowdown.com/js/battle-sound.js"></script>
<script defer src="//play.pokemonshowdown.com/js/battledata.js?0.7209276989879541"></script>
<script defer src="//play.pokemonshowdown.com/data/pokedex-mini.js?0.6111056340867951"></script>
<script defer src="//play.pokemonshowdown.com/data/pokedex-mini-bw.js?0.3532142036491459"></script>
<script defer src="//play.pokemonshowdown.com/data/graphics.js?0.24223875632456182"></script>
<script defer src="//play.pokemonshowdown.com/data/pokedex.js?0.38839984266356864"></script>
<script defer src="//play.pokemonshowdown.com/data/moves.js?0.21866028504024015"></script>
<script defer src="//play.pokemonshowdown.com/data/abilities.js?0.2005157953846628"></script>
<script defer src="//play.pokemonshowdown.com/data/items.js?0.9894211263848525"></script>
<script defer src="//play.pokemonshowdown.com/data/teambuilder-tables.js?0.6008791140282215"></script>
<script defer src="//play.pokemonshowdown.com/js/battle-tooltips.js?0.7580118955022959"></script>
<script defer src="//play.pokemonshowdown.com/js/battle.js?0.6057722274234274"></script>

<script defer src="js/utils.js?e31f9a17"></script>
<script defer src="js/replays-battle.js?7008c182"></script>

<!-- don't scrape this data! just add .json or .log after the URL!
Full API docs: https://github.com/smogon/pokemon-showdown-client/blob/master/WEB-API.md -->
<script type="text/plain" class="log" id="replaylog-smogtours-gen3ou-804761">
|inactive|Battle timer is ON: inactive players will automatically lose when time's up.
|t:|1730744642
|gametype|singles
|player|p1|voyager|acetrainerf-gen2|
|player|p2|Beignet2|265|
|teamsize|p1|6
|teamsize|p2|6
|gen|3
|tier|[Gen 3] OU
|rule|Sleep Clause Mod: Limit one foe put to sleep
|rule|Switch Priority Clause Mod: Faster Pokémon switch first
|rule|Species Clause: Limit one of each Pokémon
|rule|OHKO Clause: OHKO moves are banned
|rule|Evasion Items Clause: Evasion items are banned
|rule|Evasion Moves Clause: Evasion moves are banned
|rule|Endless Battle Clause: Forcing endless battles is banned
|rule|HP Percentage Mod: HP is shown in percentages
|rule|One Boost Passer Clause: Limit one Baton Passer that has a way to boost its stats
|rule|Freeze Clause Mod: Limit one foe frozen
|
|t:|1730744642
|start
|switch|p1a: Medicham|Medicham, M|100/100
|switch|p2a: Metagross|Metagross|100/100
|turn|1
|c|☆voyager|glhf
|
|t:|1730744653
|switch|p1a: Magneton|Magneton|100/100
|move|p2a: Metagross|Meteor Mash|p1a: Magneton
|-resisted|p1a: Magneton
|-damage|p1a: Magneton|85/100
|
|upkeep
|turn|2
|
|t:|1730744672
|switch|p1a: Suicune|Suicune|100/100
|move|p2a: Metagross|Hidden Power|p1a: Suicune
|-resisted|p1a: Suicune
|-damage|p1a: Suicune|93/100
|
|-heal|p1a: Suicune|99/100|[from] item: Leftovers
|upkeep
|turn|3
|
|t:|1730744676
|move|p1a: Suicune|Surf|p2a: Metagross
|-damage|p2a: Metagross|60/100
|move|p2a: Metagross|Explosion|p1a: Suicune
|-damage|p1a: Suicune|0 fnt
|faint|p2a: Metagross
|faint|p1a: Suicune
|
|t:|1730744682
|switch|p1a: Salamence|Salamence, M|100/100
|switch|p2a: Swampert|Swampert, M|100/100
|-ability|p1a: Salamence|Intimidate|boost
|-unboost|p2a: Swampert|atk|1
|
|upkeep
|turn|4
|
|t:|1730744686
|switch|p1a: Medicham|Medicham, M|100/100
|move|p2a: Swampert|Toxic|p1a: Medicham|[miss]
|-miss|p2a: Swampert|p1a: Medicham
|
|upkeep
|turn|5
|
|t:|1730744704
|move|p2a: Swampert|Protect|p2a: Swampert
|-singleturn|p2a: Swampert|Protect
|move|p1a: Medicham|Brick Break|p2a: Swampert
|-activate|p2a: Swampert|Protect
|
|upkeep
|turn|6
|
|t:|1730744712
|move|p1a: Medicham|Brick Break|p2a: Swampert
|-damage|p2a: Swampert|70/100
|move|p2a: Swampert|Surf|p1a: Medicham
|-damage|p1a: Medicham|53/100
|
|-heal|p2a: Swampert|76/100|[from] item: Leftovers
|upkeep
|turn|7
|inactive|Beignet2 has 270 seconds left.
|
|t:|1730744754
|-singleturn|p1a: Medicham|move: Focus Punch
|move|p2a: Swampert|Protect|p2a: Swampert
|-singleturn|p2a: Swampert|Protect
|move|p1a: Medicham|Focus Punch|p2a: Swampert
|-activate|p2a: Swampert|Protect
|
|-heal|p2a: Swampert|83/100|[from] item: Leftovers
|upkeep
|turn|8
|inactive|Beignet2 has 270 seconds left.
|
|t:|1730744766
|move|p1a: Medicham|Brick Break|p2a: Swampert
|-crit|p2a: Swampert
|-damage|p2a: Swampert|11/100
|move|p2a: Swampert|Surf|p1a: Medicham
|-damage|p1a: Medicham|0 fnt
|faint|p1a: Medicham
|
|t:|1730744772
|switch|p1a: Salamence|Salamence, M|100/100
|-ability|p1a: Salamence|Intimidate|boost
|-unboost|p2a: Swampert|atk|1
|
|-heal|p2a: Swampert|17/100|[from] item: Leftovers
|upkeep
|turn|9
|
|t:|1730744776
|move|p1a: Salamence|Brick Break|p2a: Swampert
|-damage|p2a: Swampert|0 fnt
|faint|p2a: Swampert
|
|t:|1730744784
|switch|p2a: Tyranitar|Tyranitar, M|100/100
|-weather|Sandstorm|[from] ability: Sand Stream|[of] p2a: Tyranitar
|
|-weather|Sandstorm|[upkeep]
|-damage|p1a: Salamence|94/100|[from] Sandstorm
|upkeep
|turn|10
|
|t:|1730744788
|move|p1a: Salamence|Brick Break|p2a: Tyranitar
|-supereffective|p2a: Tyranitar
|-damage|p2a: Tyranitar|0 fnt
|faint|p2a: Tyranitar
|
|t:|1730744791
|switch|p2a: Aerodactyl|Aerodactyl, M|100/100
|
|-weather|Sandstorm|[upkeep]
|-damage|p1a: Salamence|88/100|[from] Sandstorm
|upkeep
|turn|11
|
|t:|1730744797
|switch|p1a: Magneton|Magneton|85/100
|move|p2a: Aerodactyl|Earthquake|p1a: Magneton
|-supereffective|p1a: Magneton
|-damage|p1a: Magneton|0 fnt
|faint|p1a: Magneton
|
|t:|1730744798
|switch|p1a: Salamence|Salamence, M|88/100
|-ability|p1a: Salamence|Intimidate|boost
|-unboost|p2a: Aerodactyl|atk|1
|
|-weather|Sandstorm|[upkeep]
|-damage|p1a: Salamence|82/100|[from] Sandstorm
|upkeep
|turn|12
|
|t:|1730744801
|switch|p2a: Skarmory|Skarmory, F|100/100
|move|p1a: Salamence|Earthquake|p2a: Skarmory
|-immune|p2a: Skarmory
|
|-weather|Sandstorm|[upkeep]
|-damage|p1a: Salamence|76/100|[from] Sandstorm
|upkeep
|turn|13
|
|t:|1730744806
|switch|p1a: Metagross|Metagross|100/100
|move|p2a: Skarmory|Toxic|p1a: Metagross
|-immune|p1a: Metagross
|
|-weather|Sandstorm|[upkeep]
|upkeep
|turn|14
|
|t:|1730744809
|move|p2a: Skarmory|Protect|p2a: Skarmory
|-singleturn|p2a: Skarmory|Protect
|move|p1a: Metagross|Meteor Mash|p2a: Skarmory
|-activate|p2a: Skarmory|Protect
|
|-weather|Sandstorm|[upkeep]
|upkeep
|turn|15
|
|t:|1730744812
|move|p1a: Metagross|Meteor Mash|p2a: Skarmory
|-resisted|p2a: Skarmory
|-damage|p2a: Skarmory|80/100
|-boost|p1a: Metagross|atk|1
|move|p2a: Skarmory|Spikes|p1a: Metagross
|-sidestart|p1: voyager|Spikes
|
|-weather|Sandstorm|[upkeep]
|-heal|p2a: Skarmory|86/100|[from] item: Leftovers
|upkeep
|turn|16
|
|t:|1730744816
|move|p2a: Skarmory|Protect|p2a: Skarmory
|-singleturn|p2a: Skarmory|Protect
|move|p1a: Metagross|Meteor Mash|p2a: Skarmory
|-activate|p2a: Skarmory|Protect
|
|-weather|Sandstorm|[upkeep]
|-heal|p2a: Skarmory|92/100|[from] item: Leftovers
|upkeep
|turn|17
|
|t:|1730744818
|move|p1a: Metagross|Meteor Mash|p2a: Skarmory
|-resisted|p2a: Skarmory
|-damage|p2a: Skarmory|63/100
|move|p2a: Skarmory|Roar|p1a: Metagross
|drag|p1a: Salamence|Salamence, M|76/100
|-ability|p1a: Salamence|Intimidate|boost
|-unboost|p2a: Skarmory|atk|1
|
|-weather|Sandstorm|[upkeep]
|-damage|p1a: Salamence|70/100|[from] Sandstorm
|-heal|p2a: Skarmory|69/100|[from] item: Leftovers
|upkeep
|turn|18
|
|t:|1730744847
|move|p2a: Skarmory|Protect|p2a: Skarmory
|-singleturn|p2a: Skarmory|Protect
|move|p1a: Salamence|Rock Slide|p2a: Skarmory
|-activate|p2a: Skarmory|Protect
|
|-weather|Sandstorm|[upkeep]
|-damage|p1a: Salamence|64/100|[from] Sandstorm
|-heal|p2a: Skarmory|75/100|[from] item: Leftovers
|upkeep
|turn|19
|
|t:|1730744851
|switch|p1a: Metagross|Metagross|100/100
|-damage|p1a: Metagross|88/100|[from] Spikes
|move|p2a: Skarmory|Toxic|p1a: Metagross|[miss]
|-miss|p2a: Skarmory|p1a: Metagross
|
|-weather|Sandstorm|[upkeep]
|-heal|p1a: Metagross|94/100|[from] item: Leftovers
|-heal|p2a: Skarmory|81/100|[from] item: Leftovers
|upkeep
|turn|20
|
|t:|1730744854
|move|p2a: Skarmory|Protect|p2a: Skarmory
|-singleturn|p2a: Skarmory|Protect
|move|p1a: Metagross|Meteor Mash|p2a: Skarmory|[miss]
|-miss|p1a: Metagross|p2a: Skarmory
|
|-weather|Sandstorm|[upkeep]
|-heal|p1a: Metagross|100/100|[from] item: Leftovers
|-heal|p2a: Skarmory|87/100|[from] item: Leftovers
|upkeep
|turn|21
|
|t:|1730744858
|move|p1a: Metagross|Meteor Mash|p2a: Skarmory
|-resisted|p2a: Skarmory
|-damage|p2a: Skarmory|67/100
|move|p2a: Skarmory|Roar|p1a: Metagross
|drag|p1a: Snorlax|Snorlax, M|100/100
|-damage|p1a: Snorlax|88/100|[from] Spikes
|
|-weather|Sandstorm|[upkeep]
|-damage|p1a: Snorlax|82/100|[from] Sandstorm
|-heal|p2a: Skarmory|73/100|[from] item: Leftovers
|-heal|p1a: Snorlax|88/100|[from] item: Leftovers
|upkeep
|turn|22
|
|t:|1730744861
|switch|p1a: Metagross|Metagross|100/100
|-damage|p1a: Metagross|88/100|[from] Spikes
|move|p2a: Skarmory|Roar|p1a: Metagross
|drag|p1a: Salamence|Salamence, M|64/100
|-ability|p1a: Salamence|Intimidate|boost
|-unboost|p2a: Skarmory|atk|1
|
|-weather|Sandstorm|[upkeep]
|-damage|p1a: Salamence|58/100|[from] Sandstorm
|-heal|p2a: Skarmory|79/100|[from] item: Leftovers
|upkeep
|turn|23
|
|t:|1730744864
|move|p1a: Salamence|Rock Slide|p2a: Skarmory
|-damage|p2a: Skarmory|58/100
|cant|p2a: Skarmory|flinch
|
|-weather|Sandstorm|[upkeep]
|-damage|p1a: Salamence|52/100|[from] Sandstorm
|-heal|p2a: Skarmory|64/100|[from] item: Leftovers
|upkeep
|turn|24
|
|t:|1730744867
|switch|p1a: Metagross|Metagross|88/100
|-damage|p1a: Metagross|76/100|[from] Spikes
|move|p2a: Skarmory|Protect||[still]
|-fail|p2a: Skarmory
|
|-weather|Sandstorm|[upkeep]
|-heal|p1a: Metagross|82/100|[from] item: Leftovers
|-heal|p2a: Skarmory|70/100|[from] item: Leftovers
|upkeep
|turn|25
|
|t:|1730744869
|move|p2a: Skarmory|Protect|p2a: Skarmory
|-singleturn|p2a: Skarmory|Protect
|move|p1a: Metagross|Meteor Mash|p2a: Skarmory
|-activate|p2a: Skarmory|Protect
|
|-weather|Sandstorm|[upkeep]
|-heal|p1a: Metagross|88/100|[from] item: Leftovers
|-heal|p2a: Skarmory|76/100|[from] item: Leftovers
|upkeep
|turn|26
|
|t:|1730744873
|move|p1a: Metagross|Meteor Mash|p2a: Skarmory
|-resisted|p2a: Skarmory
|-damage|p2a: Skarmory|55/100
|move|p2a: Skarmory|Roar|p1a: Metagross
|drag|p1a: Snorlax|Snorlax, M|88/100
|-damage|p1a: Snorlax|76/100|[from] Spikes
|
|-weather|Sandstorm|[upkeep]
|-damage|p1a: Snorlax|69/100|[from] Sandstorm
|-heal|p2a: Skarmory|61/100|[from] item: Leftovers
|-heal|p1a: Snorlax|76/100|[from] item: Leftovers
|upkeep
|turn|27
|
|t:|1730744876
|move|p1a: Snorlax|Return|p2a: Skarmory
|-resisted|p2a: Skarmory
|-crit|p2a: Skarmory
|-damage|p2a: Skarmory|24/100
|move|p2a: Skarmory|Roar|p1a: Snorlax
|drag|p1a: Salamence|Salamence, M|52/100
|-ability|p1a: Salamence|Intimidate|boost
|-unboost|p2a: Skarmory|atk|1
|
|-weather|Sandstorm|[upkeep]
|-damage|p1a: Salamence|46/100|[from] Sandstorm
|-heal|p2a: Skarmory|30/100|[from] item: Leftovers
|upkeep
|turn|28
|
|t:|1730744880
|move|p2a: Skarmory|Protect|p2a: Skarmory
|-singleturn|p2a: Skarmory|Protect
|move|p1a: Salamence|Brick Break|p2a: Skarmory
|-activate|p2a: Skarmory|Protect
|
|-weather|Sandstorm|[upkeep]
|-damage|p1a: Salamence|40/100|[from] Sandstorm
|-heal|p2a: Skarmory|36/100|[from] item: Leftovers
|upkeep
|turn|29
|
|t:|1730744885
|move|p1a: Salamence|Brick Break|p2a: Skarmory
|-crit|p2a: Skarmory
|-damage|p2a: Skarmory|0 fnt
|faint|p2a: Skarmory
|
|t:|1730744888
|switch|p2a: Blissey|Blissey, F|100/100
|
|-weather|Sandstorm|[upkeep]
|-damage|p1a: Salamence|34/100|[from] Sandstorm
|-damage|p2a: Blissey|94/100|[from] Sandstorm
|-heal|p2a: Blissey|100/100|[from] item: Leftovers
|upkeep
|turn|30
|
|t:|1730744891
|move|p1a: Salamence|Brick Break|p2a: Blissey
|-supereffective|p2a: Blissey
|-damage|p2a: Blissey|34/100
|move|p2a: Blissey|Ice Beam|p1a: Salamence
|-supereffective|p1a: Salamence
|-damage|p1a: Salamence|0 fnt
|faint|p1a: Salamence
|
|t:|1730744899
|switch|p1a: Metagross|Metagross|88/100
|-damage|p1a: Metagross|76/100|[from] Spikes
|
|-weather|Sandstorm|[upkeep]
|-damage|p2a: Blissey|28/100|[from] Sandstorm
|-heal|p1a: Metagross|82/100|[from] item: Leftovers
|-heal|p2a: Blissey|34/100|[from] item: Leftovers
|upkeep
|turn|31
|
|t:|1730744902
|move|p1a: Metagross|Meteor Mash|p2a: Blissey
|-damage|p2a: Blissey|0 fnt
|faint|p2a: Blissey
|
|t:|1730744904
|switch|p2a: Aerodactyl|Aerodactyl, M|100/100
|
|-weather|Sandstorm|[upkeep]
|-heal|p1a: Metagross|88/100|[from] item: Leftovers
|upkeep
|turn|32
|
|t:|1730744907
|move|p2a: Aerodactyl|Earthquake|p1a: Metagross
|-supereffective|p1a: Metagross
|-damage|p1a: Metagross|13/100
|move|p1a: Metagross|Meteor Mash|p2a: Aerodactyl
|-supereffective|p2a: Aerodactyl
|-damage|p2a: Aerodactyl|0 fnt
|faint|p2a: Aerodactyl
|
|win|voyager
|c|☆voyager|gg
|player|p2|

</script>
<script type="application/json" class="data" id="replaydata-smogtours-gen3ou-804761">
{"id":"smogtours-gen3ou-804761","format":"[Gen 3] OU","players":["voyager","Beignet2"],"uploadtime":1730744907,"views":54,"formatid":"gen3ou","rating":null,"private":0,"password":null}
</script>

<script defer src="js/replays.js?9d40a366"></script>
