<!DOCTYPE html>
<meta charset="utf-8" />
<meta name="viewport" content="width=device-width" />

<title>[Gen 3] OU: mcgowin vs. zacynthius - Replays - Pok&eacute;mon Showdown!</title>

<meta name="description" content="Watch a replay of a Pok&eacute;mon battle between mcgowin and zacynthius! Format: [Gen 3] OU; Date: Oct 18, 2024" />
<!--

Hey, you! Looking in the source for the replay log?

You can find them in JSON format, just add `.json` at the end of a replay URL.

https://replay.pokemonshowdown.com/gen7randomdoublesbattle-865046831.json

Or, if you only need the log itself, add `.log` instead:

https://replay.pokemonshowdown.com/gen7randomdoublesbattle-865046831.log

-->

<link rel="stylesheet" href="//pokemonshowdown.com/style/global.css?0.023195364461161105" />
<link rel="stylesheet" href="//play.pokemonshowdown.com/style/font-awesome.css?0.13261647063804238" />
<link rel="stylesheet" href="//play.pokemonshowdown.com/style/battle.css?0.8753245789963631" />
<link rel="stylesheet" href="//play.pokemonshowdown.com/style/utilichart.css?0.8627959624976733" />

<!-- Global site tag (gtag.js) - Google Analytics -->
<script async src="https://www.googletagmanager.com/gtag/js?id=UA-26211653-1"></script>
<script>
  window.dataLayer = window.dataLayer || [];
  function gtag(){dataLayer.push(arguments);}
  gtag('js', new Date());

  gtag('config', 'UA-26211653-1');
</script>
<!-- End Google Analytics -->
<!-- Venatus Ad Manager - Install in <HEAD> of page -->
	<script src="https://hb.vntsm.com/v3/live/ad-manager.min.js" type="text/javascript" data-site-id="642aba63ec9a7b11c3c9c1be" data-mode="scan" async></script>
<!-- / Venatus Ad Manager -->

<style>
	@media (max-width:820px) {
		.battle {
			margin: 0 auto;
		}
		.battle-log {
			margin: 7px auto 0;
			max-width: 640px;
			height: 300px;
			position: static;
		}
	}
	.optgroup {
		display: inline-block;
		line-height: 22px;
		font-size: 10pt;
	}
	.optgroup .button {
		height: 25px;
		padding-top: 0;
		padding-bottom: 0;
	}
	.optgroup button.button {
		padding-left: 12px;
		padding-right: 12px;
	}
	.linklist {
		list-style: none;
		margin: 0.5em 0;
		padding: 0;
	}
	.linklist li {
		padding: 2px 0;
	}
	.sidebar {
		float: left;
		width: 320px;
	}
	.bar-wrapper {
		max-width: 1100px;
		margin: 0 auto;
	}
	.bar-wrapper.has-sidebar {
		max-width: 1430px;
	}
	.mainbar {
		margin: 0;
		padding-right: 1px;
	}
	.mainbar.has-sidebar {
		margin-left: 330px;
	}
	@media (min-width: 1511px) {
		.sidebar {
			width: 400px;
		}
		.bar-wrapper.has-sidebar {
			max-width: 1510px;
		}
		.mainbar.has-sidebar {
			margin-left: 410px;
		}
	}
	.section.first-section {
		margin-top: 9px;
	}
	.blocklink small {
		white-space: normal;
	}
	.button {
		vertical-align: middle;
	}
	.replay-controls {
		padding-top: 10px;
	}
	.replay-controls h1 {
		font-size: 16pt;
		font-weight: normal;
		color: #CCC;
	}
	.pagelink {
		text-align: center;
	}
	.pagelink a {
		width: 150px;
	}
	.textbox, .button {
		font-size: 11pt;
		vertical-align: middle;
	}
	@media (max-width: 450px) {
		.button {
			font-size: 9pt;
		}
	}
</style>

<div>

	<header>
		<div class="nav-wrapper"><ul class="nav">
			<li><a class="button nav-first" href="//pokemonshowdown.com/"><img src="//pokemonshowdown.com/images/pokemonshowdownbeta.png" srcset="//pokemonshowdown.com/images/pokemonshowdownbeta.png 1x, //pokemonshowdown.com/images/pokemonshowdownbeta@2x.png 2x" alt="Pok&eacute;mon Showdown" width="146" height="44" /> Home</a></li>
			<li><a class="button" href="//pokemonshowdown.com/dex/">Pok&eacute;dex</a></li>
			<li><a class="button cur" href="/">Replays</a></li>
			<li><a class="button" href="//pokemonshowdown.com/ladder/">Ladder</a></li>
			<li><a class="button nav-last" href="//pokemonshowdown.com/forums/">Forum</a></li>
			<li><a class="button greenbutton nav-first nav-last" href="//play.pokemonshowdown.com/">Play</a></li>
		</ul></div>
	</header>

	<div class="main" id="main">

		<noscript><section class="section">You need to enable JavaScript to use this page; sorry!</section></noscript>

	</div>

</div>

<script defer nomodule src="//play.pokemonshowdown.com/js/lib/ps-polyfill.js"></script>
<script defer src="//play.pokemonshowdown.com/js/lib/preact.min.js"></script>

<script defer src="//play.pokemonshowdown.com/config/config.js?2bddbc15"></script>
<script defer src="//play.pokemonshowdown.com/js/lib/jquery-1.11.0.min.js"></script>
<script defer src="//play.pokemonshowdown.com/js/lib/html-sanitizer-minified.js"></script>
<script defer src="//play.pokemonshowdown.com/js/battle-sound.js"></script>
<script defer src="//play.pokemonshowdown.com/js/battledata.js?0.7209276989879541"></script>
<script defer src="//play.pokemonshowdown.com/data/pokedex-mini.js?0.6111056340867951"></script>
<script defer src="//play.pokemonshowdown.com/data/pokedex-mini-bw.js?0.3532142036491459"></script>
<script defer src="//play.pokemonshowdown.com/data/graphics.js?0.24223875632456182"></script>
<script defer src="//play.pokemonshowdown.com/data/pokedex.js?0.38839984266356864"></script>
<script defer src="//play.pokemonshowdown.com/data/moves.js?0.21866028504024015"></script>
<script defer src="//play.pokemonshowdown.com/data/abilities.js?0.2005157953846628"></script>
<script defer src="//play.pokemonshowdown.com/data/items.js?0.9894211263848525"></script>
<script defer src="//play.pokemonshowdown.com/data/teambuilder-tables.js?0.6008791140282215"></script>
<script defer src="//play.pokemonshowdown.com/js/battle-tooltips.js?0.7580118955022959"></script>
<script defer src="//play.pokemonshowdown.com/js/battle.js?0.6057722274234274"></script>

<script defer src="js/utils.js?e31f9a17"></script>
<script defer src="js/replays-battle.js?7008c182"></script>

<!-- don't scrape this data! just add .json or .log after the URL!
Full API docs: https://github.com/smogon/pokemon-showdown-client/blob/master/WEB-API.md -->
<script type="text/plain" class="log" id="replaylog-smogtours-gen3ou-799620">
|inactive|Battle timer is ON: inactive players will automatically lose when time's up.
|t:|1729277866
|gametype|singles
|player|p1|mcgowin|169|
|player|p2|zacynthius|102|
|teamsize|p1|6
|teamsize|p2|6
|gen|3
|tier|[Gen 3] OU
|rule|Sleep Clause Mod: Limit one foe put to sleep
|rule|Switch Priority Clause Mod: Faster Pokémon switch first
|rule|Species Clause: Limit one of each Pokémon
|rule|OHKO Clause: OHKO moves are banned
|rule|Evasion Items Clause: Evasion items are banned
|rule|Evasion Moves Clause: Evasion moves are banned
|rule|Endless Battle Clause: Forcing endless battles is banned
|rule|HP Percentage Mod: HP is shown in percentages
|rule|One Boost Passer Clause: Limit one Baton Passer that has a way to boost its stats
|rule|Freeze Clause Mod: Limit one foe frozen
|
|t:|1729277866
|start
|switch|p1a: Guess|Zapdos|100/100
|switch|p2a: El Drago|Salamence, F|100/100
|-ability|p2a: El Drago|Intimidate|boost
|-unboost|p1a: Guess|atk|1
|turn|1
|c|☆zacynthius|glhf
|inactive|mcgowin has 270 seconds left.
|c|☆mcgowin|glhf
|
|t:|1729277920
|switch|p2a: Layers|Celebi|100/100
|move|p1a: Guess|Protect||[still]
|-fail|p1a: Guess
|
|upkeep
|turn|2
|
|t:|1729277929
|switch|p1a: Spring breaker|Blissey, F|100/100
|move|p2a: Layers|Calm Mind|p2a: Layers
|-boost|p2a: Layers|spa|1
|-boost|p2a: Layers|spd|1
|
|upkeep
|turn|3
|
|t:|1729277932
|move|p2a: Layers|Calm Mind|p2a: Layers
|-boost|p2a: Layers|spa|1
|-boost|p2a: Layers|spd|1
|move|p1a: Spring breaker|Toxic|p2a: Layers
|-status|p2a: Layers|tox
|
|-damage|p2a: Layers|94/100 tox|[from] psn
|upkeep
|turn|4
|
|t:|1729277942
|move|p2a: Layers|Calm Mind|p2a: Layers
|-boost|p2a: Layers|spa|1
|-boost|p2a: Layers|spd|1
|move|p1a: Spring breaker|Ice Beam|p2a: Layers
|-supereffective|p2a: Layers
|-damage|p2a: Layers|78/100 tox
|
|-heal|p2a: Layers|84/100 tox|[from] item: Leftovers
|-damage|p2a: Layers|72/100 tox|[from] psn
|upkeep
|turn|5
|
|t:|1729277963
|move|p2a: Layers|Baton Pass|p2a: Layers
|
|t:|1729277966
|-curestatus|p2a: Layers|tox|[from] ability: Natural Cure
|switch|p2a: Bert|Swampert, F|100/100|[from] Baton Pass
|move|p1a: Spring breaker|Fire Blast|p2a: Bert
|-resisted|p2a: Bert
|-damage|p2a: Bert|96/100
|
|-heal|p2a: Bert|100/100|[from] item: Leftovers
|upkeep
|turn|6
|
|t:|1729277986
|move|p1a: Spring breaker|Toxic|p2a: Bert
|-status|p2a: Bert|tox
|move|p2a: Bert|Surf|p1a: Spring breaker
|-damage|p1a: Spring breaker|61/100
|
|-heal|p1a: Spring breaker|67/100|[from] item: Leftovers
|-damage|p2a: Bert|94/100 tox|[from] psn
|upkeep
|turn|7
|
|t:|1729278013
|-singleturn|p2a: Bert|move: Focus Punch
|move|p1a: Spring breaker|Soft-Boiled|p1a: Spring breaker
|-heal|p1a: Spring breaker|100/100
|move|p2a: Bert|Focus Punch|p1a: Spring breaker
|-supereffective|p1a: Spring breaker
|-damage|p1a: Spring breaker|29/100
|
|-heal|p1a: Spring breaker|35/100|[from] item: Leftovers
|-heal|p2a: Bert|100/100 tox|[from] item: Leftovers
|-damage|p2a: Bert|88/100 tox|[from] psn
|upkeep
|turn|8
|
|t:|1729278021
|move|p1a: Spring breaker|Soft-Boiled|p1a: Spring breaker
|-heal|p1a: Spring breaker|85/100
|move|p2a: Bert|Earthquake|p1a: Spring breaker
|-damage|p1a: Spring breaker|46/100
|
|-heal|p1a: Spring breaker|53/100|[from] item: Leftovers
|-heal|p2a: Bert|94/100 tox|[from] item: Leftovers
|-damage|p2a: Bert|76/100 tox|[from] psn
|upkeep
|turn|9
|
|t:|1729278030
|switch|p2a: Layers|Celebi|72/100
|move|p1a: Spring breaker|Soft-Boiled|p1a: Spring breaker
|-heal|p1a: Spring breaker|100/100
|
|-heal|p2a: Layers|78/100|[from] item: Leftovers
|upkeep
|turn|10
|
|t:|1729278036
|switch|p1a: Von dutch|Tyranitar, F|100/100
|-weather|Sandstorm|[from] ability: Sand Stream|[of] p1a: Von dutch
|move|p2a: Layers|Calm Mind|p2a: Layers
|-boost|p2a: Layers|spa|1
|-boost|p2a: Layers|spd|1
|
|-weather|Sandstorm|[upkeep]
|-damage|p2a: Layers|72/100|[from] Sandstorm
|-heal|p2a: Layers|78/100|[from] item: Leftovers
|upkeep
|turn|11
|
|t:|1729278049
|move|p2a: Layers|Calm Mind|p2a: Layers
|-boost|p2a: Layers|spa|1
|-boost|p2a: Layers|spd|1
|move|p1a: Von dutch|Hidden Power|p2a: Layers
|-supereffective|p2a: Layers
|-damage|p2a: Layers|0 fnt
|faint|p2a: Layers
|
|t:|1729278055
|switch|p2a: El Drago|Salamence, F|100/100
|-ability|p2a: El Drago|Intimidate|boost
|-unboost|p1a: Von dutch|atk|1
|
|-weather|Sandstorm|[upkeep]
|-damage|p2a: El Drago|94/100|[from] Sandstorm
|-heal|p2a: El Drago|100/100|[from] item: Leftovers
|upkeep
|turn|12
|
|t:|1729278079
|switch|p1a: 365 partygirl|Swampert, F|100/100
|move|p2a: El Drago|Dragon Claw|p1a: 365 partygirl
|-damage|p1a: 365 partygirl|68/100
|
|-weather|Sandstorm|[upkeep]
|-damage|p2a: El Drago|94/100|[from] Sandstorm
|-heal|p2a: El Drago|100/100|[from] item: Leftovers
|-heal|p1a: 365 partygirl|75/100|[from] item: Leftovers
|upkeep
|turn|13
|
|t:|1729278085
|move|p2a: El Drago|Hidden Power|p1a: 365 partygirl
|-supereffective|p1a: 365 partygirl
|-damage|p1a: 365 partygirl|0 fnt
|faint|p1a: 365 partygirl
|
|t:|1729278091
|switch|p1a: Von dutch|Tyranitar, F|100/100
|
|-weather|Sandstorm|[upkeep]
|-damage|p2a: El Drago|94/100|[from] Sandstorm
|-heal|p2a: El Drago|100/100|[from] item: Leftovers
|upkeep
|turn|14
|
|t:|1729278095
|switch|p2a: Bert|Swampert, F|76/100 tox
|move|p1a: Von dutch|Rock Slide|p2a: Bert
|-resisted|p2a: Bert
|-damage|p2a: Bert|55/100 tox
|
|-weather|Sandstorm|[upkeep]
|-heal|p2a: Bert|61/100 tox|[from] item: Leftovers
|-damage|p2a: Bert|55/100 tox|[from] psn
|upkeep
|turn|15
|inactive|mcgowin has 270 seconds left.
|
|t:|1729278126
|switch|p1a: Guess|Zapdos|100/100
|move|p2a: Bert|Surf|p1a: Guess
|-damage|p1a: Guess|57/100
|
|-weather|Sandstorm|[upkeep]
|-damage|p1a: Guess|51/100|[from] Sandstorm
|-heal|p1a: Guess|57/100|[from] item: Leftovers
|-heal|p2a: Bert|61/100 tox|[from] item: Leftovers
|-damage|p2a: Bert|48/100 tox|[from] psn
|upkeep
|turn|16
|inactive|mcgowin has 270 seconds left.
|inactive|mcgowin has 240 seconds left.
|
|t:|1729278177
|move|p1a: Guess|Protect|p1a: Guess
|-singleturn|p1a: Guess|Protect
|move|p2a: Bert|Ice Beam|p1a: Guess
|-activate|p1a: Guess|Protect
|
|-weather|Sandstorm|[upkeep]
|-damage|p1a: Guess|51/100|[from] Sandstorm
|-heal|p1a: Guess|57/100|[from] item: Leftovers
|-heal|p2a: Bert|55/100 tox|[from] item: Leftovers
|-damage|p2a: Bert|36/100 tox|[from] psn
|upkeep
|turn|17
|
|t:|1729278195
|switch|p1a: Spring breaker|Blissey, F|100/100
|switch|p2a: Sparksworth|Zapdos|100/100
|
|-weather|Sandstorm|[upkeep]
|-damage|p2a: Sparksworth|94/100|[from] Sandstorm
|-damage|p1a: Spring breaker|94/100|[from] Sandstorm
|-heal|p2a: Sparksworth|100/100|[from] item: Leftovers
|-heal|p1a: Spring breaker|100/100|[from] item: Leftovers
|upkeep
|turn|18
|
|t:|1729278202
|move|p2a: Sparksworth|Substitute|p2a: Sparksworth
|-start|p2a: Sparksworth|Substitute
|-damage|p2a: Sparksworth|76/100
|move|p1a: Spring breaker|Ice Beam|p2a: Sparksworth
|-supereffective|p2a: Sparksworth
|-end|p2a: Sparksworth|Substitute
|
|-weather|Sandstorm|[upkeep]
|-damage|p2a: Sparksworth|69/100|[from] Sandstorm
|-damage|p1a: Spring breaker|94/100|[from] Sandstorm
|-heal|p2a: Sparksworth|76/100|[from] item: Leftovers
|-heal|p1a: Spring breaker|100/100|[from] item: Leftovers
|upkeep
|turn|19
|
|t:|1729278205
|move|p2a: Sparksworth|Baton Pass|p2a: Sparksworth
|
|t:|1729278207
|switch|p2a: Sgt. Bash|Metagross|100/100|[from] Baton Pass
|move|p1a: Spring breaker|Ice Beam|p2a: Sgt. Bash
|-resisted|p2a: Sgt. Bash
|-damage|p2a: Sgt. Bash|88/100
|
|-weather|Sandstorm|[upkeep]
|-damage|p1a: Spring breaker|94/100|[from] Sandstorm
|-heal|p1a: Spring breaker|100/100|[from] item: Leftovers
|upkeep
|turn|20
|
|t:|1729278221
|switch|p1a: Issa knife|Skarmory, M|100/100
|move|p2a: Sgt. Bash|Meteor Mash|p1a: Issa knife
|-resisted|p1a: Issa knife
|-damage|p1a: Issa knife|68/100
|-boost|p2a: Sgt. Bash|atk|1
|
|-weather|Sandstorm|[upkeep]
|-heal|p1a: Issa knife|74/100|[from] item: Leftovers
|upkeep
|turn|21
|
|t:|1729278228
|move|p1a: Issa knife|Protect|p1a: Issa knife
|-singleturn|p1a: Issa knife|Protect
|move|p2a: Sgt. Bash|Meteor Mash|p1a: Issa knife
|-activate|p1a: Issa knife|Protect
|
|-weather|Sandstorm|[upkeep]
|-heal|p1a: Issa knife|80/100|[from] item: Leftovers
|upkeep
|turn|22
|
|t:|1729278239
|move|p2a: Sgt. Bash|Meteor Mash|p1a: Issa knife|[miss]
|-miss|p2a: Sgt. Bash|p1a: Issa knife
|move|p1a: Issa knife|Roar|p2a: Sgt. Bash
|drag|p2a: Sparksworth|Zapdos|76/100
|
|-weather|Sandstorm|[upkeep]
|-damage|p2a: Sparksworth|69/100|[from] Sandstorm
|-heal|p2a: Sparksworth|76/100|[from] item: Leftovers
|-heal|p1a: Issa knife|86/100|[from] item: Leftovers
|upkeep
|turn|23
|
|t:|1729278248
|switch|p1a: Spring breaker|Blissey, F|100/100
|move|p2a: Sparksworth|Substitute|p2a: Sparksworth
|-start|p2a: Sparksworth|Substitute
|-damage|p2a: Sparksworth|51/100
|
|-weather|Sandstorm|[upkeep]
|-damage|p2a: Sparksworth|45/100|[from] Sandstorm
|-damage|p1a: Spring breaker|94/100|[from] Sandstorm
|-heal|p2a: Sparksworth|51/100|[from] item: Leftovers
|-heal|p1a: Spring breaker|100/100|[from] item: Leftovers
|upkeep
|turn|24
|
|t:|1729278251
|move|p2a: Sparksworth|Baton Pass|p2a: Sparksworth
|
|t:|1729278254
|switch|p2a: Comfortable Dug|Dugtrio, M|100/100|[from] Baton Pass
|move|p1a: Spring breaker|Ice Beam|p2a: Comfortable Dug
|-supereffective|p2a: Comfortable Dug
|-end|p2a: Comfortable Dug|Substitute
|
|-weather|Sandstorm|[upkeep]
|-damage|p1a: Spring breaker|94/100|[from] Sandstorm
|-heal|p1a: Spring breaker|100/100|[from] item: Leftovers
|upkeep
|turn|25
|c|☆mcgowin|comfortable dug
|c|☆mcgowin|loving it
|inactive|mcgowin has 270 seconds left.
|
|t:|1729278265
|move|p2a: Comfortable Dug|Earthquake|p1a: Spring breaker
|-damage|p1a: Spring breaker|40/100
|move|p1a: Spring breaker|Ice Beam|p2a: Comfortable Dug
|-supereffective|p2a: Comfortable Dug
|-damage|p2a: Comfortable Dug|18/100
|
|-weather|Sandstorm|[upkeep]
|-damage|p1a: Spring breaker|34/100|[from] Sandstorm
|-heal|p1a: Spring breaker|40/100|[from] item: Leftovers
|upkeep
|turn|26
|
|t:|1729278272
|move|p2a: Comfortable Dug|Earthquake|p1a: Spring breaker
|-damage|p1a: Spring breaker|0 fnt
|faint|p1a: Spring breaker
|inactive|mcgowin has 270 seconds left.
|c|☆zacynthius|thanks, I needed him to feel comfortable
|inactive|mcgowin has 240 seconds left.
|
|t:|1729278319
|switch|p1a: Mean girl|Gengar, F|100/100
|
|-weather|Sandstorm|[upkeep]
|-damage|p1a: Mean girl|95/100|[from] Sandstorm
|-heal|p1a: Mean girl|100/100|[from] item: Leftovers
|upkeep
|turn|27
|
|t:|1729278323
|move|p2a: Comfortable Dug|Earthquake|p1a: Mean girl
|-immune|p1a: Mean girl
|move|p1a: Mean girl|Will-O-Wisp|p2a: Comfortable Dug|[miss]
|-miss|p1a: Mean girl|p2a: Comfortable Dug
|
|-weather|Sandstorm|[upkeep]
|-damage|p1a: Mean girl|95/100|[from] Sandstorm
|-heal|p1a: Mean girl|100/100|[from] item: Leftovers
|upkeep
|turn|28
|
|t:|1729278335
|switch|p2a: Bert|Swampert, F|36/100 tox
|switch|p1a: Issa knife|Skarmory, M|86/100
|
|-weather|Sandstorm|[upkeep]
|-heal|p1a: Issa knife|92/100|[from] item: Leftovers
|-heal|p2a: Bert|42/100 tox|[from] item: Leftovers
|-damage|p2a: Bert|36/100 tox|[from] psn
|upkeep
|turn|29
|
|t:|1729278344
|switch|p2a: Sparksworth|Zapdos|51/100
|move|p1a: Issa knife|Spikes|p2a: Sparksworth
|-sidestart|p2: zacynthius|Spikes
|
|-weather|Sandstorm|[upkeep]
|-damage|p2a: Sparksworth|45/100|[from] Sandstorm
|-heal|p2a: Sparksworth|51/100|[from] item: Leftovers
|-heal|p1a: Issa knife|98/100|[from] item: Leftovers
|upkeep
|turn|30
|
|t:|1729278362
|move|p2a: Sparksworth|Thunderbolt|p1a: Issa knife
|-supereffective|p1a: Issa knife
|-damage|p1a: Issa knife|0 fnt
|faint|p1a: Issa knife
|
|t:|1729278368
|switch|p1a: Von dutch|Tyranitar, F|100/100
|
|-weather|Sandstorm|[upkeep]
|-damage|p2a: Sparksworth|45/100|[from] Sandstorm
|-heal|p2a: Sparksworth|51/100|[from] item: Leftovers
|upkeep
|turn|31
|
|t:|1729278374
|switch|p2a: Sgt. Bash|Metagross|88/100
|-damage|p2a: Sgt. Bash|76/100|[from] Spikes
|move|p1a: Von dutch|Rock Slide|p2a: Sgt. Bash
|-resisted|p2a: Sgt. Bash
|-damage|p2a: Sgt. Bash|56/100
|
|-weather|Sandstorm|[upkeep]
|upkeep
|turn|32
|
|t:|1729278391
|move|p2a: Sgt. Bash|Meteor Mash|p1a: Von dutch
|-supereffective|p1a: Von dutch
|-damage|p1a: Von dutch|0 fnt
|faint|p1a: Von dutch
|
|t:|1729278394
|switch|p1a: Guess|Zapdos|57/100
|
|-weather|Sandstorm|[upkeep]
|-damage|p1a: Guess|51/100|[from] Sandstorm
|-heal|p1a: Guess|57/100|[from] item: Leftovers
|upkeep
|turn|33
|
|t:|1729278397
|move|p1a: Guess|Thunderbolt|p2a: Sgt. Bash
|-damage|p2a: Sgt. Bash|2/100
|move|p2a: Sgt. Bash|Meteor Mash|p1a: Guess
|-resisted|p1a: Guess
|-damage|p1a: Guess|7/100
|
|-weather|Sandstorm|[upkeep]
|-damage|p1a: Guess|1/100|[from] Sandstorm
|-heal|p1a: Guess|7/100|[from] item: Leftovers
|upkeep
|turn|34
|inactive|mcgowin has 270 seconds left.
|
|t:|1729278409
|move|p1a: Guess|Hidden Power|p2a: Sgt. Bash
|-resisted|p2a: Sgt. Bash
|-damage|p2a: Sgt. Bash|0 fnt
|faint|p2a: Sgt. Bash
|
|t:|1729278412
|switch|p2a: Comfortable Dug|Dugtrio, M|18/100
|-damage|p2a: Comfortable Dug|5/100|[from] Spikes
|
|-weather|Sandstorm|[upkeep]
|-damage|p1a: Guess|1/100|[from] Sandstorm
|-heal|p1a: Guess|7/100|[from] item: Leftovers
|upkeep
|turn|35
|
|t:|1729278417
|move|p1a: Guess|Protect|p1a: Guess
|-singleturn|p1a: Guess|Protect
|move|p2a: Comfortable Dug|Ancient Power|p1a: Guess
|-activate|p1a: Guess|Protect
|
|-weather|Sandstorm|[upkeep]
|-damage|p1a: Guess|1/100|[from] Sandstorm
|-heal|p1a: Guess|7/100|[from] item: Leftovers
|upkeep
|turn|36
|
|t:|1729278424
|move|p2a: Comfortable Dug|Ancient Power|p1a: Guess
|-supereffective|p1a: Guess
|-damage|p1a: Guess|0 fnt
|faint|p1a: Guess
|
|t:|1729278425
|switch|p1a: Mean girl|Gengar, F|100/100
|
|-weather|Sandstorm|[upkeep]
|-damage|p1a: Mean girl|95/100|[from] Sandstorm
|-heal|p1a: Mean girl|100/100|[from] item: Leftovers
|upkeep
|turn|37
|
|t:|1729278427
|move|p2a: Comfortable Dug|Ancient Power|p1a: Mean girl
|-damage|p1a: Mean girl|63/100
|move|p1a: Mean girl|Giga Drain|p2a: Comfortable Dug
|-supereffective|p2a: Comfortable Dug
|-damage|p2a: Comfortable Dug|0 fnt
|-heal|p1a: Mean girl|64/100|[from] drain|[of] p2a: Comfortable Dug
|faint|p2a: Comfortable Dug
|
|t:|1729278435
|switch|p2a: Bert|Swampert, F|36/100 tox
|-damage|p2a: Bert|24/100 tox|[from] Spikes
|
|-weather|Sandstorm|[upkeep]
|-damage|p1a: Mean girl|58/100|[from] Sandstorm
|-heal|p1a: Mean girl|64/100|[from] item: Leftovers
|-heal|p2a: Bert|30/100 tox|[from] item: Leftovers
|-damage|p2a: Bert|24/100 tox|[from] psn
|upkeep
|turn|38
|
|t:|1729278439
|move|p1a: Mean girl|Giga Drain|p2a: Bert
|-supereffective|p2a: Bert
|-damage|p2a: Bert|0 fnt
|-heal|p1a: Mean girl|79/100|[from] drain|[of] p2a: Bert
|faint|p2a: Bert
|
|t:|1729278442
|switch|p2a: Sparksworth|Zapdos|51/100
|
|-weather|Sandstorm|[upkeep]
|-damage|p1a: Mean girl|73/100|[from] Sandstorm
|-damage|p2a: Sparksworth|45/100|[from] Sandstorm
|-heal|p1a: Mean girl|79/100|[from] item: Leftovers
|-heal|p2a: Sparksworth|51/100|[from] item: Leftovers
|upkeep
|turn|39
|
|t:|1729278449
|move|p1a: Mean girl|Fire Punch|p2a: Sparksworth
|-damage|p2a: Sparksworth|24/100
|move|p2a: Sparksworth|Thunderbolt|p1a: Mean girl
|-damage|p1a: Mean girl|19/100
|
|-weather|Sandstorm|[upkeep]
|-damage|p1a: Mean girl|13/100|[from] Sandstorm
|-damage|p2a: Sparksworth|18/100|[from] Sandstorm
|-heal|p1a: Mean girl|19/100|[from] item: Leftovers
|-heal|p2a: Sparksworth|24/100|[from] item: Leftovers
|upkeep
|turn|40
|
|t:|1729278453
|move|p1a: Mean girl|Fire Punch|p2a: Sparksworth
|-damage|p2a: Sparksworth|0 fnt
|faint|p2a: Sparksworth
|
|t:|1729278456
|switch|p2a: El Drago|Salamence, F|100/100
|-ability|p2a: El Drago|Intimidate|boost
|-unboost|p1a: Mean girl|atk|1
|
|-weather|Sandstorm|[upkeep]
|-damage|p1a: Mean girl|13/100|[from] Sandstorm
|-damage|p2a: El Drago|94/100|[from] Sandstorm
|-heal|p1a: Mean girl|19/100|[from] item: Leftovers
|-heal|p2a: El Drago|100/100|[from] item: Leftovers
|upkeep
|turn|41
|c|☆zacynthius|GG this turn decides it
|inactive|mcgowin has 270 seconds left.
|
|t:|1729278495
|move|p1a: Mean girl|Explosion|p2a: El Drago
|-damage|p2a: El Drago|40/100
|faint|p1a: Mean girl
|
|win|zacynthius
|c|☆mcgowin|yeah it was over
|c|☆mcgowin|gg
|c|☆zacynthius|Those were tough
|c|☆zacynthius|GGS
|c|☆mcgowin|gg
|c|☆zacynthius|Fun though, Ill upload those now

</script>
<script type="application/json" class="data" id="replaydata-smogtours-gen3ou-799620">
{"id":"smogtours-gen3ou-799620","format":"[Gen 3] OU","players":["mcgowin","zacynthius"],"uploadtime":1729278495,"views":74,"formatid":"gen3ou","rating":null,"private":0,"password":null}
</script>

<script defer src="js/replays.js?9d40a366"></script>
