<!DOCTYPE html>
<meta charset="utf-8" />
<meta name="viewport" content="width=device-width" />

<title>[Gen 3] OU: HeyYa!_Forte vs. marsandback - Replays - Pok&eacute;mon Showdown!</title>

<meta name="description" content="Watch a replay of a Pok&eacute;mon battle between HeyYa!_Forte and marsandback! Format: [Gen 3] OU; Date: Oct 14, 2024" />
<!--

Hey, you! Looking in the source for the replay log?

You can find them in JSON format, just add `.json` at the end of a replay URL.

https://replay.pokemonshowdown.com/gen7randomdoublesbattle-865046831.json

Or, if you only need the log itself, add `.log` instead:

https://replay.pokemonshowdown.com/gen7randomdoublesbattle-865046831.log

-->

<link rel="stylesheet" href="//pokemonshowdown.com/style/global.css?0.767286132409787" />
<link rel="stylesheet" href="//play.pokemonshowdown.com/style/font-awesome.css?0.9266228007934947" />
<link rel="stylesheet" href="//play.pokemonshowdown.com/style/battle.css?0.7924700842790926" />
<link rel="stylesheet" href="//play.pokemonshowdown.com/style/utilichart.css?0.8777417872839479" />

<!-- Global site tag (gtag.js) - Google Analytics -->
<script async src="https://www.googletagmanager.com/gtag/js?id=UA-26211653-1"></script>
<script>
  window.dataLayer = window.dataLayer || [];
  function gtag(){dataLayer.push(arguments);}
  gtag('js', new Date());

  gtag('config', 'UA-26211653-1');
</script>
<!-- End Google Analytics -->
<!-- Venatus Ad Manager - Install in <HEAD> of page -->
	<script src="https://hb.vntsm.com/v3/live/ad-manager.min.js" type="text/javascript" data-site-id="642aba63ec9a7b11c3c9c1be" data-mode="scan" async></script>
<!-- / Venatus Ad Manager -->

<style>
	@media (max-width:820px) {
		.battle {
			margin: 0 auto;
		}
		.battle-log {
			margin: 7px auto 0;
			max-width: 640px;
			height: 300px;
			position: static;
		}
	}
	.optgroup {
		display: inline-block;
		line-height: 22px;
		font-size: 10pt;
	}
	.optgroup .button {
		height: 25px;
		padding-top: 0;
		padding-bottom: 0;
	}
	.optgroup button.button {
		padding-left: 12px;
		padding-right: 12px;
	}
	.linklist {
		list-style: none;
		margin: 0.5em 0;
		padding: 0;
	}
	.linklist li {
		padding: 2px 0;
	}
	.sidebar {
		float: left;
		width: 320px;
	}
	.bar-wrapper {
		max-width: 1100px;
		margin: 0 auto;
	}
	.bar-wrapper.has-sidebar {
		max-width: 1430px;
	}
	.mainbar {
		margin: 0;
		padding-right: 1px;
	}
	.mainbar.has-sidebar {
		margin-left: 330px;
	}
	@media (min-width: 1511px) {
		.sidebar {
			width: 400px;
		}
		.bar-wrapper.has-sidebar {
			max-width: 1510px;
		}
		.mainbar.has-sidebar {
			margin-left: 410px;
		}
	}
	.section.first-section {
		margin-top: 9px;
	}
	.blocklink small {
		white-space: normal;
	}
	.button {
		vertical-align: middle;
	}
	.replay-controls {
		padding-top: 10px;
	}
	.replay-controls h1 {
		font-size: 16pt;
		font-weight: normal;
		color: #CCC;
	}
	.pagelink {
		text-align: center;
	}
	.pagelink a {
		width: 150px;
	}
	.textbox, .button {
		font-size: 11pt;
		vertical-align: middle;
	}
	@media (max-width: 450px) {
		.button {
			font-size: 9pt;
		}
	}
</style>

<div>

	<header>
		<div class="nav-wrapper"><ul class="nav">
			<li><a class="button nav-first" href="//pokemonshowdown.com/"><img src="//pokemonshowdown.com/images/pokemonshowdownbeta.png" srcset="//pokemonshowdown.com/images/pokemonshowdownbeta.png 1x, //pokemonshowdown.com/images/pokemonshowdownbeta@2x.png 2x" alt="Pok&eacute;mon Showdown" width="146" height="44" /> Home</a></li>
			<li><a class="button" href="//pokemonshowdown.com/dex/">Pok&eacute;dex</a></li>
			<li><a class="button cur" href="/">Replays</a></li>
			<li><a class="button" href="//pokemonshowdown.com/ladder/">Ladder</a></li>
			<li><a class="button nav-last" href="//pokemonshowdown.com/forums/">Forum</a></li>
			<li><a class="button greenbutton nav-first nav-last" href="//play.pokemonshowdown.com/">Play</a></li>
		</ul></div>
	</header>

	<div class="main" id="main">

		<noscript><section class="section">You need to enable JavaScript to use this page; sorry!</section></noscript>

	</div>

</div>

<script defer nomodule src="//play.pokemonshowdown.com/js/lib/ps-polyfill.js"></script>
<script defer src="//play.pokemonshowdown.com/js/lib/preact.min.js"></script>

<script defer src="//play.pokemonshowdown.com/config/config.js?6dec07f6"></script>
<script defer src="//play.pokemonshowdown.com/js/lib/jquery-1.11.0.min.js"></script>
<script defer src="//play.pokemonshowdown.com/js/lib/html-sanitizer-minified.js"></script>
<script defer src="//play.pokemonshowdown.com/js/battle-sound.js"></script>
<script defer src="//play.pokemonshowdown.com/js/battledata.js?0.6315294753075389"></script>
<script defer src="//play.pokemonshowdown.com/data/pokedex-mini.js?0.7603743185311358"></script>
<script defer src="//play.pokemonshowdown.com/data/pokedex-mini-bw.js?0.030888842834281283"></script>
<script defer src="//play.pokemonshowdown.com/data/graphics.js?0.05593094747507488"></script>
<script defer src="//play.pokemonshowdown.com/data/pokedex.js?0.47064822249611904"></script>
<script defer src="//play.pokemonshowdown.com/data/moves.js?0.8583693120512459"></script>
<script defer src="//play.pokemonshowdown.com/data/abilities.js?0.16017181182386842"></script>
<script defer src="//play.pokemonshowdown.com/data/items.js?0.4163379185673943"></script>
<script defer src="//play.pokemonshowdown.com/data/teambuilder-tables.js?0.31075597372830477"></script>
<script defer src="//play.pokemonshowdown.com/js/battle-tooltips.js?0.6536193500708172"></script>
<script defer src="//play.pokemonshowdown.com/js/battle.js?0.1916591943277901"></script>

<script defer src="js/utils.js?e31f9a17"></script>
<script defer src="js/replays-battle.js?7008c182"></script>

<!-- don't scrape this data! just add .json or .log after the URL!
Full API docs: https://github.com/smogon/pokemon-showdown-client/blob/master/WEB-API.md -->
<script type="text/plain" class="log" id="replaylog-smogtours-gen3ou-798750">
|inactive|Battle timer is ON: inactive players will automatically lose when time's up.
|t:|1728937441
|gametype|singles
|player|p1|HeyYa!_Forte|backersf|
|player|p2|marsandback|erika-gen3|
|teamsize|p1|6
|teamsize|p2|6
|gen|3
|tier|[Gen 3] OU
|rule|Sleep Clause Mod: Limit one foe put to sleep
|rule|Switch Priority Clause Mod: Faster Pokémon switch first
|rule|Species Clause: Limit one of each Pokémon
|rule|OHKO Clause: OHKO moves are banned
|rule|Evasion Items Clause: Evasion items are banned
|rule|Evasion Moves Clause: Evasion moves are banned
|rule|Endless Battle Clause: Forcing endless battles is banned
|rule|HP Percentage Mod: HP is shown in percentages
|rule|One Boost Passer Clause: Limit one Baton Passer that has a way to boost its stats
|rule|Freeze Clause Mod: Limit one foe frozen
|
|t:|1728937441
|start
|switch|p1a: Zapdos|Zapdos|100/100
|switch|p2a: Zapdos|Zapdos|100/100
|turn|1
|
|t:|1728937456
|switch|p2a: Blissey|Blissey, F|100/100
|move|p1a: Zapdos|Substitute|p1a: Zapdos
|-start|p1a: Zapdos|Substitute
|-damage|p1a: Zapdos|76/100
|
|-heal|p1a: Zapdos|82/100|[from] item: Leftovers
|upkeep
|turn|2
|
|t:|1728937460
|move|p1a: Zapdos|Baton Pass|p1a: Zapdos
|
|t:|1728937476
|switch|p1a: Breloom|Breloom, F|100/100|[from] Baton Pass
|move|p2a: Blissey|Ice Beam|p1a: Breloom
|-supereffective|p1a: Breloom
|-end|p1a: Breloom|Substitute
|
|upkeep
|turn|3
|inactive|marsandback has 270 seconds left.
|
|t:|1728937507
|switch|p2a: Tyranitar|Tyranitar, M|100/100
|-weather|Sandstorm|[from] ability: Sand Stream|[of] p2a: Tyranitar
|move|p1a: Breloom|Spore|p2a: Tyranitar
|-status|p2a: Tyranitar|slp|[from] move: Spore
|
|-weather|Sandstorm|[upkeep]
|-damage|p1a: Breloom|94/100|[from] Sandstorm
|-heal|p1a: Breloom|100/100|[from] item: Leftovers
|upkeep
|turn|4
|
|t:|1728937523
|switch|p1a: Tyranitar|Tyranitar, M|100/100
|switch|p2a: Zapdos|Zapdos|100/100
|
|-weather|Sandstorm|[upkeep]
|-damage|p2a: Zapdos|94/100|[from] Sandstorm
|-heal|p2a: Zapdos|100/100|[from] item: Leftovers
|upkeep
|turn|5
|
|t:|1728937533
|-singleturn|p1a: Tyranitar|move: Focus Punch
|move|p2a: Zapdos|Hidden Power|p1a: Tyranitar
|-supereffective|p1a: Tyranitar
|-damage|p1a: Tyranitar|14/100
|move|p1a: Tyranitar|Focus Punch||[still]
|cant|p1a: Tyranitar|Focus Punch|Focus Punch
|
|-weather|Sandstorm|[upkeep]
|-damage|p2a: Zapdos|94/100|[from] Sandstorm
|-heal|p2a: Zapdos|100/100|[from] item: Leftovers
|-heal|p1a: Tyranitar|20/100|[from] item: Leftovers
|upkeep
|turn|6
|inactive|HeyYa!_Forte has 270 seconds left.
|
|t:|1728937567
|switch|p1a: Blissey|Blissey, F|100/100
|move|p2a: Zapdos|Thunderbolt|p1a: Blissey
|-damage|p1a: Blissey|86/100
|
|-weather|Sandstorm|[upkeep]
|-damage|p2a: Zapdos|94/100|[from] Sandstorm
|-damage|p1a: Blissey|80/100|[from] Sandstorm
|-heal|p2a: Zapdos|100/100|[from] item: Leftovers
|-heal|p1a: Blissey|86/100|[from] item: Leftovers
|upkeep
|turn|7
|inactive|HeyYa!_Forte has 270 seconds left.
|
|t:|1728937584
|switch|p2a: Skarmory|Skarmory, M|100/100
|switch|p1a: Metagross|Metagross|100/100
|
|-weather|Sandstorm|[upkeep]
|upkeep
|turn|8
|inactive|HeyYa!_Forte has 270 seconds left.
|
|t:|1728937593
|switch|p1a: Starmie|Starmie|100/100
|move|p2a: Skarmory|Spikes|p1a: Starmie
|-sidestart|p1: HeyYa!_Forte|Spikes
|
|-weather|Sandstorm|[upkeep]
|-damage|p1a: Starmie|94/100|[from] Sandstorm
|-heal|p1a: Starmie|100/100|[from] item: Leftovers
|upkeep
|turn|9
|
|t:|1728937601
|switch|p2a: Zapdos|Zapdos|100/100
|move|p1a: Starmie|Rapid Spin|p2a: Zapdos
|-damage|p2a: Zapdos|97/100
|-sideend|p1: HeyYa!_Forte|Spikes|[from] move: Rapid Spin|[of] p1a: Starmie
|
|-weather|Sandstorm|[upkeep]
|-damage|p1a: Starmie|94/100|[from] Sandstorm
|-damage|p2a: Zapdos|91/100|[from] Sandstorm
|-heal|p1a: Starmie|100/100|[from] item: Leftovers
|-heal|p2a: Zapdos|97/100|[from] item: Leftovers
|upkeep
|turn|10
|
|t:|1728937613
|switch|p1a: Blissey|Blissey, F|86/100
|move|p2a: Zapdos|Thunderbolt|p1a: Blissey
|-damage|p1a: Blissey|72/100
|
|-weather|Sandstorm|[upkeep]
|-damage|p2a: Zapdos|91/100|[from] Sandstorm
|-damage|p1a: Blissey|65/100|[from] Sandstorm
|-heal|p2a: Zapdos|97/100|[from] item: Leftovers
|-heal|p1a: Blissey|72/100|[from] item: Leftovers
|upkeep
|turn|11
|
|t:|1728937620
|switch|p2a: Skarmory|Skarmory, M|100/100
|move|p1a: Blissey|Thunder Wave|p2a: Skarmory
|-status|p2a: Skarmory|par
|
|-weather|Sandstorm|[upkeep]
|-damage|p1a: Blissey|65/100|[from] Sandstorm
|-heal|p1a: Blissey|72/100|[from] item: Leftovers
|upkeep
|turn|12
|
|t:|1728937626
|switch|p1a: Tyranitar|Tyranitar, M|20/100
|move|p2a: Skarmory|Spikes|p1a: Tyranitar
|-sidestart|p1: HeyYa!_Forte|Spikes
|
|-weather|Sandstorm|[upkeep]
|-heal|p1a: Tyranitar|27/100|[from] item: Leftovers
|upkeep
|turn|13
|
|t:|1728937631
|switch|p2a: Swampert|Swampert, F|100/100
|move|p1a: Tyranitar|Fire Blast|p2a: Swampert
|-resisted|p2a: Swampert
|-crit|p2a: Swampert
|-damage|p2a: Swampert|68/100
|-status|p2a: Swampert|brn
|
|-weather|Sandstorm|[upkeep]
|-heal|p1a: Tyranitar|33/100|[from] item: Leftovers
|-heal|p2a: Swampert|74/100 brn|[from] item: Leftovers
|-damage|p2a: Swampert|62/100 brn|[from] brn
|upkeep
|turn|14
|
|t:|1728937637
|switch|p2a: Zapdos|Zapdos|97/100
|move|p1a: Tyranitar|Hidden Power|p2a: Zapdos
|-resisted|p2a: Zapdos
|-crit|p2a: Zapdos
|-damage|p2a: Zapdos|71/100
|
|-weather|Sandstorm|[upkeep]
|-damage|p2a: Zapdos|65/100|[from] Sandstorm
|-heal|p2a: Zapdos|71/100|[from] item: Leftovers
|-heal|p1a: Tyranitar|39/100|[from] item: Leftovers
|upkeep
|turn|15
|
|t:|1728937658
|switch|p1a: Zapdos|Zapdos|82/100
|move|p2a: Zapdos|Thunderbolt|p1a: Zapdos
|-damage|p1a: Zapdos|33/100
|
|-weather|Sandstorm|[upkeep]
|-damage|p1a: Zapdos|27/100|[from] Sandstorm
|-damage|p2a: Zapdos|65/100|[from] Sandstorm
|-heal|p1a: Zapdos|33/100|[from] item: Leftovers
|-heal|p2a: Zapdos|71/100|[from] item: Leftovers
|upkeep
|turn|16
|
|t:|1728937666
|move|p1a: Zapdos|Thunderbolt|p2a: Zapdos
|-damage|p2a: Zapdos|10/100
|move|p2a: Zapdos|Thunderbolt|p1a: Zapdos
|-crit|p1a: Zapdos
|-damage|p1a: Zapdos|0 fnt
|faint|p1a: Zapdos
|
|t:|1728937672
|switch|p1a: Starmie|Starmie|100/100
|-damage|p1a: Starmie|88/100|[from] Spikes
|
|-weather|Sandstorm|[upkeep]
|-damage|p1a: Starmie|82/100|[from] Sandstorm
|-damage|p2a: Zapdos|4/100|[from] Sandstorm
|-heal|p1a: Starmie|88/100|[from] item: Leftovers
|-heal|p2a: Zapdos|10/100|[from] item: Leftovers
|upkeep
|turn|17
|
|t:|1728937696
|switch|p2a: Blissey|Blissey, F|100/100
|move|p1a: Starmie|Ice Beam|p2a: Blissey
|-damage|p2a: Blissey|90/100
|
|-weather|Sandstorm|[upkeep]
|-damage|p1a: Starmie|82/100|[from] Sandstorm
|-damage|p2a: Blissey|84/100|[from] Sandstorm
|-heal|p1a: Starmie|88/100|[from] item: Leftovers
|-heal|p2a: Blissey|90/100|[from] item: Leftovers
|upkeep
|turn|18
|
|t:|1728937704
|move|p1a: Starmie|Rapid Spin|p2a: Blissey
|-damage|p2a: Blissey|88/100
|-sideend|p1: HeyYa!_Forte|Spikes|[from] move: Rapid Spin|[of] p1a: Starmie
|move|p2a: Blissey|Seismic Toss|p1a: Starmie
|-damage|p1a: Starmie|50/100
|
|-weather|Sandstorm|[upkeep]
|-damage|p1a: Starmie|44/100|[from] Sandstorm
|-damage|p2a: Blissey|81/100|[from] Sandstorm
|-heal|p1a: Starmie|50/100|[from] item: Leftovers
|-heal|p2a: Blissey|88/100|[from] item: Leftovers
|upkeep
|turn|19
|
|t:|1728937713
|switch|p1a: Metagross|Metagross|100/100
|move|p2a: Blissey|Wish|p2a: Blissey
|
|-weather|Sandstorm|[upkeep]
|-damage|p2a: Blissey|81/100|[from] Sandstorm
|-heal|p2a: Blissey|88/100|[from] item: Leftovers
|upkeep
|turn|20
|
|t:|1728937723
|switch|p2a: Skarmory|Skarmory, M|100/100 par
|move|p1a: Metagross|Meteor Mash|p2a: Skarmory
|-resisted|p2a: Skarmory
|-damage|p2a: Skarmory|82/100 par
|
|-heal|p2a: Skarmory|100/100 par|[from] move: Wish|[wisher] Blissey
|-weather|Sandstorm|[upkeep]
|upkeep
|turn|21
|
|t:|1728937732
|switch|p1a: Starmie|Starmie|50/100
|move|p2a: Skarmory|Spikes|p1a: Starmie
|-sidestart|p1: HeyYa!_Forte|Spikes
|
|-weather|Sandstorm|[upkeep]
|-damage|p1a: Starmie|44/100|[from] Sandstorm
|-heal|p1a: Starmie|50/100|[from] item: Leftovers
|upkeep
|turn|22
|
|t:|1728937742
|switch|p2a: Blissey|Blissey, F|88/100
|move|p1a: Starmie|Rapid Spin|p2a: Blissey
|-damage|p2a: Blissey|85/100
|-sideend|p1: HeyYa!_Forte|Spikes|[from] move: Rapid Spin|[of] p1a: Starmie
|
|-weather|Sandstorm|[upkeep]
|-damage|p1a: Starmie|44/100|[from] Sandstorm
|-damage|p2a: Blissey|79/100|[from] Sandstorm
|-heal|p1a: Starmie|50/100|[from] item: Leftovers
|-heal|p2a: Blissey|85/100|[from] item: Leftovers
|upkeep
|turn|23
|
|t:|1728937754
|switch|p1a: Metagross|Metagross|100/100
|move|p2a: Blissey|Seismic Toss|p1a: Metagross
|-damage|p1a: Metagross|73/100
|
|-weather|Sandstorm|[upkeep]
|-damage|p2a: Blissey|79/100|[from] Sandstorm
|-heal|p1a: Metagross|79/100|[from] item: Leftovers
|-heal|p2a: Blissey|85/100|[from] item: Leftovers
|upkeep
|turn|24
|
|t:|1728937762
|switch|p2a: Skarmory|Skarmory, M|100/100 par
|move|p1a: Metagross|Meteor Mash|p2a: Skarmory
|-resisted|p2a: Skarmory
|-damage|p2a: Skarmory|83/100 par
|
|-weather|Sandstorm|[upkeep]
|-heal|p1a: Metagross|85/100|[from] item: Leftovers
|-heal|p2a: Skarmory|89/100 par|[from] item: Leftovers
|upkeep
|turn|25
|
|t:|1728937768
|switch|p1a: Starmie|Starmie|50/100
|cant|p2a: Skarmory|par
|
|-weather|Sandstorm|[upkeep]
|-damage|p1a: Starmie|44/100|[from] Sandstorm
|-heal|p1a: Starmie|50/100|[from] item: Leftovers
|-heal|p2a: Skarmory|95/100 par|[from] item: Leftovers
|upkeep
|turn|26
|
|t:|1728937777
|switch|p1a: Tyranitar|Tyranitar, M|39/100
|switch|p2a: Blissey|Blissey, F|85/100
|
|-weather|Sandstorm|[upkeep]
|-damage|p2a: Blissey|79/100|[from] Sandstorm
|-heal|p1a: Tyranitar|45/100|[from] item: Leftovers
|-heal|p2a: Blissey|85/100|[from] item: Leftovers
|upkeep
|turn|27
|
|t:|1728937785
|switch|p2a: Swampert|Swampert, F|62/100 brn
|move|p1a: Tyranitar|Rock Slide|p2a: Swampert
|-resisted|p2a: Swampert
|-damage|p2a: Swampert|49/100 brn
|
|-weather|Sandstorm|[upkeep]
|-heal|p1a: Tyranitar|51/100|[from] item: Leftovers
|-heal|p2a: Swampert|55/100 brn|[from] item: Leftovers
|-damage|p2a: Swampert|42/100 brn|[from] brn
|upkeep
|turn|28
|
|t:|1728937794
|move|p1a: Tyranitar|Hidden Power|p2a: Swampert
|-supereffective|p2a: Swampert
|-damage|p2a: Swampert|0 fnt
|faint|p2a: Swampert
|
|t:|1728937797
|switch|p2a: Zapdos|Zapdos|10/100
|
|-weather|Sandstorm|[upkeep]
|-damage|p2a: Zapdos|4/100|[from] Sandstorm
|-heal|p2a: Zapdos|10/100|[from] item: Leftovers
|-heal|p1a: Tyranitar|57/100|[from] item: Leftovers
|upkeep
|turn|29
|inactive|HeyYa!_Forte has 270 seconds left.
|
|t:|1728937829
|switch|p1a: Breloom|Breloom, F|100/100
|move|p2a: Zapdos|Hidden Power|p1a: Breloom
|-damage|p1a: Breloom|70/100
|
|-weather|Sandstorm|[upkeep]
|-damage|p2a: Zapdos|4/100|[from] Sandstorm
|-damage|p1a: Breloom|64/100|[from] Sandstorm
|-heal|p2a: Zapdos|10/100|[from] item: Leftovers
|-heal|p1a: Breloom|70/100|[from] item: Leftovers
|upkeep
|turn|30
|
|t:|1728937836
|switch|p2a: Skarmory|Skarmory, M|95/100 par
|move|p1a: Breloom|Mach Punch|p2a: Skarmory
|-damage|p2a: Skarmory|77/100 par
|
|-weather|Sandstorm|[upkeep]
|-damage|p1a: Breloom|64/100|[from] Sandstorm
|-heal|p1a: Breloom|70/100|[from] item: Leftovers
|-heal|p2a: Skarmory|83/100 par|[from] item: Leftovers
|upkeep
|turn|31
|
|t:|1728937842
|switch|p1a: Metagross|Metagross|85/100
|cant|p2a: Skarmory|par
|
|-weather|Sandstorm|[upkeep]
|-heal|p1a: Metagross|91/100|[from] item: Leftovers
|-heal|p2a: Skarmory|89/100 par|[from] item: Leftovers
|upkeep
|turn|32
|
|t:|1728937852
|switch|p1a: Starmie|Starmie|50/100
|cant|p2a: Skarmory|par
|
|-weather|Sandstorm|[upkeep]
|-damage|p1a: Starmie|44/100|[from] Sandstorm
|-heal|p1a: Starmie|50/100|[from] item: Leftovers
|-heal|p2a: Skarmory|95/100 par|[from] item: Leftovers
|upkeep
|turn|33
|
|t:|1728937862
|switch|p1a: Metagross|Metagross|91/100
|switch|p2a: Blissey|Blissey, F|85/100
|
|-weather|Sandstorm|[upkeep]
|-damage|p2a: Blissey|79/100|[from] Sandstorm
|-heal|p1a: Metagross|97/100|[from] item: Leftovers
|-heal|p2a: Blissey|85/100|[from] item: Leftovers
|upkeep
|turn|34
|
|t:|1728937866
|switch|p2a: Skarmory|Skarmory, M|95/100 par
|move|p1a: Metagross|Meteor Mash|p2a: Skarmory
|-resisted|p2a: Skarmory
|-damage|p2a: Skarmory|78/100 par
|
|-weather|Sandstorm|[upkeep]
|-heal|p1a: Metagross|100/100|[from] item: Leftovers
|-heal|p2a: Skarmory|84/100 par|[from] item: Leftovers
|upkeep
|turn|35
|
|t:|1728937876
|switch|p1a: Starmie|Starmie|50/100
|move|p2a: Skarmory|Toxic|p1a: Starmie
|-status|p1a: Starmie|tox
|
|-weather|Sandstorm|[upkeep]
|-damage|p1a: Starmie|44/100 tox|[from] Sandstorm
|-heal|p1a: Starmie|50/100 tox|[from] item: Leftovers
|-damage|p1a: Starmie|44/100 tox|[from] psn
|-heal|p2a: Skarmory|90/100 par|[from] item: Leftovers
|upkeep
|turn|36
|
|t:|1728937882
|-curestatus|p1a: Starmie|tox|[from] ability: Natural Cure
|switch|p1a: Breloom|Breloom, F|70/100
|move|p2a: Skarmory|Spikes|p1a: Breloom
|-sidestart|p1: HeyYa!_Forte|Spikes
|
|-weather|Sandstorm|[upkeep]
|-damage|p1a: Breloom|64/100|[from] Sandstorm
|-heal|p1a: Breloom|70/100|[from] item: Leftovers
|-heal|p2a: Skarmory|96/100 par|[from] item: Leftovers
|upkeep
|turn|37
|
|t:|1728937889
|-singleturn|p1a: Breloom|move: Focus Punch
|switch|p2a: Jirachi|Jirachi, shiny|100/100
|move|p1a: Breloom|Focus Punch|p2a: Jirachi
|-damage|p2a: Jirachi|32/100
|
|-weather|Sandstorm|[upkeep]
|-damage|p1a: Breloom|64/100|[from] Sandstorm
|-heal|p2a: Jirachi|38/100|[from] item: Leftovers
|-heal|p1a: Breloom|70/100|[from] item: Leftovers
|upkeep
|turn|38
|
|t:|1728937914
|switch|p1a: Blissey|Blissey, F|72/100
|-damage|p1a: Blissey|59/100|[from] Spikes
|move|p2a: Jirachi|Fire Punch|p1a: Blissey
|-damage|p1a: Blissey|51/100
|
|-weather|Sandstorm|[upkeep]
|-damage|p1a: Blissey|45/100|[from] Sandstorm
|-heal|p2a: Jirachi|45/100|[from] item: Leftovers
|-heal|p1a: Blissey|51/100|[from] item: Leftovers
|upkeep
|turn|39
|
|t:|1728937922
|switch|p2a: Blissey|Blissey, F|85/100
|move|p1a: Blissey|Soft-Boiled|p1a: Blissey
|-heal|p1a: Blissey|100/100
|
|-weather|Sandstorm|[upkeep]
|-damage|p2a: Blissey|79/100|[from] Sandstorm
|-damage|p1a: Blissey|94/100|[from] Sandstorm
|-heal|p2a: Blissey|85/100|[from] item: Leftovers
|-heal|p1a: Blissey|100/100|[from] item: Leftovers
|upkeep
|turn|40
|
|t:|1728937940
|switch|p1a: Tyranitar|Tyranitar, M|57/100
|-damage|p1a: Tyranitar|45/100|[from] Spikes
|move|p2a: Blissey|Wish|p2a: Blissey
|
|-weather|Sandstorm|[upkeep]
|-damage|p2a: Blissey|79/100|[from] Sandstorm
|-heal|p1a: Tyranitar|51/100|[from] item: Leftovers
|-heal|p2a: Blissey|85/100|[from] item: Leftovers
|upkeep
|turn|41
|
|t:|1728937959
|-singleturn|p1a: Tyranitar|move: Focus Punch
|move|p2a: Blissey|Seismic Toss|p1a: Tyranitar
|-damage|p1a: Tyranitar|22/100
|move|p1a: Tyranitar|Focus Punch||[still]
|cant|p1a: Tyranitar|Focus Punch|Focus Punch
|
|-heal|p2a: Blissey|100/100|[from] move: Wish|[wisher] Blissey
|-weather|Sandstorm|[upkeep]
|-damage|p2a: Blissey|94/100|[from] Sandstorm
|-heal|p1a: Tyranitar|28/100|[from] item: Leftovers
|-heal|p2a: Blissey|100/100|[from] item: Leftovers
|upkeep
|turn|42
|
|t:|1728937964
|move|p1a: Tyranitar|Rock Slide|p2a: Blissey
|-crit|p2a: Blissey
|-damage|p2a: Blissey|31/100
|move|p2a: Blissey|Seismic Toss|p1a: Tyranitar
|-damage|p1a: Tyranitar|0 fnt
|faint|p1a: Tyranitar
|inactive|HeyYa!_Forte has 270 seconds left.
|
|t:|1728937997
|switch|p1a: Metagross|Metagross|100/100
|-damage|p1a: Metagross|88/100|[from] Spikes
|
|-weather|Sandstorm|[upkeep]
|-damage|p2a: Blissey|25/100|[from] Sandstorm
|-heal|p1a: Metagross|94/100|[from] item: Leftovers
|-heal|p2a: Blissey|31/100|[from] item: Leftovers
|upkeep
|turn|43
|
|t:|1728938002
|switch|p2a: Skarmory|Skarmory, M|96/100 par
|move|p1a: Metagross|Meteor Mash|p2a: Skarmory
|-resisted|p2a: Skarmory
|-crit|p2a: Skarmory
|-damage|p2a: Skarmory|60/100 par
|
|-weather|Sandstorm|[upkeep]
|-heal|p1a: Metagross|99/100|[from] item: Leftovers
|-heal|p2a: Skarmory|66/100 par|[from] item: Leftovers
|upkeep
|turn|44
|
|t:|1728938007
|switch|p1a: Starmie|Starmie|44/100
|-damage|p1a: Starmie|32/100|[from] Spikes
|move|p2a: Skarmory|Roar|p1a: Starmie
|drag|p1a: Blissey|Blissey, F|100/100
|-damage|p1a: Blissey|88/100|[from] Spikes
|
|-weather|Sandstorm|[upkeep]
|-damage|p1a: Blissey|82/100|[from] Sandstorm
|-heal|p1a: Blissey|88/100|[from] item: Leftovers
|-heal|p2a: Skarmory|72/100 par|[from] item: Leftovers
|upkeep
|turn|45
|
|t:|1728938012
|move|p1a: Blissey|Seismic Toss|p2a: Skarmory
|-damage|p2a: Skarmory|42/100 par
|move|p2a: Skarmory|Spikes|p1a: Blissey
|-sidestart|p1: HeyYa!_Forte|Spikes
|
|-weather|Sandstorm|[upkeep]
|-damage|p1a: Blissey|82/100|[from] Sandstorm
|-heal|p1a: Blissey|88/100|[from] item: Leftovers
|-heal|p2a: Skarmory|48/100 par|[from] item: Leftovers
|upkeep
|turn|46
|
|t:|1728938020
|switch|p1a: Starmie|Starmie|32/100
|-damage|p1a: Starmie|15/100|[from] Spikes
|move|p2a: Skarmory|Roar|p1a: Starmie
|drag|p1a: Metagross|Metagross|99/100
|-damage|p1a: Metagross|84/100|[from] Spikes
|
|-weather|Sandstorm|[upkeep]
|-heal|p1a: Metagross|90/100|[from] item: Leftovers
|-heal|p2a: Skarmory|54/100 par|[from] item: Leftovers
|upkeep
|turn|47
|
|t:|1728938031
|move|p1a: Metagross|Meteor Mash|p2a: Skarmory
|-resisted|p2a: Skarmory
|-damage|p2a: Skarmory|37/100 par
|move|p2a: Skarmory|Spikes|p1a: Metagross
|-sidestart|p1: HeyYa!_Forte|Spikes
|
|-weather|Sandstorm|[upkeep]
|-heal|p1a: Metagross|96/100|[from] item: Leftovers
|-heal|p2a: Skarmory|43/100 par|[from] item: Leftovers
|upkeep
|turn|48
|
|t:|1728938035
|move|p1a: Metagross|Meteor Mash|p2a: Skarmory|[miss]
|-miss|p1a: Metagross|p2a: Skarmory
|move|p2a: Skarmory|Roar|p1a: Metagross
|drag|p1a: Blissey|Blissey, F|88/100
|-damage|p1a: Blissey|63/100|[from] Spikes
|
|-weather|Sandstorm|[upkeep]
|-damage|p1a: Blissey|57/100|[from] Sandstorm
|-heal|p1a: Blissey|63/100|[from] item: Leftovers
|-heal|p2a: Skarmory|49/100 par|[from] item: Leftovers
|upkeep
|turn|49
|
|t:|1728938043
|move|p1a: Blissey|Seismic Toss|p2a: Skarmory
|-damage|p2a: Skarmory|19/100 par
|move|p2a: Skarmory|Roar|p1a: Blissey
|drag|p1a: Metagross|Metagross|96/100
|-damage|p1a: Metagross|71/100|[from] Spikes
|
|-weather|Sandstorm|[upkeep]
|-heal|p1a: Metagross|77/100|[from] item: Leftovers
|-heal|p2a: Skarmory|25/100 par|[from] item: Leftovers
|upkeep
|turn|50
|
|t:|1728938051
|move|p2a: Skarmory|Protect|p2a: Skarmory
|-singleturn|p2a: Skarmory|Protect
|move|p1a: Metagross|Meteor Mash|p2a: Skarmory
|-activate|p2a: Skarmory|Protect
|
|-weather|Sandstorm|[upkeep]
|-heal|p1a: Metagross|83/100|[from] item: Leftovers
|-heal|p2a: Skarmory|31/100 par|[from] item: Leftovers
|upkeep
|turn|51
|
|t:|1728938056
|move|p1a: Metagross|Meteor Mash|p2a: Skarmory
|-resisted|p2a: Skarmory
|-damage|p2a: Skarmory|15/100 par
|move|p2a: Skarmory|Roar|p1a: Metagross
|drag|p1a: Starmie|Starmie|15/100
|-damage|p1a: Starmie|0 fnt|[from] Spikes
|faint|p1a: Starmie
|
|t:|1728938072
|switch|p1a: Blissey|Blissey, F|63/100
|-damage|p1a: Blissey|38/100|[from] Spikes
|
|-weather|Sandstorm|[upkeep]
|-damage|p1a: Blissey|32/100|[from] Sandstorm
|-heal|p1a: Blissey|38/100|[from] item: Leftovers
|-heal|p2a: Skarmory|21/100 par|[from] item: Leftovers
|upkeep
|turn|52
|
|t:|1728938077
|move|p1a: Blissey|Soft-Boiled|p1a: Blissey
|-heal|p1a: Blissey|88/100
|move|p2a: Skarmory|Roar|p1a: Blissey
|drag|p1a: Breloom|Breloom, F|70/100
|-damage|p1a: Breloom|45/100|[from] Spikes
|
|-weather|Sandstorm|[upkeep]
|-damage|p1a: Breloom|39/100|[from] Sandstorm
|-heal|p1a: Breloom|45/100|[from] item: Leftovers
|-heal|p2a: Skarmory|27/100 par|[from] item: Leftovers
|upkeep
|turn|53
|
|t:|1728938091
|-singleturn|p1a: Breloom|move: Focus Punch
|cant|p2a: Skarmory|par
|move|p1a: Breloom|Focus Punch|p2a: Skarmory
|-damage|p2a: Skarmory|0 fnt
|faint|p2a: Skarmory
|
|t:|1728938094
|switch|p2a: Jirachi|Jirachi, shiny|45/100
|
|-weather|Sandstorm|[upkeep]
|-damage|p1a: Breloom|39/100|[from] Sandstorm
|-heal|p2a: Jirachi|51/100|[from] item: Leftovers
|-heal|p1a: Breloom|45/100|[from] item: Leftovers
|upkeep
|turn|54
|
|t:|1728938099
|switch|p1a: Blissey|Blissey, F|88/100
|-damage|p1a: Blissey|63/100|[from] Spikes
|move|p2a: Jirachi|Psychic|p1a: Blissey
|-damage|p1a: Blissey|49/100
|
|-weather|Sandstorm|[upkeep]
|-damage|p1a: Blissey|43/100|[from] Sandstorm
|-heal|p2a: Jirachi|57/100|[from] item: Leftovers
|-heal|p1a: Blissey|49/100|[from] item: Leftovers
|upkeep
|turn|55
|
|t:|1728938108
|switch|p2a: Tyranitar|Tyranitar, M|100/100 slp
|move|p1a: Blissey|Seismic Toss|p2a: Tyranitar
|-damage|p2a: Tyranitar|75/100 slp
|
|-weather|Sandstorm|[upkeep]
|-damage|p1a: Blissey|43/100|[from] Sandstorm
|-heal|p2a: Tyranitar|81/100 slp|[from] item: Leftovers
|-heal|p1a: Blissey|49/100|[from] item: Leftovers
|upkeep
|turn|56
|
|t:|1728938126
|-singleturn|p2a: Tyranitar|move: Focus Punch
|move|p1a: Blissey|Soft-Boiled|p1a: Blissey
|-heal|p1a: Blissey|99/100
|cant|p2a: Tyranitar|slp
|
|-weather|Sandstorm|[upkeep]
|-damage|p1a: Blissey|93/100|[from] Sandstorm
|-heal|p2a: Tyranitar|87/100 slp|[from] item: Leftovers
|-heal|p1a: Blissey|99/100|[from] item: Leftovers
|upkeep
|turn|57
|
|t:|1728938132
|switch|p1a: Breloom|Breloom, F|45/100
|-damage|p1a: Breloom|20/100|[from] Spikes
|cant|p2a: Tyranitar|slp
|
|-weather|Sandstorm|[upkeep]
|-damage|p1a: Breloom|14/100|[from] Sandstorm
|-heal|p1a: Breloom|20/100|[from] item: Leftovers
|-heal|p2a: Tyranitar|93/100 slp|[from] item: Leftovers
|upkeep
|turn|58
|
|t:|1728938140
|switch|p2a: Blissey|Blissey, F|31/100
|move|p1a: Breloom|Mach Punch|p2a: Blissey
|-supereffective|p2a: Blissey
|-damage|p2a: Blissey|0 fnt
|faint|p2a: Blissey
|
|t:|1728938141
|switch|p2a: Jirachi|Jirachi, shiny|57/100
|
|-weather|Sandstorm|[upkeep]
|-damage|p1a: Breloom|14/100|[from] Sandstorm
|-heal|p2a: Jirachi|63/100|[from] item: Leftovers
|-heal|p1a: Breloom|20/100|[from] item: Leftovers
|upkeep
|turn|59
|
|t:|1728938165
|move|p1a: Breloom|Mach Punch|p2a: Jirachi
|-damage|p2a: Jirachi|43/100
|move|p2a: Jirachi|Fire Punch|p1a: Breloom
|-supereffective|p1a: Breloom
|-damage|p1a: Breloom|0 fnt
|faint|p1a: Breloom
|
|t:|1728938170
|switch|p1a: Blissey|Blissey, F|99/100
|-damage|p1a: Blissey|74/100|[from] Spikes
|
|-weather|Sandstorm|[upkeep]
|-damage|p1a: Blissey|68/100|[from] Sandstorm
|-heal|p2a: Jirachi|49/100|[from] item: Leftovers
|-heal|p1a: Blissey|74/100|[from] item: Leftovers
|upkeep
|turn|60
|
|t:|1728938176
|switch|p2a: Tyranitar|Tyranitar, M|93/100 slp
|move|p1a: Blissey|Seismic Toss|p2a: Tyranitar
|-damage|p2a: Tyranitar|68/100 slp
|
|-weather|Sandstorm|[upkeep]
|-damage|p1a: Blissey|68/100|[from] Sandstorm
|-heal|p2a: Tyranitar|74/100 slp|[from] item: Leftovers
|-heal|p1a: Blissey|74/100|[from] item: Leftovers
|upkeep
|turn|61
|
|t:|1728938190
|switch|p1a: Metagross|Metagross|83/100
|-damage|p1a: Metagross|58/100|[from] Spikes
|-curestatus|p2a: Tyranitar|slp|[msg]
|move|p2a: Tyranitar|Earthquake|p1a: Metagross
|-supereffective|p1a: Metagross
|-damage|p1a: Metagross|15/100
|
|-weather|Sandstorm|[upkeep]
|-heal|p2a: Tyranitar|80/100|[from] item: Leftovers
|-heal|p1a: Metagross|21/100|[from] item: Leftovers
|upkeep
|turn|62
|
|t:|1728938196
|move|p2a: Tyranitar|Earthquake|p1a: Metagross
|-supereffective|p1a: Metagross
|-damage|p1a: Metagross|0 fnt
|faint|p1a: Metagross
|
|t:|1728938198
|switch|p1a: Blissey|Blissey, F|74/100
|-damage|p1a: Blissey|49/100|[from] Spikes
|
|-weather|Sandstorm|[upkeep]
|-damage|p1a: Blissey|43/100|[from] Sandstorm
|-heal|p2a: Tyranitar|86/100|[from] item: Leftovers
|-heal|p1a: Blissey|49/100|[from] item: Leftovers
|upkeep
|turn|63
|
|t:|1728938209
|move|p2a: Tyranitar|Rock Slide|p1a: Blissey
|-damage|p1a: Blissey|12/100
|move|p1a: Blissey|Thunder Wave|p2a: Tyranitar
|-status|p2a: Tyranitar|par
|
|-weather|Sandstorm|[upkeep]
|-damage|p1a: Blissey|6/100|[from] Sandstorm
|-heal|p1a: Blissey|12/100|[from] item: Leftovers
|-heal|p2a: Tyranitar|92/100 par|[from] item: Leftovers
|upkeep
|turn|64
|
|t:|1728938214
|-singleturn|p2a: Tyranitar|move: Focus Punch
|move|p1a: Blissey|Seismic Toss|p2a: Tyranitar
|-damage|p2a: Tyranitar|67/100 par
|move|p2a: Tyranitar|Focus Punch||[still]
|cant|p2a: Tyranitar|Focus Punch|Focus Punch
|
|-weather|Sandstorm|[upkeep]
|-damage|p1a: Blissey|6/100|[from] Sandstorm
|-heal|p1a: Blissey|12/100|[from] item: Leftovers
|-heal|p2a: Tyranitar|73/100 par|[from] item: Leftovers
|upkeep
|turn|65
|
|t:|1728938217
|-singleturn|p2a: Tyranitar|move: Focus Punch
|move|p1a: Blissey|Soft-Boiled|p1a: Blissey
|-heal|p1a: Blissey|62/100
|move|p2a: Tyranitar|Focus Punch|p1a: Blissey
|-supereffective|p1a: Blissey
|-damage|p1a: Blissey|0 fnt
|faint|p1a: Blissey
|
|win|marsandback
|c|☆HeyYa!_Forte|gg'
|c|☆marsandback|ggs
|player|p1|

</script>
<script type="application/json" class="data" id="replaydata-smogtours-gen3ou-798750">
{"id":"smogtours-gen3ou-798750","format":"[Gen 3] OU","players":["HeyYa!_Forte","marsandback"],"uploadtime":1728938217,"views":190,"formatid":"gen3ou","rating":null,"private":1,"password":null}
</script>

<script defer src="js/replays.js?9d40a366"></script>
