<!DOCTYPE html>
<meta charset="utf-8" />
<meta name="viewport" content="width=device-width" />

<title>[Gen 3] OU: RedCrimp vs. rezzo64 - Replays - Pok&eacute;mon Showdown!</title>

<meta name="description" content="Watch a replay of a Pok&eacute;mon battle between RedCrimp and rezzo64! Format: [Gen 3] OU; Date: Oct 12, 2024" />
<!--

Hey, you! Looking in the source for the replay log?

You can find them in JSON format, just add `.json` at the end of a replay URL.

https://replay.pokemonshowdown.com/gen7randomdoublesbattle-865046831.json

Or, if you only need the log itself, add `.log` instead:

https://replay.pokemonshowdown.com/gen7randomdoublesbattle-865046831.log

-->

<link rel="stylesheet" href="//pokemonshowdown.com/style/global.css?0.023195364461161105" />
<link rel="stylesheet" href="//play.pokemonshowdown.com/style/font-awesome.css?0.13261647063804238" />
<link rel="stylesheet" href="//play.pokemonshowdown.com/style/battle.css?0.8753245789963631" />
<link rel="stylesheet" href="//play.pokemonshowdown.com/style/utilichart.css?0.8627959624976733" />

<!-- Global site tag (gtag.js) - Google Analytics -->
<script async src="https://www.googletagmanager.com/gtag/js?id=UA-26211653-1"></script>
<script>
  window.dataLayer = window.dataLayer || [];
  function gtag(){dataLayer.push(arguments);}
  gtag('js', new Date());

  gtag('config', 'UA-26211653-1');
</script>
<!-- End Google Analytics -->
<!-- Venatus Ad Manager - Install in <HEAD> of page -->
	<script src="https://hb.vntsm.com/v3/live/ad-manager.min.js" type="text/javascript" data-site-id="642aba63ec9a7b11c3c9c1be" data-mode="scan" async></script>
<!-- / Venatus Ad Manager -->

<style>
	@media (max-width:820px) {
		.battle {
			margin: 0 auto;
		}
		.battle-log {
			margin: 7px auto 0;
			max-width: 640px;
			height: 300px;
			position: static;
		}
	}
	.optgroup {
		display: inline-block;
		line-height: 22px;
		font-size: 10pt;
	}
	.optgroup .button {
		height: 25px;
		padding-top: 0;
		padding-bottom: 0;
	}
	.optgroup button.button {
		padding-left: 12px;
		padding-right: 12px;
	}
	.linklist {
		list-style: none;
		margin: 0.5em 0;
		padding: 0;
	}
	.linklist li {
		padding: 2px 0;
	}
	.sidebar {
		float: left;
		width: 320px;
	}
	.bar-wrapper {
		max-width: 1100px;
		margin: 0 auto;
	}
	.bar-wrapper.has-sidebar {
		max-width: 1430px;
	}
	.mainbar {
		margin: 0;
		padding-right: 1px;
	}
	.mainbar.has-sidebar {
		margin-left: 330px;
	}
	@media (min-width: 1511px) {
		.sidebar {
			width: 400px;
		}
		.bar-wrapper.has-sidebar {
			max-width: 1510px;
		}
		.mainbar.has-sidebar {
			margin-left: 410px;
		}
	}
	.section.first-section {
		margin-top: 9px;
	}
	.blocklink small {
		white-space: normal;
	}
	.button {
		vertical-align: middle;
	}
	.replay-controls {
		padding-top: 10px;
	}
	.replay-controls h1 {
		font-size: 16pt;
		font-weight: normal;
		color: #CCC;
	}
	.pagelink {
		text-align: center;
	}
	.pagelink a {
		width: 150px;
	}
	.textbox, .button {
		font-size: 11pt;
		vertical-align: middle;
	}
	@media (max-width: 450px) {
		.button {
			font-size: 9pt;
		}
	}
</style>

<div>

	<header>
		<div class="nav-wrapper"><ul class="nav">
			<li><a class="button nav-first" href="//pokemonshowdown.com/"><img src="//pokemonshowdown.com/images/pokemonshowdownbeta.png" srcset="//pokemonshowdown.com/images/pokemonshowdownbeta.png 1x, //pokemonshowdown.com/images/pokemonshowdownbeta@2x.png 2x" alt="Pok&eacute;mon Showdown" width="146" height="44" /> Home</a></li>
			<li><a class="button" href="//pokemonshowdown.com/dex/">Pok&eacute;dex</a></li>
			<li><a class="button cur" href="/">Replays</a></li>
			<li><a class="button" href="//pokemonshowdown.com/ladder/">Ladder</a></li>
			<li><a class="button nav-last" href="//pokemonshowdown.com/forums/">Forum</a></li>
			<li><a class="button greenbutton nav-first nav-last" href="//play.pokemonshowdown.com/">Play</a></li>
		</ul></div>
	</header>

	<div class="main" id="main">

		<noscript><section class="section">You need to enable JavaScript to use this page; sorry!</section></noscript>

	</div>

</div>

<script defer nomodule src="//play.pokemonshowdown.com/js/lib/ps-polyfill.js"></script>
<script defer src="//play.pokemonshowdown.com/js/lib/preact.min.js"></script>

<script defer src="//play.pokemonshowdown.com/config/config.js?2bddbc15"></script>
<script defer src="//play.pokemonshowdown.com/js/lib/jquery-1.11.0.min.js"></script>
<script defer src="//play.pokemonshowdown.com/js/lib/html-sanitizer-minified.js"></script>
<script defer src="//play.pokemonshowdown.com/js/battle-sound.js"></script>
<script defer src="//play.pokemonshowdown.com/js/battledata.js?0.7209276989879541"></script>
<script defer src="//play.pokemonshowdown.com/data/pokedex-mini.js?0.6111056340867951"></script>
<script defer src="//play.pokemonshowdown.com/data/pokedex-mini-bw.js?0.3532142036491459"></script>
<script defer src="//play.pokemonshowdown.com/data/graphics.js?0.24223875632456182"></script>
<script defer src="//play.pokemonshowdown.com/data/pokedex.js?0.38839984266356864"></script>
<script defer src="//play.pokemonshowdown.com/data/moves.js?0.21866028504024015"></script>
<script defer src="//play.pokemonshowdown.com/data/abilities.js?0.2005157953846628"></script>
<script defer src="//play.pokemonshowdown.com/data/items.js?0.9894211263848525"></script>
<script defer src="//play.pokemonshowdown.com/data/teambuilder-tables.js?0.6008791140282215"></script>
<script defer src="//play.pokemonshowdown.com/js/battle-tooltips.js?0.7580118955022959"></script>
<script defer src="//play.pokemonshowdown.com/js/battle.js?0.6057722274234274"></script>

<script defer src="js/utils.js?e31f9a17"></script>
<script defer src="js/replays-battle.js?7008c182"></script>

<!-- don't scrape this data! just add .json or .log after the URL!
Full API docs: https://github.com/smogon/pokemon-showdown-client/blob/master/WEB-API.md -->
<script type="text/plain" class="log" id="replaylog-smogtours-gen3ou-797406">
|inactive|Battle timer is ON: inactive players will automatically lose when time's up.
|t:|1728737890
|gametype|singles
|player|p1|RedCrimp|102|
|player|p2|rezzo64|worker|
|teamsize|p1|6
|teamsize|p2|6
|gen|3
|tier|[Gen 3] OU
|rule|Sleep Clause Mod: Limit one foe put to sleep
|rule|Switch Priority Clause Mod: Faster Pokémon switch first
|rule|Species Clause: Limit one of each Pokémon
|rule|OHKO Clause: OHKO moves are banned
|rule|Evasion Items Clause: Evasion items are banned
|rule|Evasion Moves Clause: Evasion moves are banned
|rule|Endless Battle Clause: Forcing endless battles is banned
|rule|HP Percentage Mod: HP is shown in percentages
|rule|One Boost Passer Clause: Limit one Baton Passer that has a way to boost its stats
|rule|Freeze Clause Mod: Limit one foe frozen
|
|t:|1728737890
|start
|switch|p1a: Metagross|Metagross|100/100
|switch|p2a: I AM A WORLD|Zapdos|100/100
|turn|1
|c|☆rezzo64|gl hf
|c|☆RedCrimp|gl hf
|inactive|rezzo64 has 270 seconds left.
|
|t:|1728737932
|move|p2a: I AM A WORLD|Thunderbolt|p1a: Metagross
|-damage|p1a: Metagross|53/100
|move|p1a: Metagross|Rock Slide|p2a: I AM A WORLD
|-supereffective|p2a: I AM A WORLD
|-damage|p2a: I AM A WORLD|37/100
|
|-heal|p2a: I AM A WORLD|43/100|[from] item: Leftovers
|upkeep
|turn|2
|
|t:|1728737944
|switch|p1a: Snorlax|Snorlax, M|100/100
|move|p2a: I AM A WORLD|Baton Pass|p2a: I AM A WORLD
|
|t:|1728737948
|switch|p2a: I WILL REMEMBER|Breloom, F|100/100|[from] Baton Pass
|
|upkeep
|turn|3
|
|t:|1728737954
|switch|p1a: Gyarados|Gyarados, F|100/100
|-ability|p1a: Gyarados|Intimidate|boost
|-unboost|p2a: I WILL REMEMBER|atk|1
|move|p2a: I WILL REMEMBER|Spore|p1a: Gyarados
|-status|p1a: Gyarados|slp|[from] move: Spore
|
|upkeep
|turn|4
|
|t:|1728737970
|switch|p2a: I AM A WORLD|Zapdos|43/100
|switch|p1a: Flygon|Flygon, F|100/100
|
|-heal|p2a: I AM A WORLD|49/100|[from] item: Leftovers
|upkeep
|turn|5
|inactive|RedCrimp has 270 seconds left.
|inactive|rezzo64 has 270 seconds left.
|
|t:|1728738011
|switch|p1a: Snorlax|Snorlax, M|100/100
|switch|p2a: I WAS A CREATURE|Suicune|100/100
|
|upkeep
|turn|6
|
|t:|1728738029
|switch|p2a: I AM A MAN|Metagross|100/100
|move|p1a: Snorlax|Body Slam|p2a: I AM A MAN
|-resisted|p2a: I AM A MAN
|-damage|p2a: I AM A MAN|85/100
|
|-heal|p2a: I AM A MAN|91/100|[from] item: Leftovers
|upkeep
|turn|7
|inactive|RedCrimp has 270 seconds left.
|
|t:|1728738049
|switch|p1a: Metagross|Metagross|53/100
|move|p2a: I AM A MAN|Meteor Mash|p1a: Metagross
|-resisted|p1a: Metagross
|-damage|p1a: Metagross|33/100
|
|-heal|p2a: I AM A MAN|97/100|[from] item: Leftovers
|upkeep
|turn|8
|inactive|RedCrimp has 270 seconds left.
|
|t:|1728738064
|switch|p1a: Flygon|Flygon, F|100/100
|move|p2a: I AM A MAN|Earthquake|p1a: Flygon
|-immune|p1a: Flygon
|
|-heal|p2a: I AM A MAN|100/100|[from] item: Leftovers
|upkeep
|turn|9
|inactive|RedCrimp has 270 seconds left.
|
|t:|1728738080
|switch|p2a: I WILL REMEMBER|Breloom, F|100/100
|move|p1a: Flygon|Substitute|p1a: Flygon
|-start|p1a: Flygon|Substitute
|-damage|p1a: Flygon|76/100
|
|-heal|p1a: Flygon|82/100|[from] item: Leftovers
|upkeep
|turn|10
|inactive|RedCrimp has 270 seconds left.
|
|t:|1728738097
|move|p1a: Flygon|Earthquake|p2a: I WILL REMEMBER
|-resisted|p2a: I WILL REMEMBER
|-damage|p2a: I WILL REMEMBER|68/100
|move|p2a: I WILL REMEMBER|Brick Break|p1a: Flygon
|-end|p1a: Flygon|Substitute
|
|-heal|p1a: Flygon|88/100|[from] item: Leftovers
|-heal|p2a: I WILL REMEMBER|74/100|[from] item: Leftovers
|upkeep
|turn|11
|inactive|RedCrimp has 270 seconds left.
|
|t:|1728738114
|switch|p1a: Gyarados|Gyarados, F|100/100 slp
|-ability|p1a: Gyarados|Intimidate|boost
|-unboost|p2a: I WILL REMEMBER|atk|1
|switch|p2a: I WAS A CREATURE|Suicune|100/100
|
|upkeep
|turn|12
|inactive|RedCrimp has 270 seconds left.
|
|t:|1728738123
|switch|p1a: Snorlax|Snorlax, M|100/100
|move|p2a: I WAS A CREATURE|Calm Mind|p2a: I WAS A CREATURE
|-boost|p2a: I WAS A CREATURE|spa|1
|-boost|p2a: I WAS A CREATURE|spd|1
|
|upkeep
|turn|13
|inactive|rezzo64 has 270 seconds left.
|
|t:|1728738133
|move|p2a: I WAS A CREATURE|Surf|p1a: Snorlax
|-damage|p1a: Snorlax|71/100
|move|p1a: Snorlax|Earthquake|p2a: I WAS A CREATURE
|-damage|p2a: I WAS A CREATURE|81/100
|
|-heal|p2a: I WAS A CREATURE|87/100|[from] item: Leftovers
|-heal|p1a: Snorlax|77/100|[from] item: Leftovers
|upkeep
|turn|14
|
|t:|1728738138
|switch|p2a: I AM A MAN|Metagross|100/100
|move|p1a: Snorlax|Earthquake|p2a: I AM A MAN
|-supereffective|p2a: I AM A MAN
|-damage|p2a: I AM A MAN|56/100
|
|-heal|p2a: I AM A MAN|62/100|[from] item: Leftovers
|-heal|p1a: Snorlax|84/100|[from] item: Leftovers
|upkeep
|turn|15
|
|t:|1728738150
|switch|p2a: I WILL REMEMBER|Breloom, F|74/100
|switch|p1a: Flygon|Flygon, F|88/100
|
|-heal|p1a: Flygon|94/100|[from] item: Leftovers
|-heal|p2a: I WILL REMEMBER|80/100|[from] item: Leftovers
|upkeep
|turn|16
|
|t:|1728738162
|switch|p1a: Gyarados|Gyarados, F|100/100 slp
|-ability|p1a: Gyarados|Intimidate|boost
|-unboost|p2a: I WILL REMEMBER|atk|1
|move|p2a: I WILL REMEMBER|Brick Break|p1a: Gyarados
|-resisted|p1a: Gyarados
|-damage|p1a: Gyarados|84/100 slp
|
|-heal|p2a: I WILL REMEMBER|86/100|[from] item: Leftovers
|-heal|p1a: Gyarados|90/100 slp|[from] item: Leftovers
|upkeep
|turn|17
|
|t:|1728738169
|switch|p2a: I AM A WORLD|Zapdos|49/100
|cant|p1a: Gyarados|slp
|
|-heal|p2a: I AM A WORLD|56/100|[from] item: Leftovers
|-heal|p1a: Gyarados|96/100 slp|[from] item: Leftovers
|upkeep
|turn|18
|
|t:|1728738179
|switch|p1a: Snorlax|Snorlax, M|84/100
|move|p2a: I AM A WORLD|Thunder Wave|p1a: Snorlax
|-status|p1a: Snorlax|par
|
|-heal|p2a: I AM A WORLD|62/100|[from] item: Leftovers
|-heal|p1a: Snorlax|90/100 par|[from] item: Leftovers
|upkeep
|turn|19
|
|t:|1728738185
|move|p2a: I AM A WORLD|Baton Pass|p2a: I AM A WORLD
|
|t:|1728738191
|switch|p2a: I AM A MAN|Metagross|62/100|[from] Baton Pass
|move|p1a: Snorlax|Body Slam|p2a: I AM A MAN
|-resisted|p2a: I AM A MAN
|-damage|p2a: I AM A MAN|47/100
|
|-heal|p2a: I AM A MAN|53/100|[from] item: Leftovers
|-heal|p1a: Snorlax|96/100 par|[from] item: Leftovers
|upkeep
|turn|20
|
|t:|1728738217
|switch|p1a: Flygon|Flygon, F|94/100
|move|p2a: I AM A MAN|Meteor Mash|p1a: Flygon|[miss]
|-miss|p2a: I AM A MAN|p1a: Flygon
|
|-heal|p1a: Flygon|99/100|[from] item: Leftovers
|-heal|p2a: I AM A MAN|60/100|[from] item: Leftovers
|upkeep
|turn|21
|inactive|rezzo64 has 270 seconds left.
|
|t:|1728738257
|switch|p2a: I WILL REMEMBER|Breloom, F|86/100
|move|p1a: Flygon|Earthquake|p2a: I WILL REMEMBER
|-resisted|p2a: I WILL REMEMBER
|-damage|p2a: I WILL REMEMBER|52/100
|
|-heal|p1a: Flygon|100/100|[from] item: Leftovers
|-heal|p2a: I WILL REMEMBER|58/100|[from] item: Leftovers
|upkeep
|turn|22
|
|t:|1728738267
|-singleturn|p2a: I WILL REMEMBER|move: Focus Punch
|switch|p1a: Gyarados|Gyarados, F|96/100 slp
|-ability|p1a: Gyarados|Intimidate|boost
|-unboost|p2a: I WILL REMEMBER|atk|1
|move|p2a: I WILL REMEMBER|Focus Punch|p1a: Gyarados
|-resisted|p1a: Gyarados
|-damage|p1a: Gyarados|63/100 slp
|
|-heal|p2a: I WILL REMEMBER|64/100|[from] item: Leftovers
|-heal|p1a: Gyarados|69/100 slp|[from] item: Leftovers
|upkeep
|turn|23
|inactive|rezzo64 has 270 seconds left.
|
|t:|1728738277
|switch|p2a: I AM A WORLD|Zapdos|62/100
|cant|p1a: Gyarados|slp
|
|-heal|p2a: I AM A WORLD|68/100|[from] item: Leftovers
|-heal|p1a: Gyarados|75/100 slp|[from] item: Leftovers
|upkeep
|turn|24
|
|t:|1728738292
|switch|p1a: Flygon|Flygon, F|100/100
|move|p2a: I AM A WORLD|Baton Pass|p2a: I AM A WORLD
|
|t:|1728738301
|switch|p2a: I WAS A CREATURE|Suicune|87/100|[from] Baton Pass
|
|-heal|p2a: I WAS A CREATURE|93/100|[from] item: Leftovers
|upkeep
|turn|25
|
|t:|1728738304
|switch|p1a: Snorlax|Snorlax, M|96/100 par
|move|p2a: I WAS A CREATURE|Calm Mind|p2a: I WAS A CREATURE
|-boost|p2a: I WAS A CREATURE|spa|1
|-boost|p2a: I WAS A CREATURE|spd|1
|
|-heal|p2a: I WAS A CREATURE|99/100|[from] item: Leftovers
|-heal|p1a: Snorlax|100/100 par|[from] item: Leftovers
|upkeep
|turn|26
|
|t:|1728738309
|move|p2a: I WAS A CREATURE|Surf|p1a: Snorlax
|-damage|p1a: Snorlax|74/100 par
|move|p1a: Snorlax|Body Slam|p2a: I WAS A CREATURE
|-damage|p2a: I WAS A CREATURE|75/100
|-status|p2a: I WAS A CREATURE|par
|
|-heal|p2a: I WAS A CREATURE|81/100 par|[from] item: Leftovers
|-heal|p1a: Snorlax|80/100 par|[from] item: Leftovers
|upkeep
|turn|27
|
|t:|1728738319
|move|p2a: I WAS A CREATURE|Calm Mind|p2a: I WAS A CREATURE
|-boost|p2a: I WAS A CREATURE|spa|1
|-boost|p2a: I WAS A CREATURE|spd|1
|move|p1a: Snorlax|Earthquake|p2a: I WAS A CREATURE
|-damage|p2a: I WAS A CREATURE|63/100 par
|
|-heal|p2a: I WAS A CREATURE|69/100 par|[from] item: Leftovers
|-heal|p1a: Snorlax|86/100 par|[from] item: Leftovers
|upkeep
|turn|28
|
|t:|1728738326
|move|p2a: I WAS A CREATURE|Surf|p1a: Snorlax
|-damage|p1a: Snorlax|49/100 par
|move|p1a: Snorlax|Body Slam|p2a: I WAS A CREATURE
|-damage|p2a: I WAS A CREATURE|47/100 par
|
|-heal|p2a: I WAS A CREATURE|53/100 par|[from] item: Leftovers
|-heal|p1a: Snorlax|55/100 par|[from] item: Leftovers
|upkeep
|turn|29
|
|t:|1728738348
|move|p2a: I WAS A CREATURE|Rest|p2a: I WAS A CREATURE
|-status|p2a: I WAS A CREATURE|slp|[from] move: Rest
|-heal|p2a: I WAS A CREATURE|100/100 slp|[silent]
|move|p1a: Snorlax|Self-Destruct|p2a: I WAS A CREATURE
|-damage|p2a: I WAS A CREATURE|0 fnt
|faint|p1a: Snorlax
|faint|p2a: I WAS A CREATURE
|
|t:|1728738364
|switch|p2a: I AM A WORLD|Zapdos|68/100
|switch|p1a: Flygon|Flygon, F|100/100
|
|-heal|p2a: I AM A WORLD|74/100|[from] item: Leftovers
|upkeep
|turn|30
|inactive|rezzo64 has 270 seconds left.
|
|t:|1728738410
|switch|p2a: I WILL REMEMBER|Breloom, F|64/100
|move|p1a: Flygon|Substitute|p1a: Flygon
|-start|p1a: Flygon|Substitute
|-damage|p1a: Flygon|76/100
|
|-heal|p1a: Flygon|82/100|[from] item: Leftovers
|-heal|p2a: I WILL REMEMBER|70/100|[from] item: Leftovers
|upkeep
|turn|31
|
|t:|1728738414
|move|p1a: Flygon|Earthquake|p2a: I WILL REMEMBER
|-resisted|p2a: I WILL REMEMBER
|-damage|p2a: I WILL REMEMBER|35/100
|move|p2a: I WILL REMEMBER|Brick Break|p1a: Flygon
|-end|p1a: Flygon|Substitute
|
|-heal|p1a: Flygon|88/100|[from] item: Leftovers
|-heal|p2a: I WILL REMEMBER|41/100|[from] item: Leftovers
|upkeep
|turn|32
|inactive|rezzo64 has 270 seconds left.
|
|t:|1728738445
|move|p1a: Flygon|Earthquake|p2a: I WILL REMEMBER
|-resisted|p2a: I WILL REMEMBER
|-damage|p2a: I WILL REMEMBER|5/100
|move|p2a: I WILL REMEMBER|Brick Break|p1a: Flygon
|-damage|p1a: Flygon|38/100
|
|-heal|p1a: Flygon|44/100|[from] item: Leftovers
|-heal|p2a: I WILL REMEMBER|11/100|[from] item: Leftovers
|upkeep
|turn|33
|inactive|rezzo64 has 240 seconds left.
|
|t:|1728738467
|move|p1a: Flygon|Earthquake|p2a: I WILL REMEMBER
|-resisted|p2a: I WILL REMEMBER
|-damage|p2a: I WILL REMEMBER|0 fnt
|faint|p2a: I WILL REMEMBER
|
|t:|1728738469
|switch|p2a: BEFORE I FORGET|Snorlax, M|100/100
|
|-heal|p1a: Flygon|50/100|[from] item: Leftovers
|upkeep
|turn|34
|
|t:|1728738490
|switch|p1a: Tyranitar|Tyranitar, M|100/100
|-weather|Sandstorm|[from] ability: Sand Stream|[of] p1a: Tyranitar
|move|p2a: BEFORE I FORGET|Earthquake|p1a: Tyranitar
|-supereffective|p1a: Tyranitar
|-damage|p1a: Tyranitar|46/100
|
|-weather|Sandstorm|[upkeep]
|-damage|p2a: BEFORE I FORGET|94/100|[from] Sandstorm
|-heal|p2a: BEFORE I FORGET|100/100|[from] item: Leftovers
|upkeep
|turn|35
|inactive|RedCrimp has 270 seconds left.
|inactive|rezzo64 has 240 seconds left.
|
|t:|1728738529
|move|p1a: Tyranitar|Rock Slide|p2a: BEFORE I FORGET
|-crit|p2a: BEFORE I FORGET
|-damage|p2a: BEFORE I FORGET|32/100
|move|p2a: BEFORE I FORGET|Earthquake|p1a: Tyranitar
|-supereffective|p1a: Tyranitar
|-damage|p1a: Tyranitar|0 fnt
|faint|p1a: Tyranitar
|inactive|RedCrimp has 270 seconds left.
|c|☆RedCrimp|mb
|
|t:|1728738552
|switch|p1a: Flygon|Flygon, F|50/100
|
|-weather|Sandstorm|[upkeep]
|-damage|p2a: BEFORE I FORGET|26/100|[from] Sandstorm
|-heal|p1a: Flygon|56/100|[from] item: Leftovers
|-heal|p2a: BEFORE I FORGET|32/100|[from] item: Leftovers
|upkeep
|turn|36
|
|t:|1728738566
|move|p1a: Flygon|Earthquake|p2a: BEFORE I FORGET
|-damage|p2a: BEFORE I FORGET|0 fnt
|faint|p2a: BEFORE I FORGET
|
|t:|1728738570
|switch|p2a: I AM A WORLD|Zapdos|74/100
|
|-weather|Sandstorm|[upkeep]
|-damage|p2a: I AM A WORLD|68/100|[from] Sandstorm
|-heal|p2a: I AM A WORLD|74/100|[from] item: Leftovers
|-heal|p1a: Flygon|62/100|[from] item: Leftovers
|upkeep
|turn|37
|inactive|RedCrimp has 270 seconds left.
|inactive|RedCrimp has 240 seconds left.
|
|t:|1728738606
|switch|p1a: Magneton|Magneton|100/100
|move|p2a: I AM A WORLD|Hidden Power|p1a: Magneton
|-resisted|p1a: Magneton
|-crit|p1a: Magneton
|-damage|p1a: Magneton|58/100
|
|-weather|Sandstorm|[upkeep]
|-damage|p2a: I AM A WORLD|68/100|[from] Sandstorm
|-heal|p2a: I AM A WORLD|74/100|[from] item: Leftovers
|upkeep
|turn|38
|inactive|RedCrimp has 240 seconds left.
|inactive|rezzo64 has 240 seconds left.
|
|t:|1728738620
|move|p2a: I AM A WORLD|Baton Pass|p2a: I AM A WORLD
|
|t:|1728738621
|switch|p2a: I AM A MAN|Metagross|60/100|[from] Baton Pass
|move|p1a: Magneton|Toxic|p2a: I AM A MAN
|-immune|p2a: I AM A MAN
|
|-weather|Sandstorm|[upkeep]
|-heal|p2a: I AM A MAN|66/100|[from] item: Leftovers
|upkeep
|turn|39
|
|t:|1728738631
|move|p1a: Magneton|Thunderbolt|p2a: I AM A MAN
|-damage|p2a: I AM A MAN|10/100
|move|p2a: I AM A MAN|Explosion|p1a: Magneton
|-resisted|p1a: Magneton
|-damage|p1a: Magneton|0 fnt
|faint|p2a: I AM A MAN
|faint|p1a: Magneton
|
|t:|1728738641
|switch|p1a: Flygon|Flygon, F|62/100
|switch|p2a: I AM A WORLD|Zapdos|74/100
|
|-weather|Sandstorm|[upkeep]
|-damage|p2a: I AM A WORLD|68/100|[from] Sandstorm
|-heal|p2a: I AM A WORLD|74/100|[from] item: Leftovers
|-heal|p1a: Flygon|68/100|[from] item: Leftovers
|upkeep
|turn|40
|
|t:|1728738646
|move|p2a: I AM A WORLD|Hidden Power|p1a: Flygon
|-damage|p1a: Flygon|37/100
|move|p1a: Flygon|Rock Slide|p2a: I AM A WORLD
|-supereffective|p2a: I AM A WORLD
|-crit|p2a: I AM A WORLD
|-damage|p2a: I AM A WORLD|0 fnt
|faint|p2a: I AM A WORLD
|c|☆rezzo64|damn
|
|t:|1728738668
|switch|p2a: I COULD STAND|Charizard, M|100/100
|
|-weather|Sandstorm|[upkeep]
|-damage|p2a: I COULD STAND|94/100|[from] Sandstorm
|-heal|p1a: Flygon|43/100|[from] item: Leftovers
|upkeep
|turn|41
|
|t:|1728738677
|move|p1a: Flygon|Rock Slide|p2a: I COULD STAND
|-supereffective|p2a: I COULD STAND
|-damage|p2a: I COULD STAND|0 fnt
|faint|p2a: I COULD STAND
|
|win|RedCrimp
|c|☆rezzo64|gg
|c|☆RedCrimp|gg

</script>
<script type="application/json" class="data" id="replaydata-smogtours-gen3ou-797406">
{"id":"smogtours-gen3ou-797406","format":"[Gen 3] OU","players":["RedCrimp","rezzo64"],"uploadtime":1728738677,"views":111,"formatid":"gen3ou","rating":null,"private":0,"password":null}
</script>

<script defer src="js/replays.js?9d40a366"></script>
