<!DOCTYPE html>
<meta charset="utf-8" />
<meta name="viewport" content="width=device-width" />

<title>[Gen 3] OU: oopsalldeoxys vs. FaceOFF3141 - Replays - Pok&eacute;mon Showdown!</title>

<meta name="description" content="Watch a replay of a Pok&eacute;mon battle between oopsalldeoxys and FaceOFF3141! Format: [Gen 3] OU; Date: Oct 29, 2024" />
<!--

Hey, you! Looking in the source for the replay log?

You can find them in JSON format, just add `.json` at the end of a replay URL.

https://replay.pokemonshowdown.com/gen7randomdoublesbattle-865046831.json

Or, if you only need the log itself, add `.log` instead:

https://replay.pokemonshowdown.com/gen7randomdoublesbattle-865046831.log

-->

<link rel="stylesheet" href="//pokemonshowdown.com/style/global.css?0.023195364461161105" />
<link rel="stylesheet" href="//play.pokemonshowdown.com/style/font-awesome.css?0.13261647063804238" />
<link rel="stylesheet" href="//play.pokemonshowdown.com/style/battle.css?0.8753245789963631" />
<link rel="stylesheet" href="//play.pokemonshowdown.com/style/utilichart.css?0.8627959624976733" />

<!-- Global site tag (gtag.js) - Google Analytics -->
<script async src="https://www.googletagmanager.com/gtag/js?id=UA-26211653-1"></script>
<script>
  window.dataLayer = window.dataLayer || [];
  function gtag(){dataLayer.push(arguments);}
  gtag('js', new Date());

  gtag('config', 'UA-26211653-1');
</script>
<!-- End Google Analytics -->
<!-- Venatus Ad Manager - Install in <HEAD> of page -->
	<script src="https://hb.vntsm.com/v3/live/ad-manager.min.js" type="text/javascript" data-site-id="642aba63ec9a7b11c3c9c1be" data-mode="scan" async></script>
<!-- / Venatus Ad Manager -->

<style>
	@media (max-width:820px) {
		.battle {
			margin: 0 auto;
		}
		.battle-log {
			margin: 7px auto 0;
			max-width: 640px;
			height: 300px;
			position: static;
		}
	}
	.optgroup {
		display: inline-block;
		line-height: 22px;
		font-size: 10pt;
	}
	.optgroup .button {
		height: 25px;
		padding-top: 0;
		padding-bottom: 0;
	}
	.optgroup button.button {
		padding-left: 12px;
		padding-right: 12px;
	}
	.linklist {
		list-style: none;
		margin: 0.5em 0;
		padding: 0;
	}
	.linklist li {
		padding: 2px 0;
	}
	.sidebar {
		float: left;
		width: 320px;
	}
	.bar-wrapper {
		max-width: 1100px;
		margin: 0 auto;
	}
	.bar-wrapper.has-sidebar {
		max-width: 1430px;
	}
	.mainbar {
		margin: 0;
		padding-right: 1px;
	}
	.mainbar.has-sidebar {
		margin-left: 330px;
	}
	@media (min-width: 1511px) {
		.sidebar {
			width: 400px;
		}
		.bar-wrapper.has-sidebar {
			max-width: 1510px;
		}
		.mainbar.has-sidebar {
			margin-left: 410px;
		}
	}
	.section.first-section {
		margin-top: 9px;
	}
	.blocklink small {
		white-space: normal;
	}
	.button {
		vertical-align: middle;
	}
	.replay-controls {
		padding-top: 10px;
	}
	.replay-controls h1 {
		font-size: 16pt;
		font-weight: normal;
		color: #CCC;
	}
	.pagelink {
		text-align: center;
	}
	.pagelink a {
		width: 150px;
	}
	.textbox, .button {
		font-size: 11pt;
		vertical-align: middle;
	}
	@media (max-width: 450px) {
		.button {
			font-size: 9pt;
		}
	}
</style>

<div>

	<header>
		<div class="nav-wrapper"><ul class="nav">
			<li><a class="button nav-first" href="//pokemonshowdown.com/"><img src="//pokemonshowdown.com/images/pokemonshowdownbeta.png" srcset="//pokemonshowdown.com/images/pokemonshowdownbeta.png 1x, //pokemonshowdown.com/images/pokemonshowdownbeta@2x.png 2x" alt="Pok&eacute;mon Showdown" width="146" height="44" /> Home</a></li>
			<li><a class="button" href="//pokemonshowdown.com/dex/">Pok&eacute;dex</a></li>
			<li><a class="button cur" href="/">Replays</a></li>
			<li><a class="button" href="//pokemonshowdown.com/ladder/">Ladder</a></li>
			<li><a class="button nav-last" href="//pokemonshowdown.com/forums/">Forum</a></li>
			<li><a class="button greenbutton nav-first nav-last" href="//play.pokemonshowdown.com/">Play</a></li>
		</ul></div>
	</header>

	<div class="main" id="main">

		<noscript><section class="section">You need to enable JavaScript to use this page; sorry!</section></noscript>

	</div>

</div>

<script defer nomodule src="//play.pokemonshowdown.com/js/lib/ps-polyfill.js"></script>
<script defer src="//play.pokemonshowdown.com/js/lib/preact.min.js"></script>

<script defer src="//play.pokemonshowdown.com/config/config.js?2bddbc15"></script>
<script defer src="//play.pokemonshowdown.com/js/lib/jquery-1.11.0.min.js"></script>
<script defer src="//play.pokemonshowdown.com/js/lib/html-sanitizer-minified.js"></script>
<script defer src="//play.pokemonshowdown.com/js/battle-sound.js"></script>
<script defer src="//play.pokemonshowdown.com/js/battledata.js?0.7209276989879541"></script>
<script defer src="//play.pokemonshowdown.com/data/pokedex-mini.js?0.6111056340867951"></script>
<script defer src="//play.pokemonshowdown.com/data/pokedex-mini-bw.js?0.3532142036491459"></script>
<script defer src="//play.pokemonshowdown.com/data/graphics.js?0.24223875632456182"></script>
<script defer src="//play.pokemonshowdown.com/data/pokedex.js?0.38839984266356864"></script>
<script defer src="//play.pokemonshowdown.com/data/moves.js?0.21866028504024015"></script>
<script defer src="//play.pokemonshowdown.com/data/abilities.js?0.2005157953846628"></script>
<script defer src="//play.pokemonshowdown.com/data/items.js?0.9894211263848525"></script>
<script defer src="//play.pokemonshowdown.com/data/teambuilder-tables.js?0.6008791140282215"></script>
<script defer src="//play.pokemonshowdown.com/js/battle-tooltips.js?0.7580118955022959"></script>
<script defer src="//play.pokemonshowdown.com/js/battle.js?0.6057722274234274"></script>

<script defer src="js/utils.js?e31f9a17"></script>
<script defer src="js/replays-battle.js?7008c182"></script>

<!-- don't scrape this data! just add .json or .log after the URL!
Full API docs: https://github.com/smogon/pokemon-showdown-client/blob/master/WEB-API.md -->
<script type="text/plain" class="log" id="replaylog-smogtours-gen3ou-803321">
|inactive|Battle timer is ON: inactive players will automatically lose when time's up.
|t:|1730233743
|gametype|singles
|player|p1|oopsalldeoxys|2|
|player|p2|FaceOFF3141|101|
|teamsize|p1|6
|teamsize|p2|6
|gen|3
|tier|[Gen 3] OU
|rule|Sleep Clause Mod: Limit one foe put to sleep
|rule|Switch Priority Clause Mod: Faster Pokémon switch first
|rule|Species Clause: Limit one of each Pokémon
|rule|OHKO Clause: OHKO moves are banned
|rule|Evasion Items Clause: Evasion items are banned
|rule|Evasion Moves Clause: Evasion moves are banned
|rule|Endless Battle Clause: Forcing endless battles is banned
|rule|HP Percentage Mod: HP is shown in percentages
|rule|One Boost Passer Clause: Limit one Baton Passer that has a way to boost its stats
|rule|Freeze Clause Mod: Limit one foe frozen
|
|t:|1730233743
|start
|switch|p1a: Club Classics|Zapdos|100/100
|switch|p2a: Tyranitar|Tyranitar, M|100/100
|-weather|Sandstorm|[from] ability: Sand Stream|[of] p2a: Tyranitar
|turn|1
|inactive|oopsalldeoxys disconnected and has 300 seconds to reconnect!
|player|p1|
|inactive|oopsalldeoxys reconnected and has 295 seconds left.
|player|p1|oopsalldeoxys|2|
|inactive|FaceOFF3141 has 270 seconds left.
|
|t:|1730233775
|-singleturn|p2a: Tyranitar|move: Focus Punch
|switch|p1a: Rewind|Skarmory, F, shiny|100/100
|move|p2a: Tyranitar|Focus Punch|p1a: Rewind
|-damage|p1a: Rewind|38/100
|
|-weather|Sandstorm|[upkeep]
|-heal|p1a: Rewind|44/100|[from] item: Leftovers
|upkeep
|turn|2
|inactive|FaceOFF3141 has 270 seconds left.
|
|t:|1730233810
|-singleturn|p2a: Tyranitar|move: Focus Punch
|move|p1a: Rewind|Spikes|p2a: Tyranitar
|-sidestart|p2: FaceOFF3141|Spikes
|move|p2a: Tyranitar|Focus Punch|p1a: Rewind
|-crit|p1a: Rewind
|-damage|p1a: Rewind|0 fnt
|faint|p1a: Rewind
|
|t:|1730233814
|switch|p1a: Talk talk|Flygon, F, shiny|100/100
|
|-weather|Sandstorm|[upkeep]
|upkeep
|turn|3
|
|t:|1730233822
|switch|p2a: Claydol|Claydol|100/100
|move|p1a: Talk talk|Earthquake|p2a: Claydol
|-immune|p2a: Claydol
|
|-weather|Sandstorm|[upkeep]
|upkeep
|turn|4
|inactive|FaceOFF3141 has 270 seconds left.
|
|t:|1730233843
|switch|p1a: Mean Girls|Gengar, F, shiny|100/100
|move|p2a: Claydol|Rapid Spin|p1a: Mean Girls
|-immune|p1a: Mean Girls
|
|-weather|Sandstorm|[upkeep]
|-damage|p1a: Mean Girls|94/100|[from] Sandstorm
|-heal|p1a: Mean Girls|100/100|[from] item: Leftovers
|upkeep
|turn|5
|inactive|FaceOFF3141 has 270 seconds left.
|inactive|FaceOFF3141 has 240 seconds left.
|
|t:|1730233890
|switch|p2a: Blissey|Blissey, F|100/100
|-damage|p2a: Blissey|88/100|[from] Spikes
|move|p1a: Mean Girls|Will-O-Wisp|p2a: Blissey
|-status|p2a: Blissey|brn
|
|-weather|Sandstorm|[upkeep]
|-damage|p1a: Mean Girls|94/100|[from] Sandstorm
|-damage|p2a: Blissey|82/100 brn|[from] Sandstorm
|-heal|p1a: Mean Girls|100/100|[from] item: Leftovers
|-heal|p2a: Blissey|88/100 brn|[from] item: Leftovers
|-damage|p2a: Blissey|76/100 brn|[from] brn
|upkeep
|turn|6
|
|t:|1730233901
|move|p1a: Mean Girls|Thunderbolt|p2a: Blissey
|-damage|p2a: Blissey|64/100 brn
|move|p2a: Blissey|Ice Beam|p1a: Mean Girls
|-damage|p1a: Mean Girls|74/100
|
|-weather|Sandstorm|[upkeep]
|-damage|p1a: Mean Girls|68/100|[from] Sandstorm
|-damage|p2a: Blissey|58/100 brn|[from] Sandstorm
|-heal|p1a: Mean Girls|74/100|[from] item: Leftovers
|-heal|p2a: Blissey|64/100 brn|[from] item: Leftovers
|-damage|p2a: Blissey|51/100 brn|[from] brn
|upkeep
|turn|7
|inactive|FaceOFF3141 has 240 seconds left.
|
|t:|1730233922
|-curestatus|p2a: Blissey|brn|[from] ability: Natural Cure
|switch|p2a: Tyranitar|Tyranitar, M|100/100
|-damage|p2a: Tyranitar|88/100|[from] Spikes
|move|p1a: Mean Girls|Taunt|p2a: Tyranitar
|-start|p2a: Tyranitar|move: Taunt
|
|-weather|Sandstorm|[upkeep]
|-damage|p1a: Mean Girls|68/100|[from] Sandstorm
|-heal|p1a: Mean Girls|74/100|[from] item: Leftovers
|upkeep
|turn|8
|
|t:|1730233936
|switch|p1a: Talk talk|Flygon, F, shiny|100/100
|move|p2a: Tyranitar|Rock Slide|p1a: Talk talk
|-resisted|p1a: Talk talk
|-damage|p1a: Talk talk|77/100
|
|-weather|Sandstorm|[upkeep]
|-heal|p1a: Talk talk|83/100|[from] item: Leftovers
|-end|p2a: Tyranitar|move: Taunt|[silent]
|upkeep
|turn|9
|inactive|FaceOFF3141 has 210 seconds left.
|
|t:|1730233970
|switch|p2a: Claydol|Claydol|100/100
|move|p1a: Talk talk|Toxic|p2a: Claydol|[miss]
|-miss|p1a: Talk talk|p2a: Claydol
|
|-weather|Sandstorm|[upkeep]
|-heal|p1a: Talk talk|89/100|[from] item: Leftovers
|upkeep
|turn|10
|inactive|FaceOFF3141 has 210 seconds left.
|
|t:|1730233985
|move|p1a: Talk talk|Protect|p1a: Talk talk
|-singleturn|p1a: Talk talk|Protect
|move|p2a: Claydol|Rock Slide|p1a: Talk talk
|-activate|p1a: Talk talk|Protect
|
|-weather|Sandstorm|[upkeep]
|-heal|p1a: Talk talk|95/100|[from] item: Leftovers
|upkeep
|turn|11
|
|t:|1730233992
|switch|p1a: Mean Girls|Gengar, F, shiny|74/100
|move|p2a: Claydol|Rock Slide|p1a: Mean Girls
|-damage|p1a: Mean Girls|38/100
|
|-weather|Sandstorm|[upkeep]
|-damage|p1a: Mean Girls|31/100|[from] Sandstorm
|-heal|p1a: Mean Girls|38/100|[from] item: Leftovers
|upkeep
|turn|12
|
|t:|1730233996
|move|p1a: Mean Girls|Will-O-Wisp|p2a: Claydol
|-status|p2a: Claydol|brn
|move|p2a: Claydol|Rock Slide|p1a: Mean Girls|[miss]
|-miss|p2a: Claydol|p1a: Mean Girls
|
|-weather|Sandstorm|[upkeep]
|-damage|p1a: Mean Girls|31/100|[from] Sandstorm
|-heal|p1a: Mean Girls|38/100|[from] item: Leftovers
|-damage|p2a: Claydol|88/100 brn|[from] brn
|upkeep
|turn|13
|
|t:|1730234017
|move|p1a: Mean Girls|Giga Drain|p2a: Claydol
|-supereffective|p2a: Claydol
|-damage|p2a: Claydol|57/100 brn
|-heal|p1a: Mean Girls|56/100|[from] drain|[of] p2a: Claydol
|move|p2a: Claydol|Rock Slide|p1a: Mean Girls
|-damage|p1a: Mean Girls|38/100
|
|-weather|Sandstorm|[upkeep]
|-damage|p1a: Mean Girls|32/100|[from] Sandstorm
|-heal|p1a: Mean Girls|38/100|[from] item: Leftovers
|-heal|p2a: Claydol|63/100 brn|[from] item: Leftovers
|-damage|p2a: Claydol|50/100 brn|[from] brn
|upkeep
|turn|14
|
|t:|1730234023
|switch|p2a: Jirachi|Jirachi|100/100
|-damage|p2a: Jirachi|88/100|[from] Spikes
|move|p1a: Mean Girls|Giga Drain|p2a: Jirachi
|-resisted|p2a: Jirachi
|-damage|p2a: Jirachi|79/100
|-heal|p1a: Mean Girls|44/100|[from] drain|[of] p2a: Jirachi
|
|-weather|Sandstorm|[upkeep]
|-damage|p1a: Mean Girls|38/100|[from] Sandstorm
|-heal|p1a: Mean Girls|44/100|[from] item: Leftovers
|-heal|p2a: Jirachi|85/100|[from] item: Leftovers
|upkeep
|turn|15
|
|t:|1730234032
|switch|p1a: B2b|Moltres|100/100
|move|p2a: Jirachi|Wish|p2a: Jirachi
|
|-weather|Sandstorm|[upkeep]
|-damage|p1a: B2b|94/100|[from] Sandstorm
|-heal|p2a: Jirachi|92/100|[from] item: Leftovers
|-heal|p1a: B2b|100/100|[from] item: Leftovers
|upkeep
|turn|16
|inactive|FaceOFF3141 has 240 seconds left.
|
|t:|1730234042
|switch|p2a: Blissey|Blissey, F|51/100
|-damage|p2a: Blissey|39/100|[from] Spikes
|move|p1a: B2b|Hidden Power|p2a: Blissey
|-supereffective|p2a: Blissey
|-damage|p2a: Blissey|4/100
|
|-heal|p2a: Blissey|54/100|[from] move: Wish|[wisher] Jirachi
|-weather|Sandstorm|[upkeep]
|-damage|p1a: B2b|94/100|[from] Sandstorm
|-damage|p2a: Blissey|47/100|[from] Sandstorm
|-heal|p1a: B2b|100/100|[from] item: Leftovers
|-heal|p2a: Blissey|54/100|[from] item: Leftovers
|upkeep
|turn|17
|c|☆oopsalldeoxys|NOOOOOO
|inactive|FaceOFF3141 has 240 seconds left.
|c|☆oopsalldeoxys|thats so lame
|inactive|oopsalldeoxys has 270 seconds left.
|inactive|oopsalldeoxys has 240 seconds left.
|
|t:|1730234104
|move|p1a: B2b|Toxic|p2a: Blissey
|-status|p2a: Blissey|tox
|move|p2a: Blissey|Soft-Boiled|p2a: Blissey
|-heal|p2a: Blissey|100/100 tox
|
|-weather|Sandstorm|[upkeep]
|-damage|p1a: B2b|94/100|[from] Sandstorm
|-damage|p2a: Blissey|94/100 tox|[from] Sandstorm
|-heal|p1a: B2b|100/100|[from] item: Leftovers
|-heal|p2a: Blissey|100/100 tox|[from] item: Leftovers
|-damage|p2a: Blissey|94/100 tox|[from] psn
|upkeep
|turn|18
|
|t:|1730234108
|move|p1a: B2b|Hidden Power|p2a: Blissey
|-supereffective|p2a: Blissey
|-damage|p2a: Blissey|59/100 tox
|move|p2a: Blissey|Aromatherapy|p2a: Blissey
|-cureteam|p2a: Blissey|[from] move: Aromatherapy
|
|-weather|Sandstorm|[upkeep]
|-damage|p1a: B2b|94/100|[from] Sandstorm
|-damage|p2a: Blissey|52/100|[from] Sandstorm
|-heal|p1a: B2b|100/100|[from] item: Leftovers
|-heal|p2a: Blissey|59/100|[from] item: Leftovers
|upkeep
|turn|19
|
|t:|1730234113
|switch|p1a: Mean Girls|Gengar, F, shiny|44/100
|switch|p2a: Suicune|Suicune|100/100
|-damage|p2a: Suicune|88/100|[from] Spikes
|
|-weather|Sandstorm|[upkeep]
|-damage|p1a: Mean Girls|38/100|[from] Sandstorm
|-damage|p2a: Suicune|82/100|[from] Sandstorm
|-heal|p1a: Mean Girls|44/100|[from] item: Leftovers
|-heal|p2a: Suicune|88/100|[from] item: Leftovers
|upkeep
|turn|20
|
|t:|1730234123
|switch|p1a: Club Classics|Zapdos|100/100
|move|p2a: Suicune|Surf|p1a: Club Classics
|-damage|p1a: Club Classics|79/100
|
|-weather|Sandstorm|[upkeep]
|-damage|p1a: Club Classics|72/100|[from] Sandstorm
|-damage|p2a: Suicune|82/100|[from] Sandstorm
|-heal|p1a: Club Classics|79/100|[from] item: Leftovers
|-heal|p2a: Suicune|88/100|[from] item: Leftovers
|upkeep
|turn|21
|inactive|FaceOFF3141 has 270 seconds left.
|
|t:|1730234133
|switch|p2a: Claydol|Claydol|50/100
|move|p1a: Club Classics|Toxic|p2a: Claydol
|-status|p2a: Claydol|tox
|
|-weather|Sandstorm|[upkeep]
|-damage|p1a: Club Classics|72/100|[from] Sandstorm
|-heal|p1a: Club Classics|79/100|[from] item: Leftovers
|-heal|p2a: Claydol|57/100 tox|[from] item: Leftovers
|-damage|p2a: Claydol|50/100 tox|[from] psn
|upkeep
|turn|22
|inactive|FaceOFF3141 has 270 seconds left.
|
|t:|1730234144
|switch|p1a: Mean Girls|Gengar, F, shiny|44/100
|move|p2a: Claydol|Rock Slide|p1a: Mean Girls
|-damage|p1a: Mean Girls|10/100
|
|-weather|Sandstorm|[upkeep]
|-damage|p1a: Mean Girls|4/100|[from] Sandstorm
|-heal|p1a: Mean Girls|10/100|[from] item: Leftovers
|-heal|p2a: Claydol|57/100 tox|[from] item: Leftovers
|-damage|p2a: Claydol|44/100 tox|[from] psn
|upkeep
|turn|23
|inactive|FaceOFF3141 has 270 seconds left.
|
|t:|1730234155
|switch|p2a: Jirachi|Jirachi|92/100
|-damage|p2a: Jirachi|79/100|[from] Spikes
|move|p1a: Mean Girls|Will-O-Wisp|p2a: Jirachi
|-status|p2a: Jirachi|brn
|
|-weather|Sandstorm|[upkeep]
|-damage|p1a: Mean Girls|4/100|[from] Sandstorm
|-heal|p1a: Mean Girls|10/100|[from] item: Leftovers
|-heal|p2a: Jirachi|85/100 brn|[from] item: Leftovers
|-damage|p2a: Jirachi|73/100 brn|[from] brn
|upkeep
|turn|24
|inactive|FaceOFF3141 has 270 seconds left.
|
|t:|1730234165
|move|p1a: Mean Girls|Taunt|p2a: Jirachi
|-start|p2a: Jirachi|move: Taunt
|cant|p2a: Jirachi|move: Taunt|Wish
|
|-weather|Sandstorm|[upkeep]
|-damage|p1a: Mean Girls|4/100|[from] Sandstorm
|-heal|p1a: Mean Girls|10/100|[from] item: Leftovers
|-heal|p2a: Jirachi|79/100 brn|[from] item: Leftovers
|-damage|p2a: Jirachi|67/100 brn|[from] brn
|upkeep
|turn|25
|inactive|FaceOFF3141 has 270 seconds left.
|
|t:|1730234181
|switch|p1a: B2b|Moltres|100/100
|move|p2a: Jirachi|Fire Punch|p1a: B2b
|-resisted|p1a: B2b
|-damage|p1a: B2b|90/100
|
|-weather|Sandstorm|[upkeep]
|-damage|p1a: B2b|84/100|[from] Sandstorm
|-heal|p2a: Jirachi|73/100 brn|[from] item: Leftovers
|-damage|p2a: Jirachi|61/100 brn|[from] brn
|-end|p2a: Jirachi|move: Taunt|[silent]
|-heal|p1a: B2b|90/100|[from] item: Leftovers
|upkeep
|turn|26
|
|t:|1730234189
|switch|p2a: Suicune|Suicune|88/100
|-damage|p2a: Suicune|76/100|[from] Spikes
|move|p1a: B2b|Hidden Power|p2a: Suicune
|-damage|p2a: Suicune|65/100
|
|-weather|Sandstorm|[upkeep]
|-damage|p1a: B2b|84/100|[from] Sandstorm
|-damage|p2a: Suicune|59/100|[from] Sandstorm
|-heal|p1a: B2b|90/100|[from] item: Leftovers
|-heal|p2a: Suicune|65/100|[from] item: Leftovers
|upkeep
|turn|27
|inactive|FaceOFF3141 has 270 seconds left.
|
|t:|1730234203
|switch|p1a: Club Classics|Zapdos|79/100
|switch|p2a: Blissey|Blissey, F|59/100
|-damage|p2a: Blissey|46/100|[from] Spikes
|
|-weather|Sandstorm|[upkeep]
|-damage|p1a: Club Classics|72/100|[from] Sandstorm
|-damage|p2a: Blissey|40/100|[from] Sandstorm
|-heal|p1a: Club Classics|79/100|[from] item: Leftovers
|-heal|p2a: Blissey|46/100|[from] item: Leftovers
|upkeep
|turn|28
|
|t:|1730234211
|move|p2a: Blissey|Soft-Boiled|p2a: Blissey
|-heal|p2a: Blissey|96/100
|move|p1a: Club Classics|Roar|p2a: Blissey
|drag|p2a: Jirachi|Jirachi|61/100 brn
|-damage|p2a: Jirachi|48/100 brn|[from] Spikes
|
|-weather|Sandstorm|[upkeep]
|-damage|p1a: Club Classics|72/100|[from] Sandstorm
|-heal|p2a: Jirachi|54/100 brn|[from] item: Leftovers
|-damage|p2a: Jirachi|42/100 brn|[from] brn
|-heal|p1a: Club Classics|79/100|[from] item: Leftovers
|upkeep
|turn|29
|
|t:|1730234219
|switch|p2a: Blissey|Blissey, F|96/100
|-damage|p2a: Blissey|84/100|[from] Spikes
|move|p1a: Club Classics|Roar|p2a: Blissey
|drag|p2a: Claydol|Claydol|44/100 tox
|
|-weather|Sandstorm|[upkeep]
|-damage|p1a: Club Classics|72/100|[from] Sandstorm
|-heal|p1a: Club Classics|79/100|[from] item: Leftovers
|-heal|p2a: Claydol|50/100 tox|[from] item: Leftovers
|-damage|p2a: Claydol|44/100 tox|[from] psn
|upkeep
|turn|30
|
|t:|1730234222
|switch|p1a: Mean Girls|Gengar, F, shiny|10/100
|move|p2a: Claydol|Rapid Spin|p1a: Mean Girls
|-immune|p1a: Mean Girls
|
|-weather|Sandstorm|[upkeep]
|-damage|p1a: Mean Girls|4/100|[from] Sandstorm
|-heal|p1a: Mean Girls|10/100|[from] item: Leftovers
|-heal|p2a: Claydol|50/100 tox|[from] item: Leftovers
|-damage|p2a: Claydol|38/100 tox|[from] psn
|upkeep
|turn|31
|
|t:|1730234228
|switch|p2a: Blissey|Blissey, F|84/100
|-damage|p2a: Blissey|71/100|[from] Spikes
|move|p1a: Mean Girls|Giga Drain|p2a: Blissey
|-damage|p2a: Blissey|63/100
|-heal|p1a: Mean Girls|19/100|[from] drain|[of] p2a: Blissey
|
|-weather|Sandstorm|[upkeep]
|-damage|p1a: Mean Girls|13/100|[from] Sandstorm
|-damage|p2a: Blissey|57/100|[from] Sandstorm
|-heal|p1a: Mean Girls|19/100|[from] item: Leftovers
|-heal|p2a: Blissey|63/100|[from] item: Leftovers
|upkeep
|turn|32
|
|t:|1730234236
|move|p1a: Mean Girls|Taunt|p2a: Blissey
|-start|p2a: Blissey|move: Taunt
|move|p2a: Blissey|Ice Beam|p1a: Mean Girls
|-damage|p1a: Mean Girls|0 fnt
|faint|p1a: Mean Girls
|
|t:|1730234243
|switch|p1a: B2b|Moltres|90/100
|
|-weather|Sandstorm|[upkeep]
|-damage|p1a: B2b|84/100|[from] Sandstorm
|-damage|p2a: Blissey|57/100|[from] Sandstorm
|-heal|p1a: B2b|90/100|[from] item: Leftovers
|-heal|p2a: Blissey|63/100|[from] item: Leftovers
|upkeep
|turn|33
|
|t:|1730234251
|switch|p1a: Club Classics|Zapdos|79/100
|switch|p2a: Salamence|Salamence, M|100/100
|-ability|p2a: Salamence|Intimidate|boost
|-unboost|p1a: Club Classics|atk|1
|
|-weather|Sandstorm|[upkeep]
|-damage|p2a: Salamence|94/100|[from] Sandstorm
|-damage|p1a: Club Classics|72/100|[from] Sandstorm
|-heal|p2a: Salamence|100/100|[from] item: Leftovers
|-heal|p1a: Club Classics|79/100|[from] item: Leftovers
|upkeep
|turn|34
|inactive|oopsalldeoxys has 270 seconds left.
|inactive|FaceOFF3141 has 270 seconds left.
|inactive|oopsalldeoxys has 240 seconds left.
|
|t:|1730234312
|switch|p2a: Claydol|Claydol|38/100 tox
|move|p1a: Club Classics|Roar|p2a: Claydol
|drag|p2a: Salamence|Salamence, M|100/100
|-ability|p2a: Salamence|Intimidate|boost
|-unboost|p1a: Club Classics|atk|1
|
|-weather|Sandstorm|[upkeep]
|-damage|p2a: Salamence|94/100|[from] Sandstorm
|-damage|p1a: Club Classics|72/100|[from] Sandstorm
|-heal|p2a: Salamence|100/100|[from] item: Leftovers
|-heal|p1a: Club Classics|79/100|[from] item: Leftovers
|upkeep
|turn|35
|
|t:|1730234322
|move|p2a: Salamence|Rock Slide|p1a: Club Classics
|-supereffective|p1a: Club Classics
|-damage|p1a: Club Classics|22/100
|cant|p1a: Club Classics|flinch
|
|-weather|Sandstorm|[upkeep]
|-damage|p2a: Salamence|94/100|[from] Sandstorm
|-damage|p1a: Club Classics|16/100|[from] Sandstorm
|-heal|p2a: Salamence|100/100|[from] item: Leftovers
|-heal|p1a: Club Classics|22/100|[from] item: Leftovers
|upkeep
|turn|36
|
|t:|1730234331
|switch|p2a: Claydol|Claydol|38/100 tox
|switch|p1a: Talk talk|Flygon, F, shiny|95/100
|
|-weather|Sandstorm|[upkeep]
|-heal|p1a: Talk talk|100/100|[from] item: Leftovers
|-heal|p2a: Claydol|44/100 tox|[from] item: Leftovers
|-damage|p2a: Claydol|38/100 tox|[from] psn
|upkeep
|turn|37
|
|t:|1730234334
|move|p1a: Talk talk|Rock Slide|p2a: Claydol
|-resisted|p2a: Claydol
|-damage|p2a: Claydol|29/100 tox
|cant|p2a: Claydol|flinch
|
|-weather|Sandstorm|[upkeep]
|-heal|p2a: Claydol|35/100 tox|[from] item: Leftovers
|-damage|p2a: Claydol|23/100 tox|[from] psn
|upkeep
|turn|38
|inactive|FaceOFF3141 has 270 seconds left.
|
|t:|1730234382
|switch|p2a: Suicune|Suicune|65/100
|-damage|p2a: Suicune|52/100|[from] Spikes
|move|p1a: Talk talk|Protect||[still]
|-fail|p1a: Talk talk
|
|-weather|Sandstorm|[upkeep]
|-damage|p2a: Suicune|46/100|[from] Sandstorm
|-heal|p2a: Suicune|52/100|[from] item: Leftovers
|upkeep
|turn|39
|inactive|oopsalldeoxys has 270 seconds left.
|inactive|FaceOFF3141 has 240 seconds left.
|
|t:|1730234420
|switch|p2a: Salamence|Salamence, M|100/100
|-ability|p2a: Salamence|Intimidate|boost
|-unboost|p1a: Talk talk|atk|1
|move|p1a: Talk talk|Toxic|p2a: Salamence
|-status|p2a: Salamence|tox
|
|-weather|Sandstorm|[upkeep]
|-damage|p2a: Salamence|94/100 tox|[from] Sandstorm
|-heal|p2a: Salamence|100/100 tox|[from] item: Leftovers
|-damage|p2a: Salamence|94/100 tox|[from] psn
|upkeep
|turn|40
|inactive|oopsalldeoxys has 270 seconds left.
|inactive|FaceOFF3141 has 210 seconds left.
|
|t:|1730234456
|switch|p2a: Suicune|Suicune|52/100
|-damage|p2a: Suicune|40/100|[from] Spikes
|move|p1a: Talk talk|Rock Slide|p2a: Suicune
|-damage|p2a: Suicune|33/100
|
|-weather|Sandstorm|[upkeep]
|-damage|p2a: Suicune|27/100|[from] Sandstorm
|-heal|p2a: Suicune|33/100|[from] item: Leftovers
|upkeep
|turn|41
|
|t:|1730234462
|switch|p1a: Club Classics|Zapdos|22/100
|move|p2a: Suicune|Rest|p2a: Suicune
|-status|p2a: Suicune|slp|[from] move: Rest
|-heal|p2a: Suicune|100/100 slp|[silent]
|
|-weather|Sandstorm|[upkeep]
|-damage|p1a: Club Classics|16/100|[from] Sandstorm
|-damage|p2a: Suicune|94/100 slp|[from] Sandstorm
|-heal|p1a: Club Classics|22/100|[from] item: Leftovers
|-heal|p2a: Suicune|100/100 slp|[from] item: Leftovers
|upkeep
|turn|42
|
|t:|1730234466
|switch|p2a: Blissey|Blissey, F|63/100
|-damage|p2a: Blissey|51/100|[from] Spikes
|move|p1a: Club Classics|Rest|p1a: Club Classics
|-status|p1a: Club Classics|slp|[from] move: Rest
|-heal|p1a: Club Classics|100/100 slp|[silent]
|
|-weather|Sandstorm|[upkeep]
|-damage|p1a: Club Classics|94/100 slp|[from] Sandstorm
|-damage|p2a: Blissey|45/100|[from] Sandstorm
|-heal|p1a: Club Classics|100/100 slp|[from] item: Leftovers
|-heal|p2a: Blissey|51/100|[from] item: Leftovers
|upkeep
|turn|43
|inactive|oopsalldeoxys has 270 seconds left.
|
|t:|1730234481
|switch|p1a: B2b|Moltres|90/100
|move|p2a: Blissey|Aromatherapy|p2a: Blissey
|-cureteam|p2a: Blissey|[from] move: Aromatherapy
|
|-weather|Sandstorm|[upkeep]
|-damage|p1a: B2b|84/100|[from] Sandstorm
|-damage|p2a: Blissey|45/100|[from] Sandstorm
|-heal|p1a: B2b|90/100|[from] item: Leftovers
|-heal|p2a: Blissey|51/100|[from] item: Leftovers
|upkeep
|turn|44
|
|t:|1730234485
|switch|p2a: Suicune|Suicune|100/100
|-damage|p2a: Suicune|88/100|[from] Spikes
|move|p1a: B2b|Toxic|p2a: Suicune
|-status|p2a: Suicune|tox
|
|-weather|Sandstorm|[upkeep]
|-damage|p1a: B2b|84/100|[from] Sandstorm
|-damage|p2a: Suicune|82/100 tox|[from] Sandstorm
|-heal|p1a: B2b|90/100|[from] item: Leftovers
|-heal|p2a: Suicune|88/100 tox|[from] item: Leftovers
|-damage|p2a: Suicune|82/100 tox|[from] psn
|upkeep
|turn|45
|
|t:|1730234498
|switch|p1a: Club Classics|Zapdos|100/100 slp
|move|p2a: Suicune|Surf|p1a: Club Classics
|-damage|p1a: Club Classics|79/100 slp
|
|-weather|Sandstorm|[upkeep]
|-damage|p1a: Club Classics|73/100 slp|[from] Sandstorm
|-damage|p2a: Suicune|76/100 tox|[from] Sandstorm
|-heal|p1a: Club Classics|79/100 slp|[from] item: Leftovers
|-heal|p2a: Suicune|82/100 tox|[from] item: Leftovers
|-damage|p2a: Suicune|70/100 tox|[from] psn
|upkeep
|turn|46
|
|t:|1730234509
|switch|p2a: Claydol|Claydol|23/100
|cant|p1a: Club Classics|slp
|
|-weather|Sandstorm|[upkeep]
|-damage|p1a: Club Classics|73/100 slp|[from] Sandstorm
|-heal|p1a: Club Classics|79/100 slp|[from] item: Leftovers
|-heal|p2a: Claydol|29/100|[from] item: Leftovers
|upkeep
|turn|47
|
|t:|1730234514
|switch|p1a: B2b|Moltres|90/100
|move|p2a: Claydol|Rapid Spin|p1a: B2b
|-damage|p1a: B2b|83/100
|-sideend|p2: FaceOFF3141|Spikes|[from] move: Rapid Spin|[of] p2a: Claydol
|
|-weather|Sandstorm|[upkeep]
|-damage|p1a: B2b|77/100|[from] Sandstorm
|-heal|p1a: B2b|83/100|[from] item: Leftovers
|-heal|p2a: Claydol|35/100|[from] item: Leftovers
|upkeep
|turn|48
|
|t:|1730234522
|switch|p2a: Salamence|Salamence, M|94/100
|-ability|p2a: Salamence|Intimidate|boost
|-unboost|p1a: B2b|atk|1
|move|p1a: B2b|Fire Blast|p2a: Salamence
|-resisted|p2a: Salamence
|-damage|p2a: Salamence|57/100
|
|-weather|Sandstorm|[upkeep]
|-damage|p2a: Salamence|51/100|[from] Sandstorm
|-damage|p1a: B2b|77/100|[from] Sandstorm
|-heal|p2a: Salamence|57/100|[from] item: Leftovers
|-heal|p1a: B2b|83/100|[from] item: Leftovers
|upkeep
|turn|49
|
|t:|1730234534
|switch|p1a: Talk talk|Flygon, F, shiny|100/100
|move|p2a: Salamence|Hidden Power|p1a: Talk talk
|-damage|p1a: Talk talk|68/100
|
|-weather|Sandstorm|[upkeep]
|-damage|p2a: Salamence|51/100|[from] Sandstorm
|-heal|p2a: Salamence|57/100|[from] item: Leftovers
|-heal|p1a: Talk talk|74/100|[from] item: Leftovers
|upkeep
|turn|50
|
|t:|1730234544
|switch|p2a: Claydol|Claydol|35/100
|move|p1a: Talk talk|Toxic|p2a: Claydol
|-status|p2a: Claydol|tox
|
|-weather|Sandstorm|[upkeep]
|-heal|p1a: Talk talk|80/100|[from] item: Leftovers
|-heal|p2a: Claydol|42/100 tox|[from] item: Leftovers
|-damage|p2a: Claydol|35/100 tox|[from] psn
|upkeep
|turn|51
|inactive|FaceOFF3141 has 270 seconds left.
|
|t:|1730234552
|switch|p2a: Suicune|Suicune|70/100 tox
|move|p1a: Talk talk|Earthquake|p2a: Suicune
|-damage|p2a: Suicune|51/100 tox
|
|-weather|Sandstorm|[upkeep]
|-damage|p2a: Suicune|45/100 tox|[from] Sandstorm
|-heal|p1a: Talk talk|86/100|[from] item: Leftovers
|-heal|p2a: Suicune|51/100 tox|[from] item: Leftovers
|-damage|p2a: Suicune|45/100 tox|[from] psn
|upkeep
|turn|52
|
|t:|1730234557
|move|p1a: Talk talk|Earthquake|p2a: Suicune
|-damage|p2a: Suicune|27/100 tox
|move|p2a: Suicune|Rest|p2a: Suicune
|-status|p2a: Suicune|slp|[from] move: Rest
|-heal|p2a: Suicune|100/100 slp|[silent]
|
|-weather|Sandstorm|[upkeep]
|-damage|p2a: Suicune|94/100 slp|[from] Sandstorm
|-heal|p1a: Talk talk|92/100|[from] item: Leftovers
|-heal|p2a: Suicune|100/100 slp|[from] item: Leftovers
|upkeep
|turn|53
|
|t:|1730234562
|move|p1a: Talk talk|Earthquake|p2a: Suicune
|-damage|p2a: Suicune|81/100 slp
|cant|p2a: Suicune|slp
|
|-weather|Sandstorm|[upkeep]
|-damage|p2a: Suicune|75/100 slp|[from] Sandstorm
|-heal|p1a: Talk talk|98/100|[from] item: Leftovers
|-heal|p2a: Suicune|81/100 slp|[from] item: Leftovers
|upkeep
|turn|54
|
|t:|1730234570
|switch|p1a: Club Classics|Zapdos|79/100 slp
|cant|p2a: Suicune|slp
|
|-weather|Sandstorm|[upkeep]
|-damage|p1a: Club Classics|73/100 slp|[from] Sandstorm
|-damage|p2a: Suicune|75/100 slp|[from] Sandstorm
|-heal|p1a: Club Classics|79/100 slp|[from] item: Leftovers
|-heal|p2a: Suicune|81/100 slp|[from] item: Leftovers
|upkeep
|turn|55
|
|t:|1730234573
|cant|p1a: Club Classics|slp
|-curestatus|p2a: Suicune|slp|[msg]
|move|p2a: Suicune|Surf|p1a: Club Classics
|-damage|p1a: Club Classics|57/100 slp
|
|-weather|Sandstorm|[upkeep]
|-damage|p1a: Club Classics|50/100 slp|[from] Sandstorm
|-damage|p2a: Suicune|75/100|[from] Sandstorm
|-heal|p1a: Club Classics|57/100 slp|[from] item: Leftovers
|-heal|p2a: Suicune|81/100|[from] item: Leftovers
|upkeep
|turn|56
|
|t:|1730234578
|switch|p2a: Blissey|Blissey, F|51/100
|-curestatus|p1a: Club Classics|slp|[msg]
|move|p1a: Club Classics|Toxic|p2a: Blissey
|-status|p2a: Blissey|tox
|
|-weather|Sandstorm|[upkeep]
|-damage|p1a: Club Classics|50/100|[from] Sandstorm
|-damage|p2a: Blissey|45/100 tox|[from] Sandstorm
|-heal|p1a: Club Classics|57/100|[from] item: Leftovers
|-heal|p2a: Blissey|51/100 tox|[from] item: Leftovers
|-damage|p2a: Blissey|45/100 tox|[from] psn
|upkeep
|turn|57
|
|t:|1730234582
|move|p2a: Blissey|Soft-Boiled|p2a: Blissey
|-heal|p2a: Blissey|95/100 tox
|move|p1a: Club Classics|Roar|p2a: Blissey
|-curestatus|p2a: Blissey|tox|[from] ability: Natural Cure
|drag|p2a: Salamence|Salamence, M|57/100
|-ability|p2a: Salamence|Intimidate|boost
|-unboost|p1a: Club Classics|atk|1
|
|-weather|Sandstorm|[upkeep]
|-damage|p2a: Salamence|51/100|[from] Sandstorm
|-damage|p1a: Club Classics|50/100|[from] Sandstorm
|-heal|p2a: Salamence|57/100|[from] item: Leftovers
|-heal|p1a: Club Classics|57/100|[from] item: Leftovers
|upkeep
|turn|58
|
|t:|1730234600
|switch|p1a: Talk talk|Flygon, F, shiny|98/100
|move|p2a: Salamence|Rock Slide|p1a: Talk talk
|-resisted|p1a: Talk talk
|-damage|p1a: Talk talk|86/100
|
|-weather|Sandstorm|[upkeep]
|-damage|p2a: Salamence|51/100|[from] Sandstorm
|-heal|p2a: Salamence|57/100|[from] item: Leftovers
|-heal|p1a: Talk talk|93/100|[from] item: Leftovers
|upkeep
|turn|59
|
|t:|1730234605
|switch|p2a: Suicune|Suicune|81/100
|move|p1a: Talk talk|Rock Slide|p2a: Suicune
|-damage|p2a: Suicune|71/100
|
|-weather|Sandstorm|[upkeep]
|-damage|p2a: Suicune|65/100|[from] Sandstorm
|-heal|p1a: Talk talk|99/100|[from] item: Leftovers
|-heal|p2a: Suicune|71/100|[from] item: Leftovers
|upkeep
|turn|60
|
|t:|1730234614
|move|p1a: Talk talk|Toxic|p2a: Suicune
|-status|p2a: Suicune|tox
|move|p2a: Suicune|Calm Mind|p2a: Suicune
|-boost|p2a: Suicune|spa|1
|-boost|p2a: Suicune|spd|1
|
|-weather|Sandstorm|[upkeep]
|-damage|p2a: Suicune|65/100 tox|[from] Sandstorm
|-heal|p1a: Talk talk|100/100|[from] item: Leftovers
|-heal|p2a: Suicune|71/100 tox|[from] item: Leftovers
|-damage|p2a: Suicune|65/100 tox|[from] psn
|upkeep
|turn|61
|
|t:|1730234618
|switch|p1a: Club Classics|Zapdos|57/100
|move|p2a: Suicune|Surf|p1a: Club Classics
|-damage|p1a: Club Classics|27/100
|
|-weather|Sandstorm|[upkeep]
|-damage|p1a: Club Classics|21/100|[from] Sandstorm
|-damage|p2a: Suicune|59/100 tox|[from] Sandstorm
|-heal|p1a: Club Classics|27/100|[from] item: Leftovers
|-heal|p2a: Suicune|65/100 tox|[from] item: Leftovers
|-damage|p2a: Suicune|53/100 tox|[from] psn
|upkeep
|turn|62
|
|t:|1730234623
|switch|p2a: Blissey|Blissey, F|95/100
|move|p1a: Club Classics|Rest|p1a: Club Classics
|-status|p1a: Club Classics|slp|[from] move: Rest
|-heal|p1a: Club Classics|100/100 slp|[silent]
|
|-weather|Sandstorm|[upkeep]
|-damage|p1a: Club Classics|94/100 slp|[from] Sandstorm
|-damage|p2a: Blissey|89/100|[from] Sandstorm
|-heal|p1a: Club Classics|100/100 slp|[from] item: Leftovers
|-heal|p2a: Blissey|95/100|[from] item: Leftovers
|upkeep
|turn|63
|
|t:|1730234626
|switch|p2a: Jirachi|Jirachi|42/100
|cant|p1a: Club Classics|slp
|
|-weather|Sandstorm|[upkeep]
|-damage|p1a: Club Classics|94/100 slp|[from] Sandstorm
|-heal|p2a: Jirachi|48/100|[from] item: Leftovers
|-heal|p1a: Club Classics|100/100 slp|[from] item: Leftovers
|upkeep
|turn|64
|
|t:|1730234629
|switch|p1a: B2b|Moltres|83/100
|move|p2a: Jirachi|Wish|p2a: Jirachi
|
|-weather|Sandstorm|[upkeep]
|-damage|p1a: B2b|77/100|[from] Sandstorm
|-heal|p2a: Jirachi|54/100|[from] item: Leftovers
|-heal|p1a: B2b|83/100|[from] item: Leftovers
|upkeep
|turn|65
|
|t:|1730234637
|switch|p1a: Club Classics|Zapdos|100/100 slp
|move|p2a: Jirachi|Protect||[still]
|-fail|p2a: Jirachi
|
|-heal|p2a: Jirachi|100/100|[from] move: Wish|[wisher] Jirachi
|-weather|Sandstorm|[upkeep]
|-damage|p1a: Club Classics|94/100 slp|[from] Sandstorm
|-heal|p1a: Club Classics|100/100 slp|[from] item: Leftovers
|upkeep
|turn|66
|
|t:|1730234639
|move|p2a: Jirachi|Wish|p2a: Jirachi
|cant|p1a: Club Classics|slp
|
|-weather|Sandstorm|[upkeep]
|-damage|p1a: Club Classics|94/100 slp|[from] Sandstorm
|-heal|p1a: Club Classics|100/100 slp|[from] item: Leftovers
|upkeep
|turn|67
|
|t:|1730234664
|switch|p2a: Claydol|Claydol|35/100 tox
|-curestatus|p1a: Club Classics|slp|[msg]
|move|p1a: Club Classics|Toxic|p2a: Claydol
|-fail|p2a: Claydol|tox
|
|-heal|p2a: Claydol|85/100 tox|[from] move: Wish|[wisher] Jirachi
|-weather|Sandstorm|[upkeep]
|-damage|p1a: Club Classics|94/100|[from] Sandstorm
|-heal|p1a: Club Classics|100/100|[from] item: Leftovers
|-heal|p2a: Claydol|92/100 tox|[from] item: Leftovers
|-damage|p2a: Claydol|85/100 tox|[from] psn
|upkeep
|turn|68
|
|t:|1730234673
|switch|p1a: Von Dutch|Jirachi|100/100
|switch|p2a: Blissey|Blissey, F|95/100
|
|-weather|Sandstorm|[upkeep]
|-damage|p2a: Blissey|89/100|[from] Sandstorm
|-heal|p2a: Blissey|95/100|[from] item: Leftovers
|upkeep
|turn|69
|
|t:|1730234696
|move|p1a: Von Dutch|Toxic|p2a: Blissey|[miss]
|-miss|p1a: Von Dutch|p2a: Blissey
|move|p2a: Blissey|Seismic Toss|p1a: Von Dutch
|-damage|p1a: Von Dutch|76/100
|
|-weather|Sandstorm|[upkeep]
|-damage|p2a: Blissey|89/100|[from] Sandstorm
|-heal|p1a: Von Dutch|82/100|[from] item: Leftovers
|-heal|p2a: Blissey|95/100|[from] item: Leftovers
|upkeep
|turn|70
|
|t:|1730234705
|switch|p2a: Tyranitar|Tyranitar, M|88/100
|move|p1a: Von Dutch|Toxic|p2a: Tyranitar
|-status|p2a: Tyranitar|tox
|
|-weather|Sandstorm|[upkeep]
|-heal|p1a: Von Dutch|88/100|[from] item: Leftovers
|-damage|p2a: Tyranitar|82/100 tox|[from] psn
|upkeep
|turn|71
|
|t:|1730234710
|move|p1a: Von Dutch|Protect|p1a: Von Dutch
|-singleturn|p1a: Von Dutch|Protect
|move|p2a: Tyranitar|Earthquake|p1a: Von Dutch
|-activate|p1a: Von Dutch|Protect
|
|-weather|Sandstorm|[upkeep]
|-heal|p1a: Von Dutch|94/100|[from] item: Leftovers
|-damage|p2a: Tyranitar|69/100 tox|[from] psn
|upkeep
|turn|72
|
|t:|1730234724
|switch|p2a: Blissey|Blissey, F|95/100
|move|p1a: Von Dutch|Fire Punch|p2a: Blissey
|-damage|p2a: Blissey|87/100
|
|-weather|Sandstorm|[upkeep]
|-damage|p2a: Blissey|81/100|[from] Sandstorm
|-heal|p1a: Von Dutch|100/100|[from] item: Leftovers
|-heal|p2a: Blissey|87/100|[from] item: Leftovers
|upkeep
|turn|73
|
|t:|1730234735
|move|p1a: Von Dutch|Wish|p1a: Von Dutch
|move|p2a: Blissey|Aromatherapy|p2a: Blissey
|-cureteam|p2a: Blissey|[from] move: Aromatherapy
|
|-weather|Sandstorm|[upkeep]
|-damage|p2a: Blissey|81/100|[from] Sandstorm
|-heal|p2a: Blissey|87/100|[from] item: Leftovers
|upkeep
|turn|74
|
|t:|1730234741
|switch|p1a: B2b|Moltres|83/100
|move|p2a: Blissey|Ice Beam|p1a: B2b
|-damage|p1a: B2b|54/100
|
|-heal|p1a: B2b|100/100|[from] move: Wish|[wisher] Von Dutch
|-weather|Sandstorm|[upkeep]
|-damage|p1a: B2b|94/100|[from] Sandstorm
|-damage|p2a: Blissey|81/100|[from] Sandstorm
|-heal|p1a: B2b|100/100|[from] item: Leftovers
|-heal|p2a: Blissey|87/100|[from] item: Leftovers
|upkeep
|turn|75
|
|t:|1730234753
|switch|p1a: Club Classics|Zapdos|100/100
|switch|p2a: Suicune|Suicune|53/100
|
|-weather|Sandstorm|[upkeep]
|-damage|p1a: Club Classics|94/100|[from] Sandstorm
|-damage|p2a: Suicune|47/100|[from] Sandstorm
|-heal|p1a: Club Classics|100/100|[from] item: Leftovers
|-heal|p2a: Suicune|53/100|[from] item: Leftovers
|upkeep
|turn|76
|
|t:|1730234758
|switch|p1a: B2b|Moltres|100/100
|switch|p2a: Blissey|Blissey, F|87/100
|
|-weather|Sandstorm|[upkeep]
|-damage|p1a: B2b|94/100|[from] Sandstorm
|-damage|p2a: Blissey|81/100|[from] Sandstorm
|-heal|p1a: B2b|100/100|[from] item: Leftovers
|-heal|p2a: Blissey|87/100|[from] item: Leftovers
|upkeep
|turn|77
|
|t:|1730234762
|switch|p2a: Suicune|Suicune|53/100
|move|p1a: B2b|Hidden Power|p2a: Suicune
|-damage|p2a: Suicune|43/100
|
|-weather|Sandstorm|[upkeep]
|-damage|p1a: B2b|94/100|[from] Sandstorm
|-damage|p2a: Suicune|37/100|[from] Sandstorm
|-heal|p1a: B2b|100/100|[from] item: Leftovers
|-heal|p2a: Suicune|43/100|[from] item: Leftovers
|upkeep
|turn|78
|
|t:|1730234768
|switch|p1a: Club Classics|Zapdos|100/100
|move|p2a: Suicune|Surf|p1a: Club Classics
|-damage|p1a: Club Classics|81/100
|
|-weather|Sandstorm|[upkeep]
|-damage|p1a: Club Classics|75/100|[from] Sandstorm
|-damage|p2a: Suicune|37/100|[from] Sandstorm
|-heal|p1a: Club Classics|81/100|[from] item: Leftovers
|-heal|p2a: Suicune|43/100|[from] item: Leftovers
|upkeep
|turn|79
|inactive|oopsalldeoxys has 270 seconds left.
|inactive|oopsalldeoxys has 240 seconds left.
|inactive|oopsalldeoxys has 210 seconds left.
|
|t:|1730234871
|switch|p1a: B2b|Moltres|100/100
|switch|p2a: Jirachi|Jirachi|100/100
|
|-weather|Sandstorm|[upkeep]
|-damage|p1a: B2b|94/100|[from] Sandstorm
|-heal|p1a: B2b|100/100|[from] item: Leftovers
|upkeep
|turn|80
|inactive|oopsalldeoxys has 180 seconds left.
|
|t:|1730234904
|switch|p1a: Club Classics|Zapdos|81/100
|move|p2a: Jirachi|Protect||[still]
|-fail|p2a: Jirachi
|
|-weather|Sandstorm|[upkeep]
|-damage|p1a: Club Classics|75/100|[from] Sandstorm
|-heal|p1a: Club Classics|81/100|[from] item: Leftovers
|upkeep
|turn|81
|inactive|oopsalldeoxys has 180 seconds left.
|
|t:|1730234921
|switch|p1a: B2b|Moltres|100/100
|move|p2a: Jirachi|Wish|p2a: Jirachi
|
|-weather|Sandstorm|[upkeep]
|-damage|p1a: B2b|94/100|[from] Sandstorm
|-heal|p1a: B2b|100/100|[from] item: Leftovers
|upkeep
|turn|82
|inactive|oopsalldeoxys has 180 seconds left.
|
|t:|1730234939
|switch|p1a: Club Classics|Zapdos|81/100
|move|p2a: Jirachi|Toxic|p1a: Club Classics
|-status|p1a: Club Classics|tox
|
|-weather|Sandstorm|[upkeep]
|-damage|p1a: Club Classics|75/100 tox|[from] Sandstorm
|-heal|p1a: Club Classics|81/100 tox|[from] item: Leftovers
|-damage|p1a: Club Classics|75/100 tox|[from] psn
|upkeep
|turn|83
|
|t:|1730234955
|switch|p2a: Blissey|Blissey, F|87/100
|move|p1a: Club Classics|Thunderbolt|p2a: Blissey
|-damage|p2a: Blissey|72/100
|
|-weather|Sandstorm|[upkeep]
|-damage|p1a: Club Classics|69/100 tox|[from] Sandstorm
|-damage|p2a: Blissey|65/100|[from] Sandstorm
|-heal|p1a: Club Classics|75/100 tox|[from] item: Leftovers
|-damage|p1a: Club Classics|62/100 tox|[from] psn
|-heal|p2a: Blissey|72/100|[from] item: Leftovers
|upkeep
|turn|84
|inactive|oopsalldeoxys has 180 seconds left.
|
|t:|1730234979
|switch|p1a: Von Dutch|Jirachi|100/100
|switch|p2a: Claydol|Claydol|85/100
|
|-weather|Sandstorm|[upkeep]
|-heal|p2a: Claydol|92/100|[from] item: Leftovers
|upkeep
|turn|85
|
|t:|1730234985
|move|p1a: Von Dutch|Toxic|p2a: Claydol
|-status|p2a: Claydol|tox
|move|p2a: Claydol|Rapid Spin|p1a: Von Dutch
|-resisted|p1a: Von Dutch
|-damage|p1a: Von Dutch|99/100
|
|-weather|Sandstorm|[upkeep]
|-heal|p1a: Von Dutch|100/100|[from] item: Leftovers
|-heal|p2a: Claydol|98/100 tox|[from] item: Leftovers
|-damage|p2a: Claydol|92/100 tox|[from] psn
|upkeep
|turn|86
|
|t:|1730234993
|switch|p1a: Club Classics|Zapdos|62/100 tox
|switch|p2a: Jirachi|Jirachi|100/100
|
|-weather|Sandstorm|[upkeep]
|-damage|p1a: Club Classics|56/100 tox|[from] Sandstorm
|-heal|p1a: Club Classics|62/100 tox|[from] item: Leftovers
|-damage|p1a: Club Classics|56/100 tox|[from] psn
|upkeep
|turn|87
|inactive|oopsalldeoxys has 180 seconds left.
|inactive|FaceOFF3141 has 270 seconds left.
|
|t:|1730235024
|switch|p2a: Blissey|Blissey, F|72/100
|move|p1a: Club Classics|Rest|p1a: Club Classics
|-status|p1a: Club Classics|slp|[from] move: Rest
|-heal|p1a: Club Classics|100/100 slp|[silent]
|
|-weather|Sandstorm|[upkeep]
|-damage|p1a: Club Classics|94/100 slp|[from] Sandstorm
|-damage|p2a: Blissey|65/100|[from] Sandstorm
|-heal|p1a: Club Classics|100/100 slp|[from] item: Leftovers
|-heal|p2a: Blissey|72/100|[from] item: Leftovers
|upkeep
|turn|88
|
|t:|1730235047
|switch|p2a: Suicune|Suicune|43/100
|cant|p1a: Club Classics|slp
|
|-weather|Sandstorm|[upkeep]
|-damage|p1a: Club Classics|94/100 slp|[from] Sandstorm
|-damage|p2a: Suicune|37/100|[from] Sandstorm
|-heal|p1a: Club Classics|100/100 slp|[from] item: Leftovers
|-heal|p2a: Suicune|43/100|[from] item: Leftovers
|upkeep
|turn|89
|
|t:|1730235053
|cant|p1a: Club Classics|slp
|move|p2a: Suicune|Rest|p2a: Suicune
|-status|p2a: Suicune|slp|[from] move: Rest
|-heal|p2a: Suicune|100/100 slp|[silent]
|
|-weather|Sandstorm|[upkeep]
|-damage|p1a: Club Classics|94/100 slp|[from] Sandstorm
|-damage|p2a: Suicune|94/100 slp|[from] Sandstorm
|-heal|p1a: Club Classics|100/100 slp|[from] item: Leftovers
|-heal|p2a: Suicune|100/100 slp|[from] item: Leftovers
|upkeep
|turn|90
|
|t:|1730235065
|switch|p2a: Blissey|Blissey, F|72/100
|-curestatus|p1a: Club Classics|slp|[msg]
|move|p1a: Club Classics|Thunderbolt|p2a: Blissey
|-damage|p2a: Blissey|56/100
|
|-weather|Sandstorm|[upkeep]
|-damage|p1a: Club Classics|94/100|[from] Sandstorm
|-damage|p2a: Blissey|50/100|[from] Sandstorm
|-heal|p1a: Club Classics|100/100|[from] item: Leftovers
|-heal|p2a: Blissey|56/100|[from] item: Leftovers
|upkeep
|turn|91
|
|t:|1730235074
|switch|p1a: Von Dutch|Jirachi|100/100
|move|p2a: Blissey|Soft-Boiled|p2a: Blissey
|-heal|p2a: Blissey|100/100
|
|-weather|Sandstorm|[upkeep]
|-damage|p2a: Blissey|94/100|[from] Sandstorm
|-heal|p2a: Blissey|100/100|[from] item: Leftovers
|upkeep
|turn|92
|inactive|oopsalldeoxys has 180 seconds left.
|
|t:|1730235107
|switch|p2a: Jirachi|Jirachi|100/100
|move|p1a: Von Dutch|Fire Punch|p2a: Jirachi
|-supereffective|p2a: Jirachi
|-damage|p2a: Jirachi|70/100
|
|-weather|Sandstorm|[upkeep]
|-heal|p2a: Jirachi|76/100|[from] item: Leftovers
|upkeep
|turn|93
|
|t:|1730235114
|switch|p2a: Suicune|Suicune|100/100 slp
|switch|p1a: B2b|Moltres|100/100
|
|-weather|Sandstorm|[upkeep]
|-damage|p1a: B2b|94/100|[from] Sandstorm
|-damage|p2a: Suicune|94/100 slp|[from] Sandstorm
|-heal|p1a: B2b|100/100|[from] item: Leftovers
|-heal|p2a: Suicune|100/100 slp|[from] item: Leftovers
|upkeep
|turn|94
|
|t:|1730235120
|switch|p1a: Club Classics|Zapdos|100/100
|cant|p2a: Suicune|slp
|
|-weather|Sandstorm|[upkeep]
|-damage|p1a: Club Classics|94/100|[from] Sandstorm
|-damage|p2a: Suicune|94/100 slp|[from] Sandstorm
|-heal|p1a: Club Classics|100/100|[from] item: Leftovers
|-heal|p2a: Suicune|100/100 slp|[from] item: Leftovers
|upkeep
|turn|95
|inactive|oopsalldeoxys has 180 seconds left.
|
|t:|1730235149
|switch|p1a: B2b|Moltres|100/100
|cant|p2a: Suicune|slp
|
|-weather|Sandstorm|[upkeep]
|-damage|p1a: B2b|94/100|[from] Sandstorm
|-damage|p2a: Suicune|94/100 slp|[from] Sandstorm
|-heal|p1a: B2b|100/100|[from] item: Leftovers
|-heal|p2a: Suicune|100/100 slp|[from] item: Leftovers
|upkeep
|turn|96
|
|t:|1730235155
|switch|p1a: Club Classics|Zapdos|100/100
|-curestatus|p2a: Suicune|slp|[msg]
|move|p2a: Suicune|Calm Mind|p2a: Suicune
|-boost|p2a: Suicune|spa|1
|-boost|p2a: Suicune|spd|1
|
|-weather|Sandstorm|[upkeep]
|-damage|p1a: Club Classics|94/100|[from] Sandstorm
|-damage|p2a: Suicune|94/100|[from] Sandstorm
|-heal|p1a: Club Classics|100/100|[from] item: Leftovers
|-heal|p2a: Suicune|100/100|[from] item: Leftovers
|upkeep
|turn|97
|
|t:|1730235159
|switch|p2a: Blissey|Blissey, F|100/100
|move|p1a: Club Classics|Roar|p2a: Blissey
|drag|p2a: Tyranitar|Tyranitar, M|69/100
|
|-weather|Sandstorm|[upkeep]
|-damage|p1a: Club Classics|94/100|[from] Sandstorm
|-heal|p1a: Club Classics|100/100|[from] item: Leftovers
|upkeep
|turn|98
|inactive|oopsalldeoxys has 180 seconds left.
|
|t:|1730235200
|-singleturn|p2a: Tyranitar|move: Focus Punch
|move|p1a: Club Classics|Thunderbolt|p2a: Tyranitar
|-damage|p2a: Tyranitar|34/100
|move|p2a: Tyranitar|Focus Punch||[still]
|cant|p2a: Tyranitar|Focus Punch|Focus Punch
|
|-weather|Sandstorm|[upkeep]
|-damage|p1a: Club Classics|94/100|[from] Sandstorm
|-heal|p1a: Club Classics|100/100|[from] item: Leftovers
|upkeep
|turn|99
|
|t:|1730235205
|switch|p2a: Blissey|Blissey, F|100/100
|move|p1a: Club Classics|Thunderbolt|p2a: Blissey
|-damage|p2a: Blissey|84/100
|
|-weather|Sandstorm|[upkeep]
|-damage|p1a: Club Classics|94/100|[from] Sandstorm
|-damage|p2a: Blissey|78/100|[from] Sandstorm
|-heal|p1a: Club Classics|100/100|[from] item: Leftovers
|-heal|p2a: Blissey|84/100|[from] item: Leftovers
|upkeep
|turn|100
|
|t:|1730235220
|switch|p1a: Von Dutch|Jirachi|100/100
|switch|p2a: Jirachi|Jirachi|76/100
|
|-weather|Sandstorm|[upkeep]
|-heal|p2a: Jirachi|83/100|[from] item: Leftovers
|upkeep
|turn|101
|inactive|oopsalldeoxys has 180 seconds left.
|
|t:|1730235259
|switch|p2a: Suicune|Suicune|100/100
|move|p1a: Von Dutch|Fire Punch|p2a: Suicune
|-resisted|p2a: Suicune
|-damage|p2a: Suicune|94/100
|
|-weather|Sandstorm|[upkeep]
|-damage|p2a: Suicune|88/100|[from] Sandstorm
|-heal|p2a: Suicune|94/100|[from] item: Leftovers
|upkeep
|turn|102
|
|t:|1730235264
|switch|p2a: Jirachi|Jirachi|83/100
|move|p1a: Von Dutch|Toxic|p2a: Jirachi
|-immune|p2a: Jirachi
|
|-weather|Sandstorm|[upkeep]
|-heal|p2a: Jirachi|89/100|[from] item: Leftovers
|upkeep
|turn|103
|
|t:|1730235273
|switch|p1a: B2b|Moltres|100/100
|move|p2a: Jirachi|Wish|p2a: Jirachi
|
|-weather|Sandstorm|[upkeep]
|-damage|p1a: B2b|94/100|[from] Sandstorm
|-heal|p2a: Jirachi|95/100|[from] item: Leftovers
|-heal|p1a: B2b|100/100|[from] item: Leftovers
|upkeep
|turn|104
|
|t:|1730235279
|move|p2a: Jirachi|Toxic|p1a: B2b
|-status|p1a: B2b|tox
|move|p1a: B2b|Hidden Power|p2a: Jirachi
|-damage|p2a: Jirachi|84/100
|
|-heal|p2a: Jirachi|100/100|[from] move: Wish|[wisher] Jirachi
|-weather|Sandstorm|[upkeep]
|-damage|p1a: B2b|94/100 tox|[from] Sandstorm
|-heal|p1a: B2b|100/100 tox|[from] item: Leftovers
|-damage|p1a: B2b|94/100 tox|[from] psn
|upkeep
|turn|105
|
|t:|1730235293
|switch|p2a: Suicune|Suicune|94/100
|move|p1a: B2b|Hidden Power|p2a: Suicune
|-damage|p2a: Suicune|83/100
|
|-weather|Sandstorm|[upkeep]
|-damage|p1a: B2b|88/100 tox|[from] Sandstorm
|-damage|p2a: Suicune|77/100|[from] Sandstorm
|-heal|p1a: B2b|94/100 tox|[from] item: Leftovers
|-damage|p1a: B2b|82/100 tox|[from] psn
|-heal|p2a: Suicune|83/100|[from] item: Leftovers
|upkeep
|turn|106
|
|t:|1730235300
|switch|p1a: Club Classics|Zapdos|100/100
|move|p2a: Suicune|Calm Mind|p2a: Suicune
|-boost|p2a: Suicune|spa|1
|-boost|p2a: Suicune|spd|1
|
|-weather|Sandstorm|[upkeep]
|-damage|p1a: Club Classics|94/100|[from] Sandstorm
|-damage|p2a: Suicune|77/100|[from] Sandstorm
|-heal|p1a: Club Classics|100/100|[from] item: Leftovers
|-heal|p2a: Suicune|83/100|[from] item: Leftovers
|upkeep
|turn|107
|
|t:|1730235315
|switch|p2a: Claydol|Claydol|92/100 tox
|move|p1a: Club Classics|Thunderbolt|p2a: Claydol
|-immune|p2a: Claydol
|
|-weather|Sandstorm|[upkeep]
|-damage|p1a: Club Classics|94/100|[from] Sandstorm
|-heal|p1a: Club Classics|100/100|[from] item: Leftovers
|-heal|p2a: Claydol|98/100 tox|[from] item: Leftovers
|-damage|p2a: Claydol|92/100 tox|[from] psn
|upkeep
|turn|108
|
|t:|1730235321
|switch|p1a: Von Dutch|Jirachi|100/100
|switch|p2a: Blissey|Blissey, F|84/100
|
|-weather|Sandstorm|[upkeep]
|-damage|p2a: Blissey|78/100|[from] Sandstorm
|-heal|p2a: Blissey|84/100|[from] item: Leftovers
|upkeep
|turn|109
|inactive|oopsalldeoxys has 210 seconds left.
|
|t:|1730235327
|switch|p2a: Jirachi|Jirachi|100/100
|move|p1a: Von Dutch|Fire Punch|p2a: Jirachi
|-supereffective|p2a: Jirachi
|-damage|p2a: Jirachi|68/100
|
|-weather|Sandstorm|[upkeep]
|-heal|p2a: Jirachi|75/100|[from] item: Leftovers
|upkeep
|turn|110
|
|t:|1730235339
|switch|p2a: Suicune|Suicune|83/100
|move|p1a: Von Dutch|Fire Punch|p2a: Suicune
|-resisted|p2a: Suicune
|-damage|p2a: Suicune|77/100
|
|-weather|Sandstorm|[upkeep]
|-damage|p2a: Suicune|71/100|[from] Sandstorm
|-heal|p2a: Suicune|77/100|[from] item: Leftovers
|upkeep
|turn|111
|
|t:|1730235347
|switch|p1a: Club Classics|Zapdos|100/100
|switch|p2a: Jirachi|Jirachi|75/100
|
|-weather|Sandstorm|[upkeep]
|-damage|p1a: Club Classics|94/100|[from] Sandstorm
|-heal|p2a: Jirachi|81/100|[from] item: Leftovers
|-heal|p1a: Club Classics|100/100|[from] item: Leftovers
|upkeep
|turn|112
|
|t:|1730235357
|switch|p2a: Claydol|Claydol|92/100 tox
|switch|p1a: B2b|Moltres|82/100 tox
|
|-weather|Sandstorm|[upkeep]
|-damage|p1a: B2b|76/100 tox|[from] Sandstorm
|-heal|p1a: B2b|82/100 tox|[from] item: Leftovers
|-damage|p1a: B2b|76/100 tox|[from] psn
|-heal|p2a: Claydol|98/100 tox|[from] item: Leftovers
|-damage|p2a: Claydol|92/100 tox|[from] psn
|upkeep
|turn|113
|
|t:|1730235364
|switch|p1a: Talk talk|Flygon, F, shiny|100/100
|switch|p2a: Suicune|Suicune|77/100
|
|-weather|Sandstorm|[upkeep]
|-damage|p2a: Suicune|71/100|[from] Sandstorm
|-heal|p2a: Suicune|77/100|[from] item: Leftovers
|upkeep
|turn|114
|
|t:|1730235374
|switch|p1a: Club Classics|Zapdos|100/100
|move|p2a: Suicune|Roar|p1a: Club Classics
|drag|p1a: B2b|Moltres|76/100 tox
|
|-weather|Sandstorm|[upkeep]
|-damage|p1a: B2b|70/100 tox|[from] Sandstorm
|-damage|p2a: Suicune|71/100|[from] Sandstorm
|-heal|p1a: B2b|76/100 tox|[from] item: Leftovers
|-damage|p1a: B2b|70/100 tox|[from] psn
|-heal|p2a: Suicune|77/100|[from] item: Leftovers
|upkeep
|turn|115
|inactive|oopsalldeoxys has 240 seconds left.
|inactive|FaceOFF3141 has 270 seconds left.
|
|t:|1730235408
|switch|p1a: Club Classics|Zapdos|100/100
|switch|p2a: Jirachi|Jirachi|81/100
|
|-weather|Sandstorm|[upkeep]
|-damage|p1a: Club Classics|94/100|[from] Sandstorm
|-heal|p2a: Jirachi|87/100|[from] item: Leftovers
|-heal|p1a: Club Classics|100/100|[from] item: Leftovers
|upkeep
|turn|116
|
|t:|1730235415
|move|p2a: Jirachi|Fire Punch|p1a: Club Classics
|-damage|p1a: Club Classics|88/100
|move|p1a: Club Classics|Thunderbolt|p2a: Jirachi
|-damage|p2a: Jirachi|51/100
|
|-weather|Sandstorm|[upkeep]
|-damage|p1a: Club Classics|81/100|[from] Sandstorm
|-heal|p2a: Jirachi|57/100|[from] item: Leftovers
|-heal|p1a: Club Classics|88/100|[from] item: Leftovers
|upkeep
|turn|117
|inactive|oopsalldeoxys has 240 seconds left.
|
|t:|1730235427
|switch|p1a: B2b|Moltres|70/100 tox
|move|p2a: Jirachi|Protect||[still]
|-fail|p2a: Jirachi
|
|-weather|Sandstorm|[upkeep]
|-damage|p1a: B2b|64/100 tox|[from] Sandstorm
|-heal|p2a: Jirachi|63/100|[from] item: Leftovers
|-heal|p1a: B2b|70/100 tox|[from] item: Leftovers
|-damage|p1a: B2b|64/100 tox|[from] psn
|upkeep
|turn|118
|
|t:|1730235432
|switch|p2a: Blissey|Blissey, F|84/100
|move|p1a: B2b|Fire Blast|p2a: Blissey
|-damage|p2a: Blissey|57/100
|
|-weather|Sandstorm|[upkeep]
|-damage|p1a: B2b|58/100 tox|[from] Sandstorm
|-damage|p2a: Blissey|51/100|[from] Sandstorm
|-heal|p1a: B2b|64/100 tox|[from] item: Leftovers
|-damage|p1a: B2b|52/100 tox|[from] psn
|-heal|p2a: Blissey|57/100|[from] item: Leftovers
|upkeep
|turn|119
|
|t:|1730235437
|switch|p1a: Von Dutch|Jirachi|100/100
|move|p2a: Blissey|Soft-Boiled|p2a: Blissey
|-heal|p2a: Blissey|100/100
|
|-weather|Sandstorm|[upkeep]
|-damage|p2a: Blissey|94/100|[from] Sandstorm
|-heal|p2a: Blissey|100/100|[from] item: Leftovers
|upkeep
|turn|120
|
|t:|1730235442
|move|p1a: Von Dutch|Wish|p1a: Von Dutch
|move|p2a: Blissey|Seismic Toss|p1a: Von Dutch
|-damage|p1a: Von Dutch|76/100
|
|-weather|Sandstorm|[upkeep]
|-damage|p2a: Blissey|94/100|[from] Sandstorm
|-heal|p1a: Von Dutch|82/100|[from] item: Leftovers
|-heal|p2a: Blissey|100/100|[from] item: Leftovers
|upkeep
|turn|121
|
|t:|1730235455
|switch|p1a: B2b|Moltres|52/100 tox
|switch|p2a: Salamence|Salamence, M|57/100
|-ability|p2a: Salamence|Intimidate|boost
|-unboost|p1a: B2b|atk|1
|
|-heal|p1a: B2b|100/100 tox|[from] move: Wish|[wisher] Von Dutch
|-weather|Sandstorm|[upkeep]
|-damage|p2a: Salamence|51/100|[from] Sandstorm
|-damage|p1a: B2b|94/100 tox|[from] Sandstorm
|-heal|p2a: Salamence|57/100|[from] item: Leftovers
|-heal|p1a: B2b|100/100 tox|[from] item: Leftovers
|-damage|p1a: B2b|94/100 tox|[from] psn
|upkeep
|turn|122
|
|t:|1730235465
|switch|p1a: Talk talk|Flygon, F, shiny|100/100
|move|p2a: Salamence|Earthquake|p1a: Talk talk
|-immune|p1a: Talk talk
|
|-weather|Sandstorm|[upkeep]
|-damage|p2a: Salamence|51/100|[from] Sandstorm
|-heal|p2a: Salamence|57/100|[from] item: Leftovers
|upkeep
|turn|123
|
|t:|1730235475
|switch|p2a: Claydol|Claydol|92/100 tox
|move|p1a: Talk talk|Toxic|p2a: Claydol
|-fail|p2a: Claydol|tox
|
|-weather|Sandstorm|[upkeep]
|-heal|p2a: Claydol|98/100 tox|[from] item: Leftovers
|-damage|p2a: Claydol|92/100 tox|[from] psn
|upkeep
|turn|124
|
|t:|1730235481
|switch|p1a: Von Dutch|Jirachi|82/100
|switch|p2a: Blissey|Blissey, F|100/100
|
|-weather|Sandstorm|[upkeep]
|-damage|p2a: Blissey|94/100|[from] Sandstorm
|-heal|p1a: Von Dutch|88/100|[from] item: Leftovers
|-heal|p2a: Blissey|100/100|[from] item: Leftovers
|upkeep
|turn|125
|c|☆oopsalldeoxys|im legit just watching pge atp 
|inactive|oopsalldeoxys has 270 seconds left.
|
|t:|1730235538
|switch|p2a: Suicune|Suicune|77/100
|move|p1a: Von Dutch|Toxic|p2a: Suicune
|-status|p2a: Suicune|tox
|
|-weather|Sandstorm|[upkeep]
|-damage|p2a: Suicune|71/100 tox|[from] Sandstorm
|-heal|p1a: Von Dutch|94/100|[from] item: Leftovers
|-heal|p2a: Suicune|77/100 tox|[from] item: Leftovers
|-damage|p2a: Suicune|71/100 tox|[from] psn
|upkeep
|turn|126
|
|t:|1730235547
|switch|p1a: Club Classics|Zapdos|88/100
|move|p2a: Suicune|Calm Mind|p2a: Suicune
|-boost|p2a: Suicune|spa|1
|-boost|p2a: Suicune|spd|1
|
|-weather|Sandstorm|[upkeep]
|-damage|p1a: Club Classics|81/100|[from] Sandstorm
|-damage|p2a: Suicune|65/100 tox|[from] Sandstorm
|-heal|p1a: Club Classics|88/100|[from] item: Leftovers
|-heal|p2a: Suicune|71/100 tox|[from] item: Leftovers
|-damage|p2a: Suicune|58/100 tox|[from] psn
|upkeep
|turn|127
|
|t:|1730235555
|switch|p1a: B2b|Moltres|94/100 tox
|switch|p2a: Claydol|Claydol|92/100 tox
|
|-weather|Sandstorm|[upkeep]
|-damage|p1a: B2b|88/100 tox|[from] Sandstorm
|-heal|p1a: B2b|94/100 tox|[from] item: Leftovers
|-damage|p1a: B2b|88/100 tox|[from] psn
|-heal|p2a: Claydol|98/100 tox|[from] item: Leftovers
|-damage|p2a: Claydol|92/100 tox|[from] psn
|upkeep
|turn|128
|
|t:|1730235562
|switch|p1a: Von Dutch|Jirachi|94/100
|move|p2a: Claydol|Rock Slide|p1a: Von Dutch
|-resisted|p1a: Von Dutch
|-damage|p1a: Von Dutch|87/100
|
|-weather|Sandstorm|[upkeep]
|-heal|p1a: Von Dutch|93/100|[from] item: Leftovers
|-heal|p2a: Claydol|98/100 tox|[from] item: Leftovers
|-damage|p2a: Claydol|85/100 tox|[from] psn
|upkeep
|turn|129
|inactive|oopsalldeoxys has 270 seconds left.
|
|t:|1730235593
|switch|p2a: Suicune|Suicune|58/100 tox
|move|p1a: Von Dutch|Fire Punch|p2a: Suicune
|-resisted|p2a: Suicune
|-damage|p2a: Suicune|51/100 tox
|
|-weather|Sandstorm|[upkeep]
|-damage|p2a: Suicune|45/100 tox|[from] Sandstorm
|-heal|p1a: Von Dutch|99/100|[from] item: Leftovers
|-heal|p2a: Suicune|51/100 tox|[from] item: Leftovers
|-damage|p2a: Suicune|45/100 tox|[from] psn
|upkeep
|turn|130
|
|t:|1730235597
|switch|p1a: Club Classics|Zapdos|88/100
|move|p2a: Suicune|Rest|p2a: Suicune
|-status|p2a: Suicune|slp|[from] move: Rest
|-heal|p2a: Suicune|100/100 slp|[silent]
|
|-weather|Sandstorm|[upkeep]
|-damage|p1a: Club Classics|81/100|[from] Sandstorm
|-damage|p2a: Suicune|94/100 slp|[from] Sandstorm
|-heal|p1a: Club Classics|88/100|[from] item: Leftovers
|-heal|p2a: Suicune|100/100 slp|[from] item: Leftovers
|upkeep
|turn|131
|
|t:|1730235614
|switch|p1a: B2b|Moltres|88/100 tox
|switch|p2a: Claydol|Claydol|85/100 tox
|
|-weather|Sandstorm|[upkeep]
|-damage|p1a: B2b|82/100 tox|[from] Sandstorm
|-heal|p1a: B2b|88/100 tox|[from] item: Leftovers
|-damage|p1a: B2b|82/100 tox|[from] psn
|-heal|p2a: Claydol|92/100 tox|[from] item: Leftovers
|-damage|p2a: Claydol|85/100 tox|[from] psn
|upkeep
|turn|132
|
|t:|1730235624
|switch|p1a: Club Classics|Zapdos|88/100
|switch|p2a: Blissey|Blissey, F|100/100
|
|-weather|Sandstorm|[upkeep]
|-damage|p1a: Club Classics|81/100|[from] Sandstorm
|-damage|p2a: Blissey|94/100|[from] Sandstorm
|-heal|p1a: Club Classics|88/100|[from] item: Leftovers
|-heal|p2a: Blissey|100/100|[from] item: Leftovers
|upkeep
|turn|133
|
|t:|1730235639
|move|p2a: Blissey|Seismic Toss|p1a: Club Classics
|-damage|p1a: Club Classics|62/100
|move|p1a: Club Classics|Roar|p2a: Blissey
|drag|p2a: Claydol|Claydol|85/100 tox
|
|-weather|Sandstorm|[upkeep]
|-damage|p1a: Club Classics|55/100|[from] Sandstorm
|-heal|p1a: Club Classics|62/100|[from] item: Leftovers
|-heal|p2a: Claydol|92/100 tox|[from] item: Leftovers
|-damage|p2a: Claydol|85/100 tox|[from] psn
|upkeep
|turn|134
|
|t:|1730235661
|switch|p1a: Von Dutch|Jirachi|99/100
|switch|p2a: Suicune|Suicune|100/100 slp
|
|-weather|Sandstorm|[upkeep]
|-damage|p2a: Suicune|94/100 slp|[from] Sandstorm
|-heal|p1a: Von Dutch|100/100|[from] item: Leftovers
|-heal|p2a: Suicune|100/100 slp|[from] item: Leftovers
|upkeep
|turn|135
|
|t:|1730235673
|move|p1a: Von Dutch|Wish|p1a: Von Dutch
|cant|p2a: Suicune|slp
|
|-weather|Sandstorm|[upkeep]
|-damage|p2a: Suicune|94/100 slp|[from] Sandstorm
|-heal|p2a: Suicune|100/100 slp|[from] item: Leftovers
|upkeep
|turn|136
|
|t:|1730235684
|switch|p1a: Club Classics|Zapdos|62/100
|switch|p2a: Blissey|Blissey, F|100/100
|
|-heal|p1a: Club Classics|100/100|[from] move: Wish|[wisher] Von Dutch
|-weather|Sandstorm|[upkeep]
|-damage|p1a: Club Classics|94/100|[from] Sandstorm
|-damage|p2a: Blissey|94/100|[from] Sandstorm
|-heal|p1a: Club Classics|100/100|[from] item: Leftovers
|-heal|p2a: Blissey|100/100|[from] item: Leftovers
|upkeep
|turn|137
|
|t:|1730235696
|switch|p2a: Claydol|Claydol|85/100 tox
|move|p1a: Club Classics|Roar|p2a: Claydol
|drag|p2a: Suicune|Suicune|100/100 slp
|
|-weather|Sandstorm|[upkeep]
|-damage|p1a: Club Classics|94/100|[from] Sandstorm
|-damage|p2a: Suicune|94/100 slp|[from] Sandstorm
|-heal|p1a: Club Classics|100/100|[from] item: Leftovers
|-heal|p2a: Suicune|100/100 slp|[from] item: Leftovers
|upkeep
|turn|138
|
|t:|1730235710
|switch|p2a: Claydol|Claydol|85/100 tox
|move|p1a: Club Classics|Roar|p2a: Claydol
|drag|p2a: Tyranitar|Tyranitar, M|34/100
|
|-weather|Sandstorm|[upkeep]
|-damage|p1a: Club Classics|94/100|[from] Sandstorm
|-heal|p1a: Club Classics|100/100|[from] item: Leftovers
|upkeep
|turn|139
|
|t:|1730235732
|switch|p1a: Von Dutch|Jirachi|100/100
|switch|p2a: Blissey|Blissey, F|100/100
|
|-weather|Sandstorm|[upkeep]
|-damage|p2a: Blissey|94/100|[from] Sandstorm
|-heal|p2a: Blissey|100/100|[from] item: Leftovers
|upkeep
|turn|140
|
|t:|1730235750
|switch|p2a: Jirachi|Jirachi|63/100
|move|p1a: Von Dutch|Fire Punch|p2a: Jirachi
|-supereffective|p2a: Jirachi
|-damage|p2a: Jirachi|33/100
|
|-weather|Sandstorm|[upkeep]
|-heal|p2a: Jirachi|39/100|[from] item: Leftovers
|upkeep
|turn|141
|
|t:|1730235756
|move|p2a: Jirachi|Protect|p2a: Jirachi
|-singleturn|p2a: Jirachi|Protect
|move|p1a: Von Dutch|Fire Punch|p2a: Jirachi
|-activate|p2a: Jirachi|Protect
|
|-weather|Sandstorm|[upkeep]
|-heal|p2a: Jirachi|45/100|[from] item: Leftovers
|upkeep
|turn|142
|
|t:|1730235763
|move|p2a: Jirachi|Wish|p2a: Jirachi
|move|p1a: Von Dutch|Fire Punch|p2a: Jirachi
|-supereffective|p2a: Jirachi
|-damage|p2a: Jirachi|16/100
|
|-weather|Sandstorm|[upkeep]
|-heal|p2a: Jirachi|22/100|[from] item: Leftovers
|upkeep
|turn|143
|inactive|oopsalldeoxys has 270 seconds left.
|
|t:|1730235774
|move|p2a: Jirachi|Protect|p2a: Jirachi
|-singleturn|p2a: Jirachi|Protect
|move|p1a: Von Dutch|Protect||[still]
|-fail|p1a: Von Dutch
|
|-heal|p2a: Jirachi|72/100|[from] move: Wish|[wisher] Jirachi
|-weather|Sandstorm|[upkeep]
|-heal|p2a: Jirachi|78/100|[from] item: Leftovers
|upkeep
|turn|144
|
|t:|1730235785
|move|p2a: Jirachi|Toxic|p1a: Von Dutch
|-immune|p1a: Von Dutch
|move|p1a: Von Dutch|Fire Punch|p2a: Jirachi
|-supereffective|p2a: Jirachi
|-damage|p2a: Jirachi|50/100
|
|-weather|Sandstorm|[upkeep]
|-heal|p2a: Jirachi|57/100|[from] item: Leftovers
|upkeep
|turn|145
|
|t:|1730235791
|move|p2a: Jirachi|Protect|p2a: Jirachi
|-singleturn|p2a: Jirachi|Protect
|move|p1a: Von Dutch|Fire Punch|p2a: Jirachi
|-activate|p2a: Jirachi|Protect
|
|-weather|Sandstorm|[upkeep]
|-heal|p2a: Jirachi|63/100|[from] item: Leftovers
|upkeep
|turn|146
|
|t:|1730235796
|switch|p2a: Blissey|Blissey, F|100/100
|move|p1a: Von Dutch|Fire Punch|p2a: Blissey
|-damage|p2a: Blissey|94/100
|
|-weather|Sandstorm|[upkeep]
|-damage|p2a: Blissey|88/100|[from] Sandstorm
|-heal|p2a: Blissey|94/100|[from] item: Leftovers
|upkeep
|turn|147
|
|t:|1730235802
|switch|p1a: B2b|Moltres|82/100 tox
|switch|p2a: Suicune|Suicune|100/100 slp
|
|-weather|Sandstorm|[upkeep]
|-damage|p1a: B2b|76/100 tox|[from] Sandstorm
|-damage|p2a: Suicune|94/100 slp|[from] Sandstorm
|-heal|p1a: B2b|82/100 tox|[from] item: Leftovers
|-damage|p1a: B2b|76/100 tox|[from] psn
|-heal|p2a: Suicune|100/100 slp|[from] item: Leftovers
|upkeep
|turn|148
|
|t:|1730235806
|switch|p1a: Club Classics|Zapdos|100/100
|cant|p2a: Suicune|slp
|
|-weather|Sandstorm|[upkeep]
|-damage|p1a: Club Classics|94/100|[from] Sandstorm
|-damage|p2a: Suicune|94/100 slp|[from] Sandstorm
|-heal|p1a: Club Classics|100/100|[from] item: Leftovers
|-heal|p2a: Suicune|100/100 slp|[from] item: Leftovers
|upkeep
|turn|149
|
|t:|1730235813
|switch|p1a: B2b|Moltres|76/100 tox
|switch|p2a: Claydol|Claydol|85/100 tox
|
|-weather|Sandstorm|[upkeep]
|-damage|p1a: B2b|70/100 tox|[from] Sandstorm
|-heal|p1a: B2b|76/100 tox|[from] item: Leftovers
|-damage|p1a: B2b|70/100 tox|[from] psn
|-heal|p2a: Claydol|92/100 tox|[from] item: Leftovers
|-damage|p2a: Claydol|85/100 tox|[from] psn
|upkeep
|turn|150
|inactive|oopsalldeoxys has 270 seconds left.
|
|t:|1730235843
|switch|p1a: Von Dutch|Jirachi|100/100
|move|p2a: Claydol|Rock Slide|p1a: Von Dutch
|-resisted|p1a: Von Dutch
|-damage|p1a: Von Dutch|93/100
|
|-weather|Sandstorm|[upkeep]
|-heal|p1a: Von Dutch|99/100|[from] item: Leftovers
|-heal|p2a: Claydol|92/100 tox|[from] item: Leftovers
|-damage|p2a: Claydol|79/100 tox|[from] psn
|upkeep
|turn|151
|
|t:|1730235853
|move|p1a: Von Dutch|Toxic|p2a: Claydol
|-fail|p2a: Claydol|tox
|move|p2a: Claydol|Earthquake|p1a: Von Dutch
|-supereffective|p1a: Von Dutch
|-damage|p1a: Von Dutch|38/100
|
|-weather|Sandstorm|[upkeep]
|-heal|p1a: Von Dutch|44/100|[from] item: Leftovers
|-heal|p2a: Claydol|85/100 tox|[from] item: Leftovers
|-damage|p2a: Claydol|67/100 tox|[from] psn
|upkeep
|turn|152
|
|t:|1730235876
|switch|p2a: Jirachi|Jirachi|63/100
|move|p1a: Von Dutch|Protect||[still]
|-fail|p1a: Von Dutch
|
|-weather|Sandstorm|[upkeep]
|-heal|p2a: Jirachi|69/100|[from] item: Leftovers
|-heal|p1a: Von Dutch|50/100|[from] item: Leftovers
|upkeep
|turn|153
|
|t:|1730235881
|move|p2a: Jirachi|Fire Punch|p1a: Von Dutch
|-supereffective|p1a: Von Dutch
|-crit|p1a: Von Dutch
|-damage|p1a: Von Dutch|6/100
|move|p1a: Von Dutch|Wish|p1a: Von Dutch
|
|-weather|Sandstorm|[upkeep]
|-heal|p2a: Jirachi|75/100|[from] item: Leftovers
|-heal|p1a: Von Dutch|12/100|[from] item: Leftovers
|upkeep
|turn|154
|inactive|FaceOFF3141 has 270 seconds left.
|
|t:|1730235933
|switch|p2a: Suicune|Suicune|100/100 slp
|move|p1a: Von Dutch|Protect||[still]
|-fail|p1a: Von Dutch
|
|-heal|p1a: Von Dutch|62/100|[from] move: Wish|[wisher] Von Dutch
|-weather|Sandstorm|[upkeep]
|-damage|p2a: Suicune|94/100 slp|[from] Sandstorm
|-heal|p1a: Von Dutch|69/100|[from] item: Leftovers
|-heal|p2a: Suicune|100/100 slp|[from] item: Leftovers
|upkeep
|turn|155
|
|t:|1730235948
|switch|p1a: Club Classics|Zapdos|100/100
|switch|p2a: Jirachi|Jirachi|75/100
|
|-weather|Sandstorm|[upkeep]
|-damage|p1a: Club Classics|94/100|[from] Sandstorm
|-heal|p2a: Jirachi|81/100|[from] item: Leftovers
|-heal|p1a: Club Classics|100/100|[from] item: Leftovers
|upkeep
|turn|156
|
|t:|1730235956
|switch|p2a: Claydol|Claydol|67/100 tox
|switch|p1a: B2b|Moltres|70/100 tox
|
|-weather|Sandstorm|[upkeep]
|-damage|p1a: B2b|64/100 tox|[from] Sandstorm
|-heal|p1a: B2b|70/100 tox|[from] item: Leftovers
|-damage|p1a: B2b|64/100 tox|[from] psn
|-heal|p2a: Claydol|73/100 tox|[from] item: Leftovers
|-damage|p2a: Claydol|67/100 tox|[from] psn
|upkeep
|turn|157
|
|t:|1730235968
|switch|p2a: Blissey|Blissey, F|94/100
|move|p1a: B2b|Fire Blast|p2a: Blissey
|-damage|p2a: Blissey|68/100
|
|-weather|Sandstorm|[upkeep]
|-damage|p1a: B2b|58/100 tox|[from] Sandstorm
|-damage|p2a: Blissey|61/100|[from] Sandstorm
|-heal|p1a: B2b|64/100 tox|[from] item: Leftovers
|-damage|p1a: B2b|52/100 tox|[from] psn
|-heal|p2a: Blissey|68/100|[from] item: Leftovers
|upkeep
|turn|158
|
|t:|1730235978
|switch|p1a: Von Dutch|Jirachi|69/100
|switch|p2a: Suicune|Suicune|100/100 slp
|
|-weather|Sandstorm|[upkeep]
|-damage|p2a: Suicune|94/100 slp|[from] Sandstorm
|-heal|p1a: Von Dutch|75/100|[from] item: Leftovers
|-heal|p2a: Suicune|100/100 slp|[from] item: Leftovers
|upkeep
|turn|159
|
|t:|1730235991
|switch|p1a: Club Classics|Zapdos|100/100
|switch|p2a: Jirachi|Jirachi|81/100
|
|-weather|Sandstorm|[upkeep]
|-damage|p1a: Club Classics|94/100|[from] Sandstorm
|-heal|p2a: Jirachi|88/100|[from] item: Leftovers
|-heal|p1a: Club Classics|100/100|[from] item: Leftovers
|upkeep
|turn|160
|
|t:|1730236020
|switch|p2a: Claydol|Claydol|67/100 tox
|switch|p1a: B2b|Moltres|52/100 tox
|
|-weather|Sandstorm|[upkeep]
|-damage|p1a: B2b|45/100 tox|[from] Sandstorm
|-heal|p1a: B2b|52/100 tox|[from] item: Leftovers
|-damage|p1a: B2b|45/100 tox|[from] psn
|-heal|p2a: Claydol|73/100 tox|[from] item: Leftovers
|-damage|p2a: Claydol|67/100 tox|[from] psn
|upkeep
|turn|161
|
|t:|1730236036
|switch|p2a: Suicune|Suicune|100/100 slp
|move|p1a: B2b|Hidden Power|p2a: Suicune
|-damage|p2a: Suicune|91/100 slp
|
|-weather|Sandstorm|[upkeep]
|-damage|p1a: B2b|39/100 tox|[from] Sandstorm
|-damage|p2a: Suicune|84/100 slp|[from] Sandstorm
|-heal|p1a: B2b|45/100 tox|[from] item: Leftovers
|-damage|p1a: B2b|33/100 tox|[from] psn
|-heal|p2a: Suicune|91/100 slp|[from] item: Leftovers
|upkeep
|turn|162
|inactive|FaceOFF3141 has 240 seconds left.
|
|t:|1730236060
|switch|p1a: Club Classics|Zapdos|100/100
|switch|p2a: Blissey|Blissey, F|68/100
|
|-weather|Sandstorm|[upkeep]
|-damage|p1a: Club Classics|94/100|[from] Sandstorm
|-damage|p2a: Blissey|61/100|[from] Sandstorm
|-heal|p1a: Club Classics|100/100|[from] item: Leftovers
|-heal|p2a: Blissey|68/100|[from] item: Leftovers
|upkeep
|turn|163
|inactive|FaceOFF3141 has 240 seconds left.
|
|t:|1730236075
|switch|p1a: Von Dutch|Jirachi|75/100
|switch|p2a: Claydol|Claydol|67/100 tox
|
|-weather|Sandstorm|[upkeep]
|-heal|p1a: Von Dutch|81/100|[from] item: Leftovers
|-heal|p2a: Claydol|73/100 tox|[from] item: Leftovers
|-damage|p2a: Claydol|67/100 tox|[from] psn
|upkeep
|turn|164
|
|t:|1730236087
|move|p1a: Von Dutch|Fire Punch|p2a: Claydol
|-damage|p2a: Claydol|50/100 tox
|move|p2a: Claydol|Earthquake|p1a: Von Dutch
|-supereffective|p1a: Von Dutch
|-damage|p1a: Von Dutch|20/100
|
|-weather|Sandstorm|[upkeep]
|-heal|p1a: Von Dutch|26/100|[from] item: Leftovers
|-heal|p2a: Claydol|56/100 tox|[from] item: Leftovers
|-damage|p2a: Claydol|44/100 tox|[from] psn
|upkeep
|turn|165
|
|t:|1730236093
|switch|p2a: Jirachi|Jirachi|88/100
|move|p1a: Von Dutch|Protect||[still]
|-fail|p1a: Von Dutch
|
|-weather|Sandstorm|[upkeep]
|-heal|p2a: Jirachi|94/100|[from] item: Leftovers
|-heal|p1a: Von Dutch|32/100|[from] item: Leftovers
|upkeep
|turn|166
|
|t:|1730236099
|switch|p1a: Club Classics|Zapdos|100/100
|move|p2a: Jirachi|Fire Punch|p1a: Club Classics
|-damage|p1a: Club Classics|88/100
|
|-weather|Sandstorm|[upkeep]
|-damage|p1a: Club Classics|82/100|[from] Sandstorm
|-heal|p2a: Jirachi|99/100|[from] item: Leftovers
|-heal|p1a: Club Classics|88/100|[from] item: Leftovers
|upkeep
|turn|167
|
|t:|1730236105
|move|p2a: Jirachi|Wish|p2a: Jirachi
|move|p1a: Club Classics|Thunderbolt|p2a: Jirachi
|-damage|p2a: Jirachi|68/100
|
|-weather|Sandstorm|[upkeep]
|-damage|p1a: Club Classics|82/100|[from] Sandstorm
|-heal|p2a: Jirachi|74/100|[from] item: Leftovers
|-heal|p1a: Club Classics|88/100|[from] item: Leftovers
|upkeep
|turn|168
|inactive|FaceOFF3141 has 270 seconds left.
|
|t:|1730236115
|switch|p1a: Von Dutch|Jirachi|32/100
|move|p2a: Jirachi|Toxic|p1a: Von Dutch
|-immune|p1a: Von Dutch
|
|-heal|p2a: Jirachi|100/100|[from] move: Wish|[wisher] Jirachi
|-weather|Sandstorm|[upkeep]
|-heal|p1a: Von Dutch|38/100|[from] item: Leftovers
|upkeep
|turn|169
|
|t:|1730236122
|switch|p2a: Suicune|Suicune|91/100 slp
|move|p1a: Von Dutch|Protect||[still]
|-fail|p1a: Von Dutch
|
|-weather|Sandstorm|[upkeep]
|-damage|p2a: Suicune|84/100 slp|[from] Sandstorm
|-heal|p1a: Von Dutch|44/100|[from] item: Leftovers
|-heal|p2a: Suicune|91/100 slp|[from] item: Leftovers
|upkeep
|turn|170
|
|t:|1730236134
|move|p1a: Von Dutch|Wish|p1a: Von Dutch
|-curestatus|p2a: Suicune|slp|[msg]
|move|p2a: Suicune|Calm Mind|p2a: Suicune
|-boost|p2a: Suicune|spa|1
|-boost|p2a: Suicune|spd|1
|
|-weather|Sandstorm|[upkeep]
|-damage|p2a: Suicune|84/100|[from] Sandstorm
|-heal|p1a: Von Dutch|50/100|[from] item: Leftovers
|-heal|p2a: Suicune|91/100|[from] item: Leftovers
|upkeep
|turn|171
|
|t:|1730236139
|switch|p1a: Club Classics|Zapdos|88/100
|move|p2a: Suicune|Calm Mind|p2a: Suicune
|-boost|p2a: Suicune|spa|1
|-boost|p2a: Suicune|spd|1
|
|-heal|p1a: Club Classics|100/100|[from] move: Wish|[wisher] Von Dutch
|-weather|Sandstorm|[upkeep]
|-damage|p1a: Club Classics|94/100|[from] Sandstorm
|-damage|p2a: Suicune|84/100|[from] Sandstorm
|-heal|p1a: Club Classics|100/100|[from] item: Leftovers
|-heal|p2a: Suicune|91/100|[from] item: Leftovers
|upkeep
|turn|172
|
|t:|1730236153
|move|p2a: Suicune|Surf|p1a: Club Classics
|-damage|p1a: Club Classics|56/100
|move|p1a: Club Classics|Roar|p2a: Suicune
|drag|p2a: Blissey|Blissey, F|68/100
|
|-weather|Sandstorm|[upkeep]
|-damage|p1a: Club Classics|50/100|[from] Sandstorm
|-damage|p2a: Blissey|61/100|[from] Sandstorm
|-heal|p1a: Club Classics|56/100|[from] item: Leftovers
|-heal|p2a: Blissey|68/100|[from] item: Leftovers
|upkeep
|turn|173
|
|t:|1730236168
|switch|p1a: Von Dutch|Jirachi|50/100
|move|p2a: Blissey|Ice Beam|p1a: Von Dutch
|-resisted|p1a: Von Dutch
|-crit|p1a: Von Dutch
|-damage|p1a: Von Dutch|36/100
|
|-weather|Sandstorm|[upkeep]
|-damage|p2a: Blissey|61/100|[from] Sandstorm
|-heal|p1a: Von Dutch|42/100|[from] item: Leftovers
|-heal|p2a: Blissey|68/100|[from] item: Leftovers
|upkeep
|turn|174
|
|t:|1730236179
|move|p1a: Von Dutch|Wish|p1a: Von Dutch
|move|p2a: Blissey|Seismic Toss|p1a: Von Dutch
|-damage|p1a: Von Dutch|17/100
|
|-weather|Sandstorm|[upkeep]
|-damage|p2a: Blissey|61/100|[from] Sandstorm
|-heal|p1a: Von Dutch|23/100|[from] item: Leftovers
|-heal|p2a: Blissey|68/100|[from] item: Leftovers
|upkeep
|turn|175
|
|t:|1730236189
|move|p1a: Von Dutch|Toxic|p2a: Blissey
|-status|p2a: Blissey|tox
|move|p2a: Blissey|Seismic Toss|p1a: Von Dutch
|-damage|p1a: Von Dutch|0 fnt
|faint|p1a: Von Dutch
|-message|oopsalldeoxys forfeited.
|
|win|FaceOFF3141
|player|p1|
|c|☆FaceOFF3141|gg
|c|☆FaceOFF3141|sorry for the long drawn out game
|player|p1|oopsalldeoxys|pokekid|

</script>
<script type="application/json" class="data" id="replaydata-smogtours-gen3ou-803321">
{"id":"smogtours-gen3ou-803321","format":"[Gen 3] OU","players":["oopsalldeoxys","FaceOFF3141"],"uploadtime":1730236195,"views":53,"formatid":"gen3ou","rating":null,"private":0,"password":null}
</script>

<script defer src="js/replays.js?9d40a366"></script>
