<!DOCTYPE html>
<meta charset="utf-8" />
<meta name="viewport" content="width=device-width" />

<title>[Gen 3] OU: Christos vs. Janis105 - Replays - Pok&eacute;mon Showdown!</title>

<meta name="description" content="Watch a replay of a Pok&eacute;mon battle between Christos and Janis105! Format: [Gen 3] OU; Date: Oct 14, 2024" />
<!--

Hey, you! Looking in the source for the replay log?

You can find them in JSON format, just add `.json` at the end of a replay URL.

https://replay.pokemonshowdown.com/gen7randomdoublesbattle-865046831.json

Or, if you only need the log itself, add `.log` instead:

https://replay.pokemonshowdown.com/gen7randomdoublesbattle-865046831.log

-->

<link rel="stylesheet" href="//pokemonshowdown.com/style/global.css?0.767286132409787" />
<link rel="stylesheet" href="//play.pokemonshowdown.com/style/font-awesome.css?0.9266228007934947" />
<link rel="stylesheet" href="//play.pokemonshowdown.com/style/battle.css?0.7924700842790926" />
<link rel="stylesheet" href="//play.pokemonshowdown.com/style/utilichart.css?0.8777417872839479" />

<!-- Global site tag (gtag.js) - Google Analytics -->
<script async src="https://www.googletagmanager.com/gtag/js?id=UA-26211653-1"></script>
<script>
  window.dataLayer = window.dataLayer || [];
  function gtag(){dataLayer.push(arguments);}
  gtag('js', new Date());

  gtag('config', 'UA-26211653-1');
</script>
<!-- End Google Analytics -->
<!-- Venatus Ad Manager - Install in <HEAD> of page -->
	<script src="https://hb.vntsm.com/v3/live/ad-manager.min.js" type="text/javascript" data-site-id="642aba63ec9a7b11c3c9c1be" data-mode="scan" async></script>
<!-- / Venatus Ad Manager -->

<style>
	@media (max-width:820px) {
		.battle {
			margin: 0 auto;
		}
		.battle-log {
			margin: 7px auto 0;
			max-width: 640px;
			height: 300px;
			position: static;
		}
	}
	.optgroup {
		display: inline-block;
		line-height: 22px;
		font-size: 10pt;
	}
	.optgroup .button {
		height: 25px;
		padding-top: 0;
		padding-bottom: 0;
	}
	.optgroup button.button {
		padding-left: 12px;
		padding-right: 12px;
	}
	.linklist {
		list-style: none;
		margin: 0.5em 0;
		padding: 0;
	}
	.linklist li {
		padding: 2px 0;
	}
	.sidebar {
		float: left;
		width: 320px;
	}
	.bar-wrapper {
		max-width: 1100px;
		margin: 0 auto;
	}
	.bar-wrapper.has-sidebar {
		max-width: 1430px;
	}
	.mainbar {
		margin: 0;
		padding-right: 1px;
	}
	.mainbar.has-sidebar {
		margin-left: 330px;
	}
	@media (min-width: 1511px) {
		.sidebar {
			width: 400px;
		}
		.bar-wrapper.has-sidebar {
			max-width: 1510px;
		}
		.mainbar.has-sidebar {
			margin-left: 410px;
		}
	}
	.section.first-section {
		margin-top: 9px;
	}
	.blocklink small {
		white-space: normal;
	}
	.button {
		vertical-align: middle;
	}
	.replay-controls {
		padding-top: 10px;
	}
	.replay-controls h1 {
		font-size: 16pt;
		font-weight: normal;
		color: #CCC;
	}
	.pagelink {
		text-align: center;
	}
	.pagelink a {
		width: 150px;
	}
	.textbox, .button {
		font-size: 11pt;
		vertical-align: middle;
	}
	@media (max-width: 450px) {
		.button {
			font-size: 9pt;
		}
	}
</style>

<div>

	<header>
		<div class="nav-wrapper"><ul class="nav">
			<li><a class="button nav-first" href="//pokemonshowdown.com/"><img src="//pokemonshowdown.com/images/pokemonshowdownbeta.png" srcset="//pokemonshowdown.com/images/pokemonshowdownbeta.png 1x, //pokemonshowdown.com/images/pokemonshowdownbeta@2x.png 2x" alt="Pok&eacute;mon Showdown" width="146" height="44" /> Home</a></li>
			<li><a class="button" href="//pokemonshowdown.com/dex/">Pok&eacute;dex</a></li>
			<li><a class="button cur" href="/">Replays</a></li>
			<li><a class="button" href="//pokemonshowdown.com/ladder/">Ladder</a></li>
			<li><a class="button nav-last" href="//pokemonshowdown.com/forums/">Forum</a></li>
			<li><a class="button greenbutton nav-first nav-last" href="//play.pokemonshowdown.com/">Play</a></li>
		</ul></div>
	</header>

	<div class="main" id="main">

		<noscript><section class="section">You need to enable JavaScript to use this page; sorry!</section></noscript>

	</div>

</div>

<script defer nomodule src="//play.pokemonshowdown.com/js/lib/ps-polyfill.js"></script>
<script defer src="//play.pokemonshowdown.com/js/lib/preact.min.js"></script>

<script defer src="//play.pokemonshowdown.com/config/config.js?6dec07f6"></script>
<script defer src="//play.pokemonshowdown.com/js/lib/jquery-1.11.0.min.js"></script>
<script defer src="//play.pokemonshowdown.com/js/lib/html-sanitizer-minified.js"></script>
<script defer src="//play.pokemonshowdown.com/js/battle-sound.js"></script>
<script defer src="//play.pokemonshowdown.com/js/battledata.js?0.6315294753075389"></script>
<script defer src="//play.pokemonshowdown.com/data/pokedex-mini.js?0.7603743185311358"></script>
<script defer src="//play.pokemonshowdown.com/data/pokedex-mini-bw.js?0.030888842834281283"></script>
<script defer src="//play.pokemonshowdown.com/data/graphics.js?0.05593094747507488"></script>
<script defer src="//play.pokemonshowdown.com/data/pokedex.js?0.47064822249611904"></script>
<script defer src="//play.pokemonshowdown.com/data/moves.js?0.8583693120512459"></script>
<script defer src="//play.pokemonshowdown.com/data/abilities.js?0.16017181182386842"></script>
<script defer src="//play.pokemonshowdown.com/data/items.js?0.4163379185673943"></script>
<script defer src="//play.pokemonshowdown.com/data/teambuilder-tables.js?0.31075597372830477"></script>
<script defer src="//play.pokemonshowdown.com/js/battle-tooltips.js?0.6536193500708172"></script>
<script defer src="//play.pokemonshowdown.com/js/battle.js?0.1916591943277901"></script>

<script defer src="js/utils.js?e31f9a17"></script>
<script defer src="js/replays-battle.js?7008c182"></script>

<!-- don't scrape this data! just add .json or .log after the URL!
Full API docs: https://github.com/smogon/pokemon-showdown-client/blob/master/WEB-API.md -->
<script type="text/plain" class="log" id="replaylog-smogtours-gen3ou-798614">
|inactive|Battle timer is ON: inactive players will automatically lose when time's up.
|t:|1728894889
|gametype|singles
|player|p1|Christos|boarder|
|player|p2|Janis105|101|
|teamsize|p1|6
|teamsize|p2|6
|gen|3
|tier|[Gen 3] OU
|rule|Sleep Clause Mod: Limit one foe put to sleep
|rule|Switch Priority Clause Mod: Faster Pokémon switch first
|rule|Species Clause: Limit one of each Pokémon
|rule|OHKO Clause: OHKO moves are banned
|rule|Evasion Items Clause: Evasion items are banned
|rule|Evasion Moves Clause: Evasion moves are banned
|rule|Endless Battle Clause: Forcing endless battles is banned
|rule|HP Percentage Mod: HP is shown in percentages
|rule|One Boost Passer Clause: Limit one Baton Passer that has a way to boost its stats
|rule|Freeze Clause Mod: Limit one foe frozen
|
|t:|1728894889
|start
|switch|p1a: Zapdos|Zapdos|100/100
|switch|p2a: Tyranocif|Tyranitar, M, shiny|100/100
|-weather|Sandstorm|[from] ability: Sand Stream|[of] p2a: Tyranocif
|turn|1
|c|☆Janis105|glhf
|c|☆Christos|hf
|c|☆Janis105|how did you unlist the replay btw?
|c|☆Christos|/log Christos made the replay of this battle unlisted.
|c|☆Christos|you click / unlistreplay
|inactive|Janis105 has 270 seconds left.
|c|☆Janis105|oh okay
|c|☆Christos|without the space between / and the word
|c|☆Janis105|why doesn't everyone do that? makes it harder to scout
|inactive|Janis105 has 240 seconds left.
|c|☆Christos|I know
|c|☆Christos|most tour players do it
|c|☆Janis105|oh okay
|c|☆Janis105|honestly kinda sad tho would be nicer to have all the replays availabvle
|inactive|Janis105 has 210 seconds left.
|c|☆Christos|you can still find them manually
|c|☆Christos|it's just more work
|
|t:|1728894995
|-singleturn|p2a: Tyranocif|move: Focus Punch
|switch|p1a: Swampert|Swampert, F|100/100
|move|p2a: Tyranocif|Focus Punch|p1a: Swampert
|-damage|p1a: Swampert|63/100
|
|-weather|Sandstorm|[upkeep]
|-heal|p1a: Swampert|69/100|[from] item: Leftovers
|upkeep
|turn|2
|c|☆Janis105|yeah fair enough
|
|t:|1728895010
|switch|p2a: Patrick|Starmie, shiny|100/100
|move|p1a: Swampert|Surf|p2a: Patrick
|-resisted|p2a: Patrick
|-crit|p2a: Patrick
|-damage|p2a: Patrick|68/100
|
|-weather|Sandstorm|[upkeep]
|-damage|p2a: Patrick|62/100|[from] Sandstorm
|-heal|p2a: Patrick|68/100|[from] item: Leftovers
|-heal|p1a: Swampert|75/100|[from] item: Leftovers
|upkeep
|turn|3
|
|t:|1728895031
|move|p2a: Patrick|Surf|p1a: Swampert
|-crit|p1a: Swampert
|-damage|p1a: Swampert|16/100
|move|p1a: Swampert|Earthquake|p2a: Patrick
|-damage|p2a: Patrick|21/100
|
|-weather|Sandstorm|[upkeep]
|-damage|p2a: Patrick|15/100|[from] Sandstorm
|-heal|p2a: Patrick|21/100|[from] item: Leftovers
|-heal|p1a: Swampert|22/100|[from] item: Leftovers
|upkeep
|turn|4
|
|t:|1728895042
|switch|p1a: Zapdos|Zapdos|100/100
|move|p2a: Patrick|Recover|p2a: Patrick
|-heal|p2a: Patrick|71/100
|
|-weather|Sandstorm|[upkeep]
|-damage|p2a: Patrick|65/100|[from] Sandstorm
|-damage|p1a: Zapdos|94/100|[from] Sandstorm
|-heal|p2a: Patrick|71/100|[from] item: Leftovers
|-heal|p1a: Zapdos|100/100|[from] item: Leftovers
|upkeep
|turn|5
|
|t:|1728895056
|switch|p2a: Nickname|Jirachi|100/100
|switch|p1a: Swampert|Swampert, F|22/100
|
|-weather|Sandstorm|[upkeep]
|-heal|p1a: Swampert|28/100|[from] item: Leftovers
|upkeep
|turn|6
|inactive|Janis105 has 270 seconds left.
|
|t:|1728895066
|switch|p2a: Jupiter|Zapdos|100/100
|move|p1a: Swampert|Protect||[still]
|-fail|p1a: Swampert
|
|-weather|Sandstorm|[upkeep]
|-damage|p2a: Jupiter|94/100|[from] Sandstorm
|-heal|p2a: Jupiter|100/100|[from] item: Leftovers
|-heal|p1a: Swampert|34/100|[from] item: Leftovers
|upkeep
|turn|7
|inactive|Janis105 has 270 seconds left.
|
|t:|1728895071
|move|p1a: Swampert|Protect|p1a: Swampert
|-singleturn|p1a: Swampert|Protect
|move|p2a: Jupiter|Hidden Power|p1a: Swampert
|-activate|p1a: Swampert|Protect
|
|-weather|Sandstorm|[upkeep]
|-damage|p2a: Jupiter|94/100|[from] Sandstorm
|-heal|p2a: Jupiter|100/100|[from] item: Leftovers
|-heal|p1a: Swampert|41/100|[from] item: Leftovers
|upkeep
|turn|8
|
|t:|1728895078
|switch|p1a: Zapdos|Zapdos|100/100
|move|p2a: Jupiter|Thunder Wave|p1a: Zapdos
|-status|p1a: Zapdos|par
|
|-weather|Sandstorm|[upkeep]
|-damage|p2a: Jupiter|94/100|[from] Sandstorm
|-damage|p1a: Zapdos|94/100 par|[from] Sandstorm
|-heal|p2a: Jupiter|100/100|[from] item: Leftovers
|-heal|p1a: Zapdos|100/100 par|[from] item: Leftovers
|upkeep
|turn|9
|
|t:|1728895095
|move|p2a: Jupiter|Thunderbolt|p1a: Zapdos
|-damage|p1a: Zapdos|72/100 par
|move|p1a: Zapdos|Thunderbolt|p2a: Jupiter
|-damage|p2a: Jupiter|72/100
|
|-weather|Sandstorm|[upkeep]
|-damage|p2a: Jupiter|66/100|[from] Sandstorm
|-damage|p1a: Zapdos|65/100 par|[from] Sandstorm
|-heal|p2a: Jupiter|72/100|[from] item: Leftovers
|-heal|p1a: Zapdos|72/100 par|[from] item: Leftovers
|upkeep
|turn|10
|
|t:|1728895103
|switch|p2a: Tyranocif|Tyranitar, M, shiny|100/100
|move|p1a: Zapdos|Rest|p1a: Zapdos
|-status|p1a: Zapdos|slp|[from] move: Rest
|-heal|p1a: Zapdos|100/100 slp|[silent]
|
|-weather|Sandstorm|[upkeep]
|-damage|p1a: Zapdos|94/100 slp|[from] Sandstorm
|-heal|p1a: Zapdos|100/100 slp|[from] item: Leftovers
|upkeep
|turn|11
|
|t:|1728895122
|switch|p1a: Jirachi|Jirachi|100/100
|move|p2a: Tyranocif|Rock Slide|p1a: Jirachi
|-resisted|p1a: Jirachi
|-damage|p1a: Jirachi|83/100
|
|-weather|Sandstorm|[upkeep]
|-heal|p1a: Jirachi|90/100|[from] item: Leftovers
|upkeep
|turn|12
|
|t:|1728895133
|move|p1a: Jirachi|Toxic|p2a: Tyranocif
|-status|p2a: Tyranocif|tox
|move|p2a: Tyranocif|Earthquake|p1a: Jirachi
|-supereffective|p1a: Jirachi
|-damage|p1a: Jirachi|27/100
|
|-weather|Sandstorm|[upkeep]
|-heal|p1a: Jirachi|33/100|[from] item: Leftovers
|-damage|p2a: Tyranocif|94/100 tox|[from] psn
|upkeep
|turn|13
|
|t:|1728895147
|switch|p2a: Pink Boy|Swampert, M, shiny|100/100
|move|p1a: Jirachi|Protect||[still]
|-fail|p1a: Jirachi
|
|-weather|Sandstorm|[upkeep]
|-heal|p1a: Jirachi|39/100|[from] item: Leftovers
|upkeep
|turn|14
|
|t:|1728895153
|move|p1a: Jirachi|Protect|p1a: Jirachi
|-singleturn|p1a: Jirachi|Protect
|move|p2a: Pink Boy|Earthquake|p1a: Jirachi
|-activate|p1a: Jirachi|Protect
|
|-weather|Sandstorm|[upkeep]
|-heal|p1a: Jirachi|46/100|[from] item: Leftovers
|upkeep
|turn|15
|
|t:|1728895164
|switch|p1a: Forretress|Forretress, M|100/100
|move|p2a: Pink Boy|Earthquake|p1a: Forretress
|-damage|p1a: Forretress|77/100
|
|-weather|Sandstorm|[upkeep]
|-heal|p1a: Forretress|84/100|[from] item: Leftovers
|upkeep
|turn|16
|
|t:|1728895181
|move|p2a: Pink Boy|Surf|p1a: Forretress
|-damage|p1a: Forretress|46/100
|move|p1a: Forretress|Spikes|p2a: Pink Boy
|-sidestart|p2: Janis105|Spikes
|
|-weather|Sandstorm|[upkeep]
|-heal|p1a: Forretress|52/100|[from] item: Leftovers
|upkeep
|turn|17
|
|t:|1728895189
|switch|p1a: Zapdos|Zapdos|100/100 slp
|move|p2a: Pink Boy|Surf|p1a: Zapdos
|-damage|p1a: Zapdos|71/100 slp
|
|-weather|Sandstorm|[upkeep]
|-damage|p1a: Zapdos|65/100 slp|[from] Sandstorm
|-heal|p1a: Zapdos|71/100 slp|[from] item: Leftovers
|upkeep
|turn|18
|
|t:|1728895199
|cant|p1a: Zapdos|slp
|move|p1a: Zapdos|Sleep Talk|p1a: Zapdos
|move|p1a: Zapdos|Rest|p1a: Zapdos|[from]Sleep Talk
|move|p2a: Pink Boy|Ice Beam|p1a: Zapdos
|-supereffective|p1a: Zapdos
|-damage|p1a: Zapdos|31/100 slp
|
|-weather|Sandstorm|[upkeep]
|-damage|p1a: Zapdos|25/100 slp|[from] Sandstorm
|-heal|p1a: Zapdos|31/100 slp|[from] item: Leftovers
|upkeep
|turn|19
|
|t:|1728895219
|switch|p1a: Forretress|Forretress, M|52/100
|move|p2a: Pink Boy|Ice Beam|p1a: Forretress
|-resisted|p1a: Forretress
|-damage|p1a: Forretress|39/100
|
|-weather|Sandstorm|[upkeep]
|-heal|p1a: Forretress|45/100|[from] item: Leftovers
|upkeep
|turn|20
|
|t:|1728895224
|move|p2a: Pink Boy|Surf|p1a: Forretress
|-damage|p1a: Forretress|3/100
|move|p1a: Forretress|Explosion|p2a: Pink Boy
|-damage|p2a: Pink Boy|2/100
|faint|p1a: Forretress
|
|t:|1728895237
|switch|p1a: Tyranitar|Tyranitar, M|100/100
|
|-weather|Sandstorm|[upkeep]
|-heal|p2a: Pink Boy|8/100|[from] item: Leftovers
|upkeep
|turn|21
|
|t:|1728895245
|move|p1a: Tyranitar|Pursuit|p2a: Pink Boy
|-crit|p2a: Pink Boy
|-damage|p2a: Pink Boy|0 fnt
|faint|p2a: Pink Boy
|
|t:|1728895271
|switch|p2a: Swarming You|Heracross, F|100/100
|-damage|p2a: Swarming You|88/100|[from] Spikes
|
|-weather|Sandstorm|[upkeep]
|-damage|p2a: Swarming You|82/100|[from] Sandstorm
|-heal|p2a: Swarming You|88/100|[from] item: Leftovers
|upkeep
|turn|22
|
|t:|1728895291
|switch|p1a: Zapdos|Zapdos|31/100 slp
|move|p2a: Swarming You|Substitute|p2a: Swarming You
|-start|p2a: Swarming You|Substitute
|-damage|p2a: Swarming You|63/100
|
|-weather|Sandstorm|[upkeep]
|-damage|p2a: Swarming You|57/100|[from] Sandstorm
|-damage|p1a: Zapdos|25/100 slp|[from] Sandstorm
|-heal|p2a: Swarming You|63/100|[from] item: Leftovers
|-heal|p1a: Zapdos|31/100 slp|[from] item: Leftovers
|upkeep
|turn|23
|
|t:|1728895299
|move|p2a: Swarming You|Rock Slide|p1a: Zapdos
|-supereffective|p1a: Zapdos
|-damage|p1a: Zapdos|0 fnt
|faint|p1a: Zapdos
|
|t:|1728895317
|switch|p1a: Swampert|Swampert, F|41/100
|
|-weather|Sandstorm|[upkeep]
|-damage|p2a: Swarming You|57/100|[from] Sandstorm
|-heal|p2a: Swarming You|63/100|[from] item: Leftovers
|-heal|p1a: Swampert|47/100|[from] item: Leftovers
|upkeep
|turn|24
|
|t:|1728895328
|-singleturn|p2a: Swarming You|move: Focus Punch
|move|p1a: Swampert|Protect|p1a: Swampert
|-singleturn|p1a: Swampert|Protect
|move|p2a: Swarming You|Focus Punch|p1a: Swampert
|-activate|p1a: Swampert|Protect
|
|-weather|Sandstorm|[upkeep]
|-damage|p2a: Swarming You|57/100|[from] Sandstorm
|-heal|p2a: Swarming You|63/100|[from] item: Leftovers
|-heal|p1a: Swampert|53/100|[from] item: Leftovers
|upkeep
|turn|25
|
|t:|1728895334
|-singleturn|p2a: Swarming You|move: Focus Punch
|move|p1a: Swampert|Surf|p2a: Swarming You
|-end|p2a: Swarming You|Substitute
|move|p2a: Swarming You|Focus Punch|p1a: Swampert
|-damage|p1a: Swampert|0 fnt
|faint|p1a: Swampert
|
|t:|1728895339
|switch|p1a: Salamence|Salamence, F|100/100
|-ability|p1a: Salamence|Intimidate|boost
|-unboost|p2a: Swarming You|atk|1
|
|-weather|Sandstorm|[upkeep]
|-damage|p1a: Salamence|94/100|[from] Sandstorm
|-damage|p2a: Swarming You|57/100|[from] Sandstorm
|-heal|p1a: Salamence|100/100|[from] item: Leftovers
|-heal|p2a: Swarming You|63/100|[from] item: Leftovers
|upkeep
|turn|26
|inactive|Christos has 270 seconds left.
|inactive|Janis105 has 270 seconds left.
|
|t:|1728895382
|switch|p2a: Nickname|Jirachi|100/100
|-damage|p2a: Nickname|88/100|[from] Spikes
|move|p1a: Salamence|Dragon Dance|p1a: Salamence
|-boost|p1a: Salamence|atk|1
|-boost|p1a: Salamence|spe|1
|
|-weather|Sandstorm|[upkeep]
|-damage|p1a: Salamence|94/100|[from] Sandstorm
|-heal|p1a: Salamence|100/100|[from] item: Leftovers
|-heal|p2a: Nickname|94/100|[from] item: Leftovers
|upkeep
|turn|27
|inactive|Christos has 270 seconds left.
|
|t:|1728895392
|move|p1a: Salamence|Earthquake|p2a: Nickname
|-supereffective|p2a: Nickname
|-damage|p2a: Nickname|18/100
|move|p2a: Nickname|Body Slam|p1a: Salamence
|-damage|p1a: Salamence|76/100
|
|-weather|Sandstorm|[upkeep]
|-damage|p1a: Salamence|70/100|[from] Sandstorm
|-heal|p1a: Salamence|76/100|[from] item: Leftovers
|-heal|p2a: Nickname|24/100|[from] item: Leftovers
|upkeep
|turn|28
|inactive|Christos has 270 seconds left.
|inactive|Janis105 has 270 seconds left.
|
|t:|1728895404
|move|p1a: Salamence|Earthquake|p2a: Nickname
|-supereffective|p2a: Nickname
|-damage|p2a: Nickname|0 fnt
|faint|p2a: Nickname
|
|t:|1728895412
|switch|p2a: Jupiter|Zapdos|72/100
|
|-weather|Sandstorm|[upkeep]
|-damage|p1a: Salamence|70/100|[from] Sandstorm
|-damage|p2a: Jupiter|66/100|[from] Sandstorm
|-heal|p1a: Salamence|76/100|[from] item: Leftovers
|-heal|p2a: Jupiter|72/100|[from] item: Leftovers
|upkeep
|turn|29
|
|t:|1728895418
|move|p1a: Salamence|Rock Slide|p2a: Jupiter
|-supereffective|p2a: Jupiter
|-damage|p2a: Jupiter|0 fnt
|faint|p2a: Jupiter
|
|t:|1728895424
|switch|p2a: Tyranocif|Tyranitar, M, shiny|94/100 tox
|-damage|p2a: Tyranocif|82/100 tox|[from] Spikes
|
|-weather|Sandstorm|[upkeep]
|-damage|p1a: Salamence|70/100|[from] Sandstorm
|-heal|p1a: Salamence|76/100|[from] item: Leftovers
|-heal|p2a: Tyranocif|88/100 tox|[from] item: Leftovers
|-damage|p2a: Tyranocif|82/100 tox|[from] psn
|upkeep
|turn|30
|
|t:|1728895432
|move|p1a: Salamence|Earthquake|p2a: Tyranocif
|-supereffective|p2a: Tyranocif
|-damage|p2a: Tyranocif|0 fnt
|faint|p2a: Tyranocif
|
|t:|1728895436
|switch|p2a: Patrick|Starmie, shiny|71/100
|-damage|p2a: Patrick|59/100|[from] Spikes
|
|-weather|Sandstorm|[upkeep]
|-damage|p1a: Salamence|70/100|[from] Sandstorm
|-damage|p2a: Patrick|53/100|[from] Sandstorm
|-heal|p1a: Salamence|76/100|[from] item: Leftovers
|-heal|p2a: Patrick|59/100|[from] item: Leftovers
|upkeep
|turn|31
|
|t:|1728895445
|move|p1a: Salamence|Hidden Power|p2a: Patrick
|-damage|p2a: Patrick|0 fnt
|faint|p2a: Patrick
|c|☆Christos|gg
|
|t:|1728895448
|switch|p2a: Swarming You|Heracross, F|63/100
|-damage|p2a: Swarming You|51/100|[from] Spikes
|
|-weather|Sandstorm|[upkeep]
|-damage|p1a: Salamence|70/100|[from] Sandstorm
|-damage|p2a: Swarming You|45/100|[from] Sandstorm
|-heal|p1a: Salamence|76/100|[from] item: Leftovers
|-heal|p2a: Swarming You|51/100|[from] item: Leftovers
|upkeep
|turn|32
|c|☆Janis105|gg
|
|t:|1728895456
|move|p1a: Salamence|Hidden Power|p2a: Swarming You
|-supereffective|p2a: Swarming You
|-damage|p2a: Swarming You|0 fnt
|faint|p2a: Swarming You
|
|win|Christos

</script>
<script type="application/json" class="data" id="replaydata-smogtours-gen3ou-798614">
{"id":"smogtours-gen3ou-798614","format":"[Gen 3] OU","players":["Christos","Janis105"],"uploadtime":1728895456,"views":87,"formatid":"gen3ou","rating":null,"private":1,"password":null}
</script>

<script defer src="js/replays.js?9d40a366"></script>
