<!DOCTYPE html>
<meta charset="utf-8" />
<meta name="viewport" content="width=device-width" />

<title>[Gen 3] OU: Handyman2 vs. Melee Minion - Replays - Pok&eacute;mon Showdown!</title>

<meta name="description" content="Watch a replay of a Pok&eacute;mon battle between Handyman2 and Melee Minion! Format: [Gen 3] OU; Date: Oct 19, 2024" />
<!--

Hey, you! Looking in the source for the replay log?

You can find them in JSON format, just add `.json` at the end of a replay URL.

https://replay.pokemonshowdown.com/gen7randomdoublesbattle-865046831.json

Or, if you only need the log itself, add `.log` instead:

https://replay.pokemonshowdown.com/gen7randomdoublesbattle-865046831.log

-->

<link rel="stylesheet" href="//pokemonshowdown.com/style/global.css?0.023195364461161105" />
<link rel="stylesheet" href="//play.pokemonshowdown.com/style/font-awesome.css?0.13261647063804238" />
<link rel="stylesheet" href="//play.pokemonshowdown.com/style/battle.css?0.8753245789963631" />
<link rel="stylesheet" href="//play.pokemonshowdown.com/style/utilichart.css?0.8627959624976733" />

<!-- Global site tag (gtag.js) - Google Analytics -->
<script async src="https://www.googletagmanager.com/gtag/js?id=UA-26211653-1"></script>
<script>
  window.dataLayer = window.dataLayer || [];
  function gtag(){dataLayer.push(arguments);}
  gtag('js', new Date());

  gtag('config', 'UA-26211653-1');
</script>
<!-- End Google Analytics -->
<!-- Venatus Ad Manager - Install in <HEAD> of page -->
	<script src="https://hb.vntsm.com/v3/live/ad-manager.min.js" type="text/javascript" data-site-id="642aba63ec9a7b11c3c9c1be" data-mode="scan" async></script>
<!-- / Venatus Ad Manager -->

<style>
	@media (max-width:820px) {
		.battle {
			margin: 0 auto;
		}
		.battle-log {
			margin: 7px auto 0;
			max-width: 640px;
			height: 300px;
			position: static;
		}
	}
	.optgroup {
		display: inline-block;
		line-height: 22px;
		font-size: 10pt;
	}
	.optgroup .button {
		height: 25px;
		padding-top: 0;
		padding-bottom: 0;
	}
	.optgroup button.button {
		padding-left: 12px;
		padding-right: 12px;
	}
	.linklist {
		list-style: none;
		margin: 0.5em 0;
		padding: 0;
	}
	.linklist li {
		padding: 2px 0;
	}
	.sidebar {
		float: left;
		width: 320px;
	}
	.bar-wrapper {
		max-width: 1100px;
		margin: 0 auto;
	}
	.bar-wrapper.has-sidebar {
		max-width: 1430px;
	}
	.mainbar {
		margin: 0;
		padding-right: 1px;
	}
	.mainbar.has-sidebar {
		margin-left: 330px;
	}
	@media (min-width: 1511px) {
		.sidebar {
			width: 400px;
		}
		.bar-wrapper.has-sidebar {
			max-width: 1510px;
		}
		.mainbar.has-sidebar {
			margin-left: 410px;
		}
	}
	.section.first-section {
		margin-top: 9px;
	}
	.blocklink small {
		white-space: normal;
	}
	.button {
		vertical-align: middle;
	}
	.replay-controls {
		padding-top: 10px;
	}
	.replay-controls h1 {
		font-size: 16pt;
		font-weight: normal;
		color: #CCC;
	}
	.pagelink {
		text-align: center;
	}
	.pagelink a {
		width: 150px;
	}
	.textbox, .button {
		font-size: 11pt;
		vertical-align: middle;
	}
	@media (max-width: 450px) {
		.button {
			font-size: 9pt;
		}
	}
</style>

<div>

	<header>
		<div class="nav-wrapper"><ul class="nav">
			<li><a class="button nav-first" href="//pokemonshowdown.com/"><img src="//pokemonshowdown.com/images/pokemonshowdownbeta.png" srcset="//pokemonshowdown.com/images/pokemonshowdownbeta.png 1x, //pokemonshowdown.com/images/pokemonshowdownbeta@2x.png 2x" alt="Pok&eacute;mon Showdown" width="146" height="44" /> Home</a></li>
			<li><a class="button" href="//pokemonshowdown.com/dex/">Pok&eacute;dex</a></li>
			<li><a class="button cur" href="/">Replays</a></li>
			<li><a class="button" href="//pokemonshowdown.com/ladder/">Ladder</a></li>
			<li><a class="button nav-last" href="//pokemonshowdown.com/forums/">Forum</a></li>
			<li><a class="button greenbutton nav-first nav-last" href="//play.pokemonshowdown.com/">Play</a></li>
		</ul></div>
	</header>

	<div class="main" id="main">

		<noscript><section class="section">You need to enable JavaScript to use this page; sorry!</section></noscript>

	</div>

</div>

<script defer nomodule src="//play.pokemonshowdown.com/js/lib/ps-polyfill.js"></script>
<script defer src="//play.pokemonshowdown.com/js/lib/preact.min.js"></script>

<script defer src="//play.pokemonshowdown.com/config/config.js?2bddbc15"></script>
<script defer src="//play.pokemonshowdown.com/js/lib/jquery-1.11.0.min.js"></script>
<script defer src="//play.pokemonshowdown.com/js/lib/html-sanitizer-minified.js"></script>
<script defer src="//play.pokemonshowdown.com/js/battle-sound.js"></script>
<script defer src="//play.pokemonshowdown.com/js/battledata.js?0.7209276989879541"></script>
<script defer src="//play.pokemonshowdown.com/data/pokedex-mini.js?0.6111056340867951"></script>
<script defer src="//play.pokemonshowdown.com/data/pokedex-mini-bw.js?0.3532142036491459"></script>
<script defer src="//play.pokemonshowdown.com/data/graphics.js?0.24223875632456182"></script>
<script defer src="//play.pokemonshowdown.com/data/pokedex.js?0.38839984266356864"></script>
<script defer src="//play.pokemonshowdown.com/data/moves.js?0.21866028504024015"></script>
<script defer src="//play.pokemonshowdown.com/data/abilities.js?0.2005157953846628"></script>
<script defer src="//play.pokemonshowdown.com/data/items.js?0.9894211263848525"></script>
<script defer src="//play.pokemonshowdown.com/data/teambuilder-tables.js?0.6008791140282215"></script>
<script defer src="//play.pokemonshowdown.com/js/battle-tooltips.js?0.7580118955022959"></script>
<script defer src="//play.pokemonshowdown.com/js/battle.js?0.6057722274234274"></script>

<script defer src="js/utils.js?e31f9a17"></script>
<script defer src="js/replays-battle.js?7008c182"></script>

<!-- don't scrape this data! just add .json or .log after the URL!
Full API docs: https://github.com/smogon/pokemon-showdown-client/blob/master/WEB-API.md -->
<script type="text/plain" class="log" id="replaylog-smogtours-gen3ou-800018">
|inactive|Battle timer is ON: inactive players will automatically lose when time's up.
|t:|1729364947
|gametype|singles
|player|p1|Handyman2|1|
|player|p2|Melee Minion|169|
|teamsize|p1|6
|teamsize|p2|6
|gen|3
|tier|[Gen 3] OU
|rule|Sleep Clause Mod: Limit one foe put to sleep
|rule|Switch Priority Clause Mod: Faster Pokémon switch first
|rule|Species Clause: Limit one of each Pokémon
|rule|OHKO Clause: OHKO moves are banned
|rule|Evasion Items Clause: Evasion items are banned
|rule|Evasion Moves Clause: Evasion moves are banned
|rule|Endless Battle Clause: Forcing endless battles is banned
|rule|HP Percentage Mod: HP is shown in percentages
|rule|One Boost Passer Clause: Limit one Baton Passer that has a way to boost its stats
|rule|Freeze Clause Mod: Limit one foe frozen
|
|t:|1729364947
|start
|switch|p1a: KeepYourselfAlive|Skarmory, M|100/100
|switch|p2a: Owe me a Soda|Jynx, F|100/100
|turn|1
|c|☆Melee Minion|GLHF
|c|☆Handyman2|Gl
|
|t:|1729364972
|move|p2a: Owe me a Soda|Ice Beam|p1a: KeepYourselfAlive
|-damage|p1a: KeepYourselfAlive|55/100
|-status|p1a: KeepYourselfAlive|frz
|cant|p1a: KeepYourselfAlive|frz
|
|-heal|p1a: KeepYourselfAlive|61/100 frz|[from] item: Leftovers
|upkeep
|turn|2
|c|☆Handyman2|Fun
|
|t:|1729364989
|switch|p1a: Killer Queen|Tyranitar, M|100/100
|-weather|Sandstorm|[from] ability: Sand Stream|[of] p1a: Killer Queen
|move|p2a: Owe me a Soda|Ice Beam|p1a: Killer Queen
|-damage|p1a: Killer Queen|61/100
|
|-weather|Sandstorm|[upkeep]
|-damage|p2a: Owe me a Soda|95/100|[from] Sandstorm
|-heal|p2a: Owe me a Soda|100/100|[from] item: Leftovers
|-heal|p1a: Killer Queen|67/100|[from] item: Leftovers
|upkeep
|turn|3
|
|t:|1729364998
|move|p2a: Owe me a Soda|Lovely Kiss|p1a: Killer Queen|[miss]
|-miss|p2a: Owe me a Soda|p1a: Killer Queen
|move|p1a: Killer Queen|Crunch|p2a: Owe me a Soda
|-supereffective|p2a: Owe me a Soda
|-damage|p2a: Owe me a Soda|0 fnt
|faint|p2a: Owe me a Soda
|
|t:|1729365000
|switch|p2a: Thugtrio|Dugtrio, F|100/100
|
|-weather|Sandstorm|[upkeep]
|-heal|p1a: Killer Queen|73/100|[from] item: Leftovers
|upkeep
|turn|4
|
|t:|1729365008
|move|p2a: Thugtrio|Earthquake|p1a: Killer Queen
|-supereffective|p1a: Killer Queen
|-damage|p1a: Killer Queen|0 fnt
|faint|p1a: Killer Queen
|
|t:|1729365018
|switch|p1a: Now I'm Here|Flygon, M|100/100
|
|-weather|Sandstorm|[upkeep]
|upkeep
|turn|5
|
|t:|1729365024
|switch|p2a: Tyranocifn't|Suicune|100/100
|move|p1a: Now I'm Here|Toxic|p2a: Tyranocifn't
|-status|p2a: Tyranocifn't|tox
|
|-weather|Sandstorm|[upkeep]
|-damage|p2a: Tyranocifn't|94/100 tox|[from] Sandstorm
|-heal|p2a: Tyranocifn't|100/100 tox|[from] item: Leftovers
|-damage|p2a: Tyranocifn't|94/100 tox|[from] psn
|upkeep
|turn|6
|
|t:|1729365045
|switch|p1a: Under Pressure|Zapdos|100/100
|move|p2a: Tyranocifn't|Calm Mind|p2a: Tyranocifn't
|-boost|p2a: Tyranocifn't|spa|1
|-boost|p2a: Tyranocifn't|spd|1
|
|-weather|Sandstorm|[upkeep]
|-damage|p1a: Under Pressure|94/100|[from] Sandstorm
|-damage|p2a: Tyranocifn't|88/100 tox|[from] Sandstorm
|-heal|p1a: Under Pressure|100/100|[from] item: Leftovers
|-heal|p2a: Tyranocifn't|94/100 tox|[from] item: Leftovers
|-damage|p2a: Tyranocifn't|82/100 tox|[from] psn
|upkeep
|turn|7
|
|t:|1729365054
|move|p2a: Tyranocifn't|Ice Beam|p1a: Under Pressure
|-supereffective|p1a: Under Pressure
|-damage|p1a: Under Pressure|41/100
|move|p1a: Under Pressure|Roar|p2a: Tyranocifn't
|drag|p2a: Cthulhu Barbie|Claydol|100/100
|
|-weather|Sandstorm|[upkeep]
|-damage|p1a: Under Pressure|35/100|[from] Sandstorm
|-heal|p1a: Under Pressure|41/100|[from] item: Leftovers
|upkeep
|turn|8
|
|t:|1729365070
|switch|p1a: Now I'm Here|Flygon, M|100/100
|move|p2a: Cthulhu Barbie|Rain Dance|p2a: Cthulhu Barbie
|-weather|RainDance
|
|-weather|RainDance|[upkeep]
|upkeep
|turn|9
|
|t:|1729365077
|switch|p2a: Tyranocifn't|Suicune|82/100 tox
|move|p1a: Now I'm Here|Toxic|p2a: Tyranocifn't
|-fail|p2a: Tyranocifn't|tox
|
|-weather|RainDance|[upkeep]
|-heal|p2a: Tyranocifn't|88/100 tox|[from] item: Leftovers
|-damage|p2a: Tyranocifn't|82/100 tox|[from] psn
|upkeep
|turn|10
|
|t:|1729365082
|switch|p1a: Under Pressure|Zapdos|41/100
|move|p2a: Tyranocifn't|Ice Beam|p1a: Under Pressure
|-supereffective|p1a: Under Pressure
|-damage|p1a: Under Pressure|0 fnt
|faint|p1a: Under Pressure
|
|t:|1729365085
|switch|p1a: Fat Bottomed Girls|Blissey, F|100/100
|
|-weather|RainDance|[upkeep]
|-heal|p2a: Tyranocifn't|88/100 tox|[from] item: Leftovers
|-damage|p2a: Tyranocifn't|76/100 tox|[from] psn
|upkeep
|turn|11
|
|t:|1729365090
|move|p2a: Tyranocifn't|Calm Mind|p2a: Tyranocifn't
|-boost|p2a: Tyranocifn't|spa|1
|-boost|p2a: Tyranocifn't|spd|1
|move|p1a: Fat Bottomed Girls|Seismic Toss|p2a: Tyranocifn't
|-damage|p2a: Tyranocifn't|51/100 tox
|
|-weather|RainDance|[upkeep]
|-heal|p2a: Tyranocifn't|57/100 tox|[from] item: Leftovers
|-damage|p2a: Tyranocifn't|38/100 tox|[from] psn
|upkeep
|turn|12
|
|t:|1729365096
|move|p2a: Tyranocifn't|Rest|p2a: Tyranocifn't
|-status|p2a: Tyranocifn't|slp|[from] move: Rest
|-heal|p2a: Tyranocifn't|100/100 slp|[silent]
|move|p1a: Fat Bottomed Girls|Seismic Toss|p2a: Tyranocifn't
|-damage|p2a: Tyranocifn't|76/100 slp
|
|-weather|none
|-heal|p2a: Tyranocifn't|82/100 slp|[from] item: Leftovers
|upkeep
|turn|13
|
|t:|1729365098
|cant|p2a: Tyranocifn't|slp
|move|p1a: Fat Bottomed Girls|Seismic Toss|p2a: Tyranocifn't
|-damage|p2a: Tyranocifn't|57/100 slp
|
|-heal|p2a: Tyranocifn't|63/100 slp|[from] item: Leftovers
|upkeep
|turn|14
|
|t:|1729365101
|cant|p2a: Tyranocifn't|slp
|move|p1a: Fat Bottomed Girls|Seismic Toss|p2a: Tyranocifn't
|-damage|p2a: Tyranocifn't|38/100 slp
|
|-heal|p2a: Tyranocifn't|44/100 slp|[from] item: Leftovers
|upkeep
|turn|15
|
|t:|1729365104
|-curestatus|p2a: Tyranocifn't|slp|[msg]
|move|p2a: Tyranocifn't|Calm Mind|p2a: Tyranocifn't
|-boost|p2a: Tyranocifn't|spa|1
|-boost|p2a: Tyranocifn't|spd|1
|move|p1a: Fat Bottomed Girls|Toxic|p2a: Tyranocifn't
|-status|p2a: Tyranocifn't|tox
|
|-heal|p2a: Tyranocifn't|51/100 tox|[from] item: Leftovers
|-damage|p2a: Tyranocifn't|44/100 tox|[from] psn
|upkeep
|turn|16
|
|t:|1729365111
|move|p2a: Tyranocifn't|Rest|p2a: Tyranocifn't
|-status|p2a: Tyranocifn't|slp|[from] move: Rest
|-heal|p2a: Tyranocifn't|100/100 slp|[silent]
|move|p1a: Fat Bottomed Girls|Seismic Toss|p2a: Tyranocifn't
|-damage|p2a: Tyranocifn't|76/100 slp
|
|-heal|p2a: Tyranocifn't|82/100 slp|[from] item: Leftovers
|upkeep
|turn|17
|
|t:|1729365121
|cant|p2a: Tyranocifn't|slp
|move|p1a: Fat Bottomed Girls|Seismic Toss|p2a: Tyranocifn't
|-damage|p2a: Tyranocifn't|57/100 slp
|
|-heal|p2a: Tyranocifn't|63/100 slp|[from] item: Leftovers
|upkeep
|turn|18
|
|t:|1729365125
|cant|p2a: Tyranocifn't|slp
|move|p1a: Fat Bottomed Girls|Seismic Toss|p2a: Tyranocifn't
|-damage|p2a: Tyranocifn't|38/100 slp
|
|-heal|p2a: Tyranocifn't|44/100 slp|[from] item: Leftovers
|upkeep
|turn|19
|
|t:|1729365130
|switch|p1a: Radio Ga Ga|Gengar, M|100/100
|-curestatus|p2a: Tyranocifn't|slp|[msg]
|move|p2a: Tyranocifn't|Calm Mind|p2a: Tyranocifn't
|-boost|p2a: Tyranocifn't|spa|1
|-boost|p2a: Tyranocifn't|spd|1
|
|-heal|p2a: Tyranocifn't|51/100|[from] item: Leftovers
|upkeep
|turn|20
|
|t:|1729365138
|move|p1a: Radio Ga Ga|Explosion|p2a: Tyranocifn't
|-crit|p2a: Tyranocifn't
|-damage|p2a: Tyranocifn't|0 fnt
|faint|p1a: Radio Ga Ga
|faint|p2a: Tyranocifn't
|
|t:|1729365148
|switch|p1a: Now I'm Here|Flygon, M|100/100
|switch|p2a: Snoreo|Snorlax, F|100/100
|
|upkeep
|turn|21
|
|t:|1729365153
|move|p1a: Now I'm Here|Earthquake|p2a: Snoreo
|-damage|p2a: Snoreo|74/100
|move|p2a: Snoreo|Body Slam|p1a: Now I'm Here
|-damage|p1a: Now I'm Here|71/100
|
|-heal|p1a: Now I'm Here|77/100|[from] item: Leftovers
|-heal|p2a: Snoreo|80/100|[from] item: Leftovers
|upkeep
|turn|22
|
|t:|1729365158
|move|p1a: Now I'm Here|Earthquake|p2a: Snoreo
|-damage|p2a: Snoreo|51/100
|move|p2a: Snoreo|Body Slam|p1a: Now I'm Here
|-damage|p1a: Now I'm Here|44/100
|-status|p1a: Now I'm Here|par
|
|-heal|p2a: Snoreo|57/100|[from] item: Leftovers
|-heal|p1a: Now I'm Here|50/100 par|[from] item: Leftovers
|upkeep
|turn|23
|
|t:|1729365164
|move|p2a: Snoreo|Body Slam|p1a: Now I'm Here
|-damage|p1a: Now I'm Here|19/100 par
|move|p1a: Now I'm Here|Earthquake|p2a: Snoreo
|-damage|p2a: Snoreo|30/100
|
|-heal|p2a: Snoreo|36/100|[from] item: Leftovers
|-heal|p1a: Now I'm Here|25/100 par|[from] item: Leftovers
|upkeep
|turn|24
|
|t:|1729365167
|move|p2a: Snoreo|Body Slam|p1a: Now I'm Here
|-damage|p1a: Now I'm Here|0 fnt
|faint|p1a: Now I'm Here
|
|t:|1729365172
|switch|p1a: Fat Bottomed Girls|Blissey, F|100/100
|
|-heal|p2a: Snoreo|43/100|[from] item: Leftovers
|upkeep
|turn|25
|
|t:|1729365176
|move|p1a: Fat Bottomed Girls|Seismic Toss|p2a: Snoreo
|-damage|p2a: Snoreo|22/100
|move|p2a: Snoreo|Self-Destruct|p1a: Fat Bottomed Girls
|-damage|p1a: Fat Bottomed Girls|0 fnt
|faint|p2a: Snoreo
|faint|p1a: Fat Bottomed Girls
|
|t:|1729365181
|switch|p1a: KeepYourselfAlive|Skarmory, M|61/100 frz
|switch|p2a: Salamence|Salamence, M|100/100
|-ability|p2a: Salamence|Intimidate|boost
|-unboost|p1a: KeepYourselfAlive|atk|1
|
|-heal|p1a: KeepYourselfAlive|67/100 frz|[from] item: Leftovers
|upkeep
|turn|26
|
|t:|1729365185
|move|p2a: Salamence|Dragon Dance|p2a: Salamence
|-boost|p2a: Salamence|atk|1
|-boost|p2a: Salamence|spe|1
|-curestatus|p1a: KeepYourselfAlive|frz|[msg]
|move|p1a: KeepYourselfAlive|Spikes|p2a: Salamence
|-sidestart|p2: Melee Minion|Spikes
|
|-heal|p1a: KeepYourselfAlive|73/100|[from] item: Leftovers
|upkeep
|turn|27
|
|t:|1729365188
|move|p2a: Salamence|Rock Slide|p1a: KeepYourselfAlive
|-damage|p1a: KeepYourselfAlive|36/100
|cant|p1a: KeepYourselfAlive|flinch
|
|-heal|p1a: KeepYourselfAlive|42/100|[from] item: Leftovers
|upkeep
|turn|28
|
|t:|1729365192
|move|p2a: Salamence|Rock Slide|p1a: KeepYourselfAlive
|-damage|p1a: KeepYourselfAlive|8/100
|move|p1a: KeepYourselfAlive|Toxic|p2a: Salamence|[miss]
|-miss|p1a: KeepYourselfAlive|p2a: Salamence
|
|-heal|p1a: KeepYourselfAlive|14/100|[from] item: Leftovers
|upkeep
|turn|29
|
|t:|1729365195
|move|p2a: Salamence|Rock Slide|p1a: KeepYourselfAlive
|-damage|p1a: KeepYourselfAlive|0 fnt
|faint|p1a: KeepYourselfAlive
|
|win|Melee Minion
|player|p1|

</script>
<script type="application/json" class="data" id="replaydata-smogtours-gen3ou-800018">
{"id":"smogtours-gen3ou-800018","format":"[Gen 3] OU","players":["Handyman2","Melee Minion"],"uploadtime":1729365195,"views":71,"formatid":"gen3ou","rating":null,"private":0,"password":null}
</script>

<script defer src="js/replays.js?9d40a366"></script>
