<!DOCTYPE html>
<meta charset="utf-8" />
<meta name="viewport" content="width=device-width" />

<title>[Gen 3] OU: RodentCollector vs. jlev - Replays - Pok&eacute;mon Showdown!</title>

<meta name="description" content="Watch a replay of a Pok&eacute;mon battle between RodentCollector and jlev! Format: [Gen 3] OU; Date: Oct 29, 2024" />
<!--

Hey, you! Looking in the source for the replay log?

You can find them in JSON format, just add `.json` at the end of a replay URL.

https://replay.pokemonshowdown.com/gen7randomdoublesbattle-865046831.json

Or, if you only need the log itself, add `.log` instead:

https://replay.pokemonshowdown.com/gen7randomdoublesbattle-865046831.log

-->

<link rel="stylesheet" href="//pokemonshowdown.com/style/global.css?0.023195364461161105" />
<link rel="stylesheet" href="//play.pokemonshowdown.com/style/font-awesome.css?0.13261647063804238" />
<link rel="stylesheet" href="//play.pokemonshowdown.com/style/battle.css?0.8753245789963631" />
<link rel="stylesheet" href="//play.pokemonshowdown.com/style/utilichart.css?0.8627959624976733" />

<!-- Global site tag (gtag.js) - Google Analytics -->
<script async src="https://www.googletagmanager.com/gtag/js?id=UA-26211653-1"></script>
<script>
  window.dataLayer = window.dataLayer || [];
  function gtag(){dataLayer.push(arguments);}
  gtag('js', new Date());

  gtag('config', 'UA-26211653-1');
</script>
<!-- End Google Analytics -->
<!-- Venatus Ad Manager - Install in <HEAD> of page -->
	<script src="https://hb.vntsm.com/v3/live/ad-manager.min.js" type="text/javascript" data-site-id="642aba63ec9a7b11c3c9c1be" data-mode="scan" async></script>
<!-- / Venatus Ad Manager -->

<style>
	@media (max-width:820px) {
		.battle {
			margin: 0 auto;
		}
		.battle-log {
			margin: 7px auto 0;
			max-width: 640px;
			height: 300px;
			position: static;
		}
	}
	.optgroup {
		display: inline-block;
		line-height: 22px;
		font-size: 10pt;
	}
	.optgroup .button {
		height: 25px;
		padding-top: 0;
		padding-bottom: 0;
	}
	.optgroup button.button {
		padding-left: 12px;
		padding-right: 12px;
	}
	.linklist {
		list-style: none;
		margin: 0.5em 0;
		padding: 0;
	}
	.linklist li {
		padding: 2px 0;
	}
	.sidebar {
		float: left;
		width: 320px;
	}
	.bar-wrapper {
		max-width: 1100px;
		margin: 0 auto;
	}
	.bar-wrapper.has-sidebar {
		max-width: 1430px;
	}
	.mainbar {
		margin: 0;
		padding-right: 1px;
	}
	.mainbar.has-sidebar {
		margin-left: 330px;
	}
	@media (min-width: 1511px) {
		.sidebar {
			width: 400px;
		}
		.bar-wrapper.has-sidebar {
			max-width: 1510px;
		}
		.mainbar.has-sidebar {
			margin-left: 410px;
		}
	}
	.section.first-section {
		margin-top: 9px;
	}
	.blocklink small {
		white-space: normal;
	}
	.button {
		vertical-align: middle;
	}
	.replay-controls {
		padding-top: 10px;
	}
	.replay-controls h1 {
		font-size: 16pt;
		font-weight: normal;
		color: #CCC;
	}
	.pagelink {
		text-align: center;
	}
	.pagelink a {
		width: 150px;
	}
	.textbox, .button {
		font-size: 11pt;
		vertical-align: middle;
	}
	@media (max-width: 450px) {
		.button {
			font-size: 9pt;
		}
	}
</style>

<div>

	<header>
		<div class="nav-wrapper"><ul class="nav">
			<li><a class="button nav-first" href="//pokemonshowdown.com/"><img src="//pokemonshowdown.com/images/pokemonshowdownbeta.png" srcset="//pokemonshowdown.com/images/pokemonshowdownbeta.png 1x, //pokemonshowdown.com/images/pokemonshowdownbeta@2x.png 2x" alt="Pok&eacute;mon Showdown" width="146" height="44" /> Home</a></li>
			<li><a class="button" href="//pokemonshowdown.com/dex/">Pok&eacute;dex</a></li>
			<li><a class="button cur" href="/">Replays</a></li>
			<li><a class="button" href="//pokemonshowdown.com/ladder/">Ladder</a></li>
			<li><a class="button nav-last" href="//pokemonshowdown.com/forums/">Forum</a></li>
			<li><a class="button greenbutton nav-first nav-last" href="//play.pokemonshowdown.com/">Play</a></li>
		</ul></div>
	</header>

	<div class="main" id="main">

		<noscript><section class="section">You need to enable JavaScript to use this page; sorry!</section></noscript>

	</div>

</div>

<script defer nomodule src="//play.pokemonshowdown.com/js/lib/ps-polyfill.js"></script>
<script defer src="//play.pokemonshowdown.com/js/lib/preact.min.js"></script>

<script defer src="//play.pokemonshowdown.com/config/config.js?2bddbc15"></script>
<script defer src="//play.pokemonshowdown.com/js/lib/jquery-1.11.0.min.js"></script>
<script defer src="//play.pokemonshowdown.com/js/lib/html-sanitizer-minified.js"></script>
<script defer src="//play.pokemonshowdown.com/js/battle-sound.js"></script>
<script defer src="//play.pokemonshowdown.com/js/battledata.js?0.7209276989879541"></script>
<script defer src="//play.pokemonshowdown.com/data/pokedex-mini.js?0.6111056340867951"></script>
<script defer src="//play.pokemonshowdown.com/data/pokedex-mini-bw.js?0.3532142036491459"></script>
<script defer src="//play.pokemonshowdown.com/data/graphics.js?0.24223875632456182"></script>
<script defer src="//play.pokemonshowdown.com/data/pokedex.js?0.38839984266356864"></script>
<script defer src="//play.pokemonshowdown.com/data/moves.js?0.21866028504024015"></script>
<script defer src="//play.pokemonshowdown.com/data/abilities.js?0.2005157953846628"></script>
<script defer src="//play.pokemonshowdown.com/data/items.js?0.9894211263848525"></script>
<script defer src="//play.pokemonshowdown.com/data/teambuilder-tables.js?0.6008791140282215"></script>
<script defer src="//play.pokemonshowdown.com/js/battle-tooltips.js?0.7580118955022959"></script>
<script defer src="//play.pokemonshowdown.com/js/battle.js?0.6057722274234274"></script>

<script defer src="js/utils.js?e31f9a17"></script>
<script defer src="js/replays-battle.js?7008c182"></script>

<!-- don't scrape this data! just add .json or .log after the URL!
Full API docs: https://github.com/smogon/pokemon-showdown-client/blob/master/WEB-API.md -->
<script type="text/plain" class="log" id="replaylog-smogtours-gen3ou-803190">
|inactive|Battle timer is ON: inactive players will automatically lose when time's up.
|t:|1730159122
|gametype|singles
|player|p1|RodentCollector|bugcatcher-gen4dp|
|player|p2|jlev|169|
|teamsize|p1|6
|teamsize|p2|6
|gen|3
|tier|[Gen 3] OU
|rule|Sleep Clause Mod: Limit one foe put to sleep
|rule|Switch Priority Clause Mod: Faster Pokémon switch first
|rule|Species Clause: Limit one of each Pokémon
|rule|OHKO Clause: OHKO moves are banned
|rule|Evasion Items Clause: Evasion items are banned
|rule|Evasion Moves Clause: Evasion moves are banned
|rule|Endless Battle Clause: Forcing endless battles is banned
|rule|HP Percentage Mod: HP is shown in percentages
|rule|One Boost Passer Clause: Limit one Baton Passer that has a way to boost its stats
|rule|Freeze Clause Mod: Limit one foe frozen
|
|t:|1730159122
|start
|switch|p1a: Tyranitar|Tyranitar, M|100/100
|switch|p2a: Aerodactyl|Aerodactyl, F|100/100
|-weather|Sandstorm|[from] ability: Sand Stream|[of] p1a: Tyranitar
|turn|1
|inactive|RodentCollector has 270 seconds left.
|c|☆RodentCollector|glhf
|c|☆jlev|you too
|
|t:|1730159179
|switch|p2a: Swampert|Swampert, F|100/100
|switch|p1a: Skarmory|Skarmory, M|100/100
|
|-weather|Sandstorm|[upkeep]
|upkeep
|turn|2
|
|t:|1730159187
|switch|p2a: Forretress|Forretress, M|100/100
|move|p1a: Skarmory|Spikes|p2a: Forretress
|-sidestart|p2: jlev|Spikes
|
|-weather|Sandstorm|[upkeep]
|upkeep
|turn|3
|
|t:|1730159195
|move|p1a: Skarmory|Taunt|p2a: Forretress
|-start|p2a: Forretress|move: Taunt
|cant|p2a: Forretress|move: Taunt|Spikes
|
|-weather|Sandstorm|[upkeep]
|upkeep
|turn|4
|
|t:|1730159210
|move|p1a: Skarmory|Drill Peck|p2a: Forretress
|-damage|p2a: Forretress|84/100
|move|p2a: Forretress|Rapid Spin|p1a: Skarmory
|-resisted|p1a: Skarmory
|-damage|p1a: Skarmory|99/100
|-sideend|p2: jlev|Spikes|[from] move: Rapid Spin|[of] p2a: Forretress
|
|-weather|Sandstorm|[upkeep]
|-heal|p1a: Skarmory|100/100|[from] item: Leftovers
|-heal|p2a: Forretress|90/100|[from] item: Leftovers
|-end|p2a: Forretress|move: Taunt|[silent]
|upkeep
|turn|5
|
|t:|1730159231
|move|p1a: Skarmory|Drill Peck|p2a: Forretress
|-damage|p2a: Forretress|72/100
|move|p2a: Forretress|Spikes|p1a: Skarmory
|-sidestart|p1: RodentCollector|Spikes
|
|-weather|Sandstorm|[upkeep]
|-heal|p2a: Forretress|78/100|[from] item: Leftovers
|upkeep
|turn|6
|
|t:|1730159244
|switch|p2a: Zapdos|Zapdos|100/100
|move|p1a: Skarmory|Taunt|p2a: Zapdos
|-start|p2a: Zapdos|move: Taunt
|
|-weather|Sandstorm|[upkeep]
|-damage|p2a: Zapdos|94/100|[from] Sandstorm
|-heal|p2a: Zapdos|100/100|[from] item: Leftovers
|upkeep
|turn|7
|inactive|jlev has 270 seconds left.
|
|t:|1730159273
|switch|p1a: Celebi|Celebi|100/100
|-damage|p1a: Celebi|88/100|[from] Spikes
|move|p2a: Zapdos|Thunderbolt|p1a: Celebi
|-resisted|p1a: Celebi
|-damage|p1a: Celebi|72/100
|
|-weather|Sandstorm|[upkeep]
|-damage|p1a: Celebi|66/100|[from] Sandstorm
|-damage|p2a: Zapdos|94/100|[from] Sandstorm
|-heal|p1a: Celebi|72/100|[from] item: Leftovers
|-heal|p2a: Zapdos|100/100|[from] item: Leftovers
|-end|p2a: Zapdos|move: Taunt|[silent]
|upkeep
|turn|8
|inactive|jlev has 270 seconds left.
|
|t:|1730159305
|switch|p2a: Blissey|Blissey, F|100/100
|move|p1a: Celebi|Leech Seed|p2a: Blissey
|-start|p2a: Blissey|move: Leech Seed
|
|-weather|Sandstorm|[upkeep]
|-damage|p1a: Celebi|66/100|[from] Sandstorm
|-damage|p2a: Blissey|94/100|[from] Sandstorm
|-heal|p1a: Celebi|72/100|[from] item: Leftovers
|-heal|p2a: Blissey|100/100|[from] item: Leftovers
|-damage|p2a: Blissey|88/100|[from] Leech Seed|[of] p1a: Celebi
|-heal|p1a: Celebi|93/100|[silent]
|upkeep
|turn|9
|
|t:|1730159331
|switch|p1a: Skarmory|Skarmory, M|100/100
|move|p2a: Blissey|Wish|p2a: Blissey
|
|-weather|Sandstorm|[upkeep]
|-damage|p2a: Blissey|82/100|[from] Sandstorm
|-heal|p2a: Blissey|88/100|[from] item: Leftovers
|-damage|p2a: Blissey|76/100|[from] Leech Seed|[of] p1a: Skarmory
|upkeep
|turn|10
|
|t:|1730159340
|switch|p2a: Forretress|Forretress, M|78/100
|move|p1a: Skarmory|Roar|p2a: Forretress
|drag|p2a: Aerodactyl|Aerodactyl, F|100/100
|
|-weather|Sandstorm|[upkeep]
|upkeep
|turn|11
|
|t:|1730159351
|move|p2a: Aerodactyl|Rock Slide|p1a: Skarmory
|-damage|p1a: Skarmory|62/100
|move|p1a: Skarmory|Spikes|p2a: Aerodactyl
|-sidestart|p2: jlev|Spikes
|
|-weather|Sandstorm|[upkeep]
|-heal|p1a: Skarmory|68/100|[from] item: Leftovers
|upkeep
|turn|12
|
|t:|1730159361
|switch|p2a: Forretress|Forretress, M|78/100
|-damage|p2a: Forretress|65/100|[from] Spikes
|switch|p1a: Swampert|Swampert, F|100/100
|-damage|p1a: Swampert|88/100|[from] Spikes
|
|-weather|Sandstorm|[upkeep]
|-heal|p1a: Swampert|94/100|[from] item: Leftovers
|-heal|p2a: Forretress|72/100|[from] item: Leftovers
|upkeep
|turn|13
|
|t:|1730159370
|move|p1a: Swampert|Hydro Pump|p2a: Forretress|[miss]
|-miss|p1a: Swampert|p2a: Forretress
|move|p2a: Forretress|Rapid Spin|p1a: Swampert
|-damage|p1a: Swampert|91/100
|-sideend|p2: jlev|Spikes|[from] move: Rapid Spin|[of] p2a: Forretress
|
|-weather|Sandstorm|[upkeep]
|-heal|p1a: Swampert|97/100|[from] item: Leftovers
|-heal|p2a: Forretress|78/100|[from] item: Leftovers
|upkeep
|turn|14
|inactive|jlev has 270 seconds left.
|
|t:|1730159383
|move|p1a: Swampert|Hydro Pump|p2a: Forretress|[miss]
|-miss|p1a: Swampert|p2a: Forretress
|move|p2a: Forretress|Spikes|p1a: Swampert
|-sidestart|p1: RodentCollector|Spikes
|
|-weather|Sandstorm|[upkeep]
|-heal|p1a: Swampert|100/100|[from] item: Leftovers
|-heal|p2a: Forretress|84/100|[from] item: Leftovers
|upkeep
|turn|15
|c|☆jlev|mb
|inactive|jlev has 270 seconds left.
|
|t:|1730159408
|switch|p2a: Zapdos|Zapdos|100/100
|move|p1a: Swampert|Hydro Pump|p2a: Zapdos
|-damage|p2a: Zapdos|68/100
|
|-weather|Sandstorm|[upkeep]
|-damage|p2a: Zapdos|62/100|[from] Sandstorm
|-heal|p2a: Zapdos|68/100|[from] item: Leftovers
|upkeep
|turn|16
|
|t:|1730159418
|switch|p1a: Celebi|Celebi|93/100
|-damage|p1a: Celebi|77/100|[from] Spikes
|move|p2a: Zapdos|Roar|p1a: Celebi
|drag|p1a: Tyranitar|Tyranitar, M|100/100
|-damage|p1a: Tyranitar|84/100|[from] Spikes
|
|-weather|Sandstorm|[upkeep]
|-damage|p2a: Zapdos|62/100|[from] Sandstorm
|-heal|p2a: Zapdos|68/100|[from] item: Leftovers
|-heal|p1a: Tyranitar|90/100|[from] item: Leftovers
|upkeep
|turn|17
|
|t:|1730159436
|switch|p2a: Swampert|Swampert, F|100/100
|switch|p1a: Celebi|Celebi|77/100
|-damage|p1a: Celebi|60/100|[from] Spikes
|
|-weather|Sandstorm|[upkeep]
|-damage|p1a: Celebi|54/100|[from] Sandstorm
|-heal|p1a: Celebi|60/100|[from] item: Leftovers
|upkeep
|turn|18
|
|t:|1730159451
|switch|p2a: Blissey|Blissey, F|76/100
|move|p1a: Celebi|Leech Seed|p2a: Blissey
|-start|p2a: Blissey|move: Leech Seed
|
|-weather|Sandstorm|[upkeep]
|-damage|p1a: Celebi|54/100|[from] Sandstorm
|-damage|p2a: Blissey|69/100|[from] Sandstorm
|-heal|p1a: Celebi|60/100|[from] item: Leftovers
|-heal|p2a: Blissey|76/100|[from] item: Leftovers
|-damage|p2a: Blissey|63/100|[from] Leech Seed|[of] p1a: Celebi
|-heal|p1a: Celebi|81/100|[silent]
|upkeep
|turn|19
|inactive|RodentCollector has 270 seconds left.
|
|t:|1730159485
|move|p1a: Celebi|Psychic|p2a: Blissey
|-damage|p2a: Blissey|48/100
|move|p2a: Blissey|Soft-Boiled|p2a: Blissey
|-heal|p2a: Blissey|97/100
|
|-weather|Sandstorm|[upkeep]
|-damage|p1a: Celebi|75/100|[from] Sandstorm
|-damage|p2a: Blissey|91/100|[from] Sandstorm
|-heal|p1a: Celebi|81/100|[from] item: Leftovers
|-heal|p2a: Blissey|97/100|[from] item: Leftovers
|-damage|p2a: Blissey|85/100|[from] Leech Seed|[of] p1a: Celebi
|-heal|p1a: Celebi|100/100|[silent]
|upkeep
|turn|20
|inactive|RodentCollector has 270 seconds left.
|
|t:|1730159500
|move|p1a: Celebi|Psychic|p2a: Blissey
|-damage|p2a: Blissey|69/100
|move|p2a: Blissey|Wish|p2a: Blissey
|
|-weather|Sandstorm|[upkeep]
|-damage|p1a: Celebi|94/100|[from] Sandstorm
|-damage|p2a: Blissey|63/100|[from] Sandstorm
|-heal|p1a: Celebi|100/100|[from] item: Leftovers
|-heal|p2a: Blissey|69/100|[from] item: Leftovers
|-damage|p2a: Blissey|57/100|[from] Leech Seed|[of] p1a: Celebi
|upkeep
|turn|21
|inactive|RodentCollector has 270 seconds left.
|
|t:|1730159532
|switch|p1a: Skarmory|Skarmory, M|68/100
|move|p2a: Blissey|Ice Beam|p1a: Skarmory
|-damage|p1a: Skarmory|45/100
|
|-heal|p2a: Blissey|100/100|[from] move: Wish|[wisher] Blissey
|-weather|Sandstorm|[upkeep]
|-damage|p2a: Blissey|94/100|[from] Sandstorm
|-heal|p1a: Skarmory|50/100|[from] item: Leftovers
|-heal|p2a: Blissey|100/100|[from] item: Leftovers
|-damage|p2a: Blissey|88/100|[from] Leech Seed|[of] p1a: Skarmory
|-heal|p1a: Skarmory|75/100|[silent]
|upkeep
|turn|22
|
|t:|1730159554
|switch|p2a: Zapdos|Zapdos|68/100
|move|p1a: Skarmory|Spikes|p2a: Zapdos
|-sidestart|p2: jlev|Spikes
|
|-weather|Sandstorm|[upkeep]
|-damage|p2a: Zapdos|62/100|[from] Sandstorm
|-heal|p2a: Zapdos|68/100|[from] item: Leftovers
|-heal|p1a: Skarmory|81/100|[from] item: Leftovers
|upkeep
|turn|23
|
|t:|1730159564
|switch|p1a: Celebi|Celebi|100/100
|-damage|p1a: Celebi|84/100|[from] Spikes
|move|p2a: Zapdos|Thunderbolt|p1a: Celebi
|-resisted|p1a: Celebi
|-damage|p1a: Celebi|68/100
|
|-weather|Sandstorm|[upkeep]
|-damage|p1a: Celebi|62/100|[from] Sandstorm
|-damage|p2a: Zapdos|62/100|[from] Sandstorm
|-heal|p1a: Celebi|68/100|[from] item: Leftovers
|-heal|p2a: Zapdos|68/100|[from] item: Leftovers
|upkeep
|turn|24
|
|t:|1730159581
|switch|p2a: Blissey|Blissey, F|88/100
|-damage|p2a: Blissey|76/100|[from] Spikes
|move|p1a: Celebi|Leech Seed|p2a: Blissey
|-start|p2a: Blissey|move: Leech Seed
|
|-weather|Sandstorm|[upkeep]
|-damage|p1a: Celebi|62/100|[from] Sandstorm
|-damage|p2a: Blissey|69/100|[from] Sandstorm
|-heal|p1a: Celebi|68/100|[from] item: Leftovers
|-heal|p2a: Blissey|76/100|[from] item: Leftovers
|-damage|p2a: Blissey|63/100|[from] Leech Seed|[of] p1a: Celebi
|-heal|p1a: Celebi|89/100|[silent]
|upkeep
|turn|25
|inactive|RodentCollector has 270 seconds left.
|
|t:|1730159593
|move|p1a: Celebi|Psychic|p2a: Blissey
|-damage|p2a: Blissey|46/100
|move|p2a: Blissey|Wish|p2a: Blissey
|
|-weather|Sandstorm|[upkeep]
|-damage|p1a: Celebi|83/100|[from] Sandstorm
|-damage|p2a: Blissey|40/100|[from] Sandstorm
|-heal|p1a: Celebi|89/100|[from] item: Leftovers
|-heal|p2a: Blissey|46/100|[from] item: Leftovers
|-damage|p2a: Blissey|34/100|[from] Leech Seed|[of] p1a: Celebi
|-heal|p1a: Celebi|100/100|[silent]
|upkeep
|turn|26
|inactive|RodentCollector has 270 seconds left.
|inactive|RodentCollector has 240 seconds left.
|inactive|RodentCollector has 210 seconds left.
|
|t:|1730159662
|switch|p1a: Tyranitar|Tyranitar, M|90/100
|-damage|p1a: Tyranitar|74/100|[from] Spikes
|move|p2a: Blissey|Ice Beam|p1a: Tyranitar
|-damage|p1a: Tyranitar|51/100
|
|-heal|p2a: Blissey|83/100|[from] move: Wish|[wisher] Blissey
|-weather|Sandstorm|[upkeep]
|-damage|p2a: Blissey|77/100|[from] Sandstorm
|-heal|p1a: Tyranitar|58/100|[from] item: Leftovers
|-heal|p2a: Blissey|83/100|[from] item: Leftovers
|-damage|p2a: Blissey|71/100|[from] Leech Seed|[of] p1a: Tyranitar
|-heal|p1a: Tyranitar|79/100|[silent]
|upkeep
|turn|27
|inactive|RodentCollector has 210 seconds left.
|
|t:|1730159679
|switch|p2a: Swampert|Swampert, F|100/100
|-damage|p2a: Swampert|88/100|[from] Spikes
|move|p1a: Tyranitar|Dragon Dance|p1a: Tyranitar
|-boost|p1a: Tyranitar|atk|1
|-boost|p1a: Tyranitar|spe|1
|
|-weather|Sandstorm|[upkeep]
|-heal|p1a: Tyranitar|85/100|[from] item: Leftovers
|-heal|p2a: Swampert|94/100|[from] item: Leftovers
|upkeep
|turn|28
|inactive|RodentCollector has 210 seconds left.
|
|t:|1730159690
|move|p1a: Tyranitar|Earthquake|p2a: Swampert
|-damage|p2a: Swampert|58/100
|move|p2a: Swampert|Surf|p1a: Tyranitar
|-supereffective|p1a: Tyranitar
|-damage|p1a: Tyranitar|34/100
|
|-weather|Sandstorm|[upkeep]
|-heal|p1a: Tyranitar|40/100|[from] item: Leftovers
|-heal|p2a: Swampert|64/100|[from] item: Leftovers
|upkeep
|turn|29
|
|t:|1730159706
|move|p1a: Tyranitar|Double-Edge|p2a: Swampert
|-damage|p2a: Swampert|22/100
|-damage|p1a: Tyranitar|26/100|[from] Recoil|[of] p2a: Swampert
|move|p2a: Swampert|Surf|p1a: Tyranitar
|-supereffective|p1a: Tyranitar
|-damage|p1a: Tyranitar|0 fnt
|faint|p1a: Tyranitar
|inactive|RodentCollector has 210 seconds left.
|
|t:|1730159725
|switch|p1a: Celebi|Celebi|100/100
|-damage|p1a: Celebi|84/100|[from] Spikes
|
|-weather|Sandstorm|[upkeep]
|-damage|p1a: Celebi|78/100|[from] Sandstorm
|-heal|p1a: Celebi|84/100|[from] item: Leftovers
|-heal|p2a: Swampert|29/100|[from] item: Leftovers
|upkeep
|turn|30
|
|t:|1730159744
|move|p2a: Swampert|Protect|p2a: Swampert
|-singleturn|p2a: Swampert|Protect
|move|p1a: Celebi|Leech Seed|p2a: Swampert
|-activate|p2a: Swampert|Protect
|
|-weather|Sandstorm|[upkeep]
|-damage|p1a: Celebi|78/100|[from] Sandstorm
|-heal|p1a: Celebi|84/100|[from] item: Leftovers
|-heal|p2a: Swampert|35/100|[from] item: Leftovers
|upkeep
|turn|31
|
|t:|1730159754
|switch|p2a: Forretress|Forretress, M|84/100
|-damage|p2a: Forretress|72/100|[from] Spikes
|move|p1a: Celebi|Leech Seed|p2a: Forretress
|-start|p2a: Forretress|move: Leech Seed
|
|-weather|Sandstorm|[upkeep]
|-damage|p1a: Celebi|78/100|[from] Sandstorm
|-heal|p1a: Celebi|84/100|[from] item: Leftovers
|-heal|p2a: Forretress|78/100|[from] item: Leftovers
|-damage|p2a: Forretress|65/100|[from] Leech Seed|[of] p1a: Celebi
|-heal|p1a: Celebi|95/100|[silent]
|upkeep
|turn|32
|inactive|jlev has 240 seconds left.
|
|t:|1730159780
|switch|p2a: Blissey|Blissey, F|71/100
|-damage|p2a: Blissey|59/100|[from] Spikes
|move|p1a: Celebi|Hidden Power|p2a: Blissey
|-damage|p2a: Blissey|50/100
|
|-weather|Sandstorm|[upkeep]
|-damage|p1a: Celebi|89/100|[from] Sandstorm
|-damage|p2a: Blissey|44/100|[from] Sandstorm
|-heal|p1a: Celebi|95/100|[from] item: Leftovers
|-heal|p2a: Blissey|50/100|[from] item: Leftovers
|upkeep
|turn|33
|inactive|jlev has 240 seconds left.
|
|t:|1730159796
|move|p1a: Celebi|Leech Seed|p2a: Blissey
|-start|p2a: Blissey|move: Leech Seed
|move|p2a: Blissey|Soft-Boiled|p2a: Blissey
|-heal|p2a: Blissey|99/100
|
|-weather|Sandstorm|[upkeep]
|-damage|p1a: Celebi|89/100|[from] Sandstorm
|-damage|p2a: Blissey|94/100|[from] Sandstorm
|-heal|p1a: Celebi|95/100|[from] item: Leftovers
|-heal|p2a: Blissey|99/100|[from] item: Leftovers
|-damage|p2a: Blissey|88/100|[from] Leech Seed|[of] p1a: Celebi
|-heal|p1a: Celebi|100/100|[silent]
|upkeep
|turn|34
|inactive|RodentCollector has 240 seconds left.
|
|t:|1730159821
|switch|p1a: Skarmory|Skarmory, M|81/100
|move|p2a: Blissey|Wish|p2a: Blissey
|
|-weather|Sandstorm|[upkeep]
|-damage|p2a: Blissey|82/100|[from] Sandstorm
|-heal|p1a: Skarmory|87/100|[from] item: Leftovers
|-heal|p2a: Blissey|88/100|[from] item: Leftovers
|-damage|p2a: Blissey|75/100|[from] Leech Seed|[of] p1a: Skarmory
|-heal|p1a: Skarmory|100/100|[silent]
|upkeep
|turn|35
|
|t:|1730159851
|switch|p2a: Forretress|Forretress, M|65/100
|-damage|p2a: Forretress|53/100|[from] Spikes
|move|p1a: Skarmory|Roar|p2a: Forretress
|drag|p2a: Aerodactyl|Aerodactyl, F|100/100
|
|-weather|Sandstorm|[upkeep]
|upkeep
|turn|36
|inactive|jlev has 210 seconds left.
|
|t:|1730159872
|move|p2a: Aerodactyl|Rock Slide|p1a: Skarmory
|-damage|p1a: Skarmory|55/100
|cant|p1a: Skarmory|flinch
|
|-weather|Sandstorm|[upkeep]
|-heal|p1a: Skarmory|61/100|[from] item: Leftovers
|upkeep
|turn|37
|inactive|jlev has 210 seconds left.
|
|t:|1730159878
|switch|p1a: Swampert|Swampert, F|100/100
|-damage|p1a: Swampert|84/100|[from] Spikes
|move|p2a: Aerodactyl|Rock Slide|p1a: Swampert
|-resisted|p1a: Swampert
|-damage|p1a: Swampert|62/100
|
|-weather|Sandstorm|[upkeep]
|-heal|p1a: Swampert|68/100|[from] item: Leftovers
|upkeep
|turn|38
|inactive|jlev has 210 seconds left.
|
|t:|1730159892
|switch|p2a: Zapdos|Zapdos|68/100
|move|p1a: Swampert|Ice Beam|p2a: Zapdos
|-supereffective|p2a: Zapdos
|-damage|p2a: Zapdos|33/100
|
|-weather|Sandstorm|[upkeep]
|-damage|p2a: Zapdos|27/100|[from] Sandstorm
|-heal|p2a: Zapdos|33/100|[from] item: Leftovers
|-heal|p1a: Swampert|74/100|[from] item: Leftovers
|upkeep
|turn|39
|inactive|jlev has 210 seconds left.
|inactive|jlev has 180 seconds left.
|
|t:|1730159934
|move|p2a: Zapdos|Rest|p2a: Zapdos
|-status|p2a: Zapdos|slp|[from] move: Rest
|-heal|p2a: Zapdos|100/100 slp|[silent]
|move|p1a: Swampert|Ice Beam|p2a: Zapdos
|-supereffective|p2a: Zapdos
|-damage|p2a: Zapdos|65/100 slp
|
|-weather|Sandstorm|[upkeep]
|-damage|p2a: Zapdos|59/100 slp|[from] Sandstorm
|-heal|p2a: Zapdos|65/100 slp|[from] item: Leftovers
|-heal|p1a: Swampert|81/100|[from] item: Leftovers
|upkeep
|turn|40
|inactive|jlev has 180 seconds left.
|
|t:|1730159945
|switch|p2a: Blissey|Blissey, F|75/100
|-damage|p2a: Blissey|63/100|[from] Spikes
|move|p1a: Swampert|Ice Beam|p2a: Blissey
|-damage|p2a: Blissey|53/100
|
|-weather|Sandstorm|[upkeep]
|-damage|p2a: Blissey|47/100|[from] Sandstorm
|-heal|p2a: Blissey|53/100|[from] item: Leftovers
|-heal|p1a: Swampert|87/100|[from] item: Leftovers
|upkeep
|turn|41
|inactive|RodentCollector has 210 seconds left.
|inactive|RodentCollector has 180 seconds left.
|
|t:|1730160002
|move|p2a: Blissey|Soft-Boiled|p2a: Blissey
|-heal|p2a: Blissey|100/100
|move|p1a: Swampert|Curse|p1a: Swampert
|-unboost|p1a: Swampert|spe|1
|-boost|p1a: Swampert|atk|1
|-boost|p1a: Swampert|def|1
|
|-weather|Sandstorm|[upkeep]
|-damage|p2a: Blissey|94/100|[from] Sandstorm
|-heal|p2a: Blissey|100/100|[from] item: Leftovers
|-heal|p1a: Swampert|93/100|[from] item: Leftovers
|upkeep
|turn|42
|inactive|RodentCollector has 180 seconds left.
|inactive|jlev has 180 seconds left.
|inactive|jlev has 150 seconds left.
|
|t:|1730160059
|switch|p2a: Swampert|Swampert, F|35/100
|-damage|p2a: Swampert|22/100|[from] Spikes
|move|p1a: Swampert|Curse|p1a: Swampert
|-unboost|p1a: Swampert|spe|1
|-boost|p1a: Swampert|atk|1
|-boost|p1a: Swampert|def|1
|
|-weather|Sandstorm|[upkeep]
|-heal|p2a: Swampert|29/100|[from] item: Leftovers
|-heal|p1a: Swampert|99/100|[from] item: Leftovers
|upkeep
|turn|43
|inactive|RodentCollector has 180 seconds left.
|
|t:|1730160069
|switch|p1a: Skarmory|Skarmory, M|61/100
|move|p2a: Swampert|Toxic|p1a: Skarmory
|-immune|p1a: Skarmory
|
|-weather|Sandstorm|[upkeep]
|-heal|p1a: Skarmory|67/100|[from] item: Leftovers
|-heal|p2a: Swampert|35/100|[from] item: Leftovers
|upkeep
|turn|44
|inactive|jlev has 150 seconds left.
|
|t:|1730160099
|move|p2a: Swampert|Surf|p1a: Skarmory
|-damage|p1a: Skarmory|40/100
|move|p1a: Skarmory|Roar|p2a: Swampert
|drag|p2a: Zapdos|Zapdos|65/100 slp
|
|-weather|Sandstorm|[upkeep]
|-damage|p2a: Zapdos|59/100 slp|[from] Sandstorm
|-heal|p2a: Zapdos|65/100 slp|[from] item: Leftovers
|-heal|p1a: Skarmory|46/100|[from] item: Leftovers
|upkeep
|turn|45
|
|t:|1730160109
|switch|p1a: Celebi|Celebi|100/100
|-damage|p1a: Celebi|84/100|[from] Spikes
|cant|p2a: Zapdos|slp
|
|-weather|Sandstorm|[upkeep]
|-damage|p1a: Celebi|78/100|[from] Sandstorm
|-damage|p2a: Zapdos|59/100 slp|[from] Sandstorm
|-heal|p1a: Celebi|84/100|[from] item: Leftovers
|-heal|p2a: Zapdos|65/100 slp|[from] item: Leftovers
|upkeep
|turn|46
|
|t:|1730160133
|move|p1a: Celebi|Leech Seed|p2a: Zapdos
|-start|p2a: Zapdos|move: Leech Seed
|cant|p2a: Zapdos|slp
|
|-weather|Sandstorm|[upkeep]
|-damage|p1a: Celebi|78/100|[from] Sandstorm
|-damage|p2a: Zapdos|59/100 slp|[from] Sandstorm
|-heal|p1a: Celebi|84/100|[from] item: Leftovers
|-heal|p2a: Zapdos|65/100 slp|[from] item: Leftovers
|-damage|p2a: Zapdos|52/100 slp|[from] Leech Seed|[of] p1a: Celebi
|-heal|p1a: Celebi|96/100|[silent]
|upkeep
|turn|47
|inactive|jlev has 120 seconds left.
|
|t:|1730160151
|switch|p2a: Blissey|Blissey, F|100/100
|-damage|p2a: Blissey|88/100|[from] Spikes
|move|p1a: Celebi|Psychic|p2a: Blissey
|-damage|p2a: Blissey|70/100
|
|-weather|Sandstorm|[upkeep]
|-damage|p1a: Celebi|90/100|[from] Sandstorm
|-damage|p2a: Blissey|64/100|[from] Sandstorm
|-heal|p1a: Celebi|96/100|[from] item: Leftovers
|-heal|p2a: Blissey|70/100|[from] item: Leftovers
|upkeep
|turn|48
|inactive|RodentCollector has 210 seconds left.
|inactive|jlev has 120 seconds left.
|
|t:|1730160170
|move|p1a: Celebi|Leech Seed|p2a: Blissey
|-start|p2a: Blissey|move: Leech Seed
|move|p2a: Blissey|Wish|p2a: Blissey
|
|-weather|Sandstorm|[upkeep]
|-damage|p1a: Celebi|90/100|[from] Sandstorm
|-damage|p2a: Blissey|64/100|[from] Sandstorm
|-heal|p1a: Celebi|96/100|[from] item: Leftovers
|-heal|p2a: Blissey|70/100|[from] item: Leftovers
|-damage|p2a: Blissey|57/100|[from] Leech Seed|[of] p1a: Celebi
|-heal|p1a: Celebi|100/100|[silent]
|upkeep
|turn|49
|inactive|RodentCollector has 210 seconds left.
|inactive|jlev has 120 seconds left.
|
|t:|1730160180
|move|p1a: Celebi|Hidden Power|p2a: Blissey
|-damage|p2a: Blissey|49/100
|move|p2a: Blissey|Ice Beam|p1a: Celebi
|-supereffective|p1a: Celebi
|-damage|p1a: Celebi|59/100
|
|-heal|p2a: Blissey|99/100|[from] move: Wish|[wisher] Blissey
|-weather|Sandstorm|[upkeep]
|-damage|p1a: Celebi|53/100|[from] Sandstorm
|-damage|p2a: Blissey|92/100|[from] Sandstorm
|-heal|p1a: Celebi|59/100|[from] item: Leftovers
|-heal|p2a: Blissey|99/100|[from] item: Leftovers
|-damage|p2a: Blissey|86/100|[from] Leech Seed|[of] p1a: Celebi
|-heal|p1a: Celebi|80/100|[silent]
|upkeep
|turn|50
|inactive|RodentCollector has 210 seconds left.
|
|t:|1730160190
|move|p1a: Celebi|Psychic|p2a: Blissey
|-damage|p2a: Blissey|68/100
|move|p2a: Blissey|Wish|p2a: Blissey
|
|-weather|Sandstorm|[upkeep]
|-damage|p1a: Celebi|74/100|[from] Sandstorm
|-damage|p2a: Blissey|62/100|[from] Sandstorm
|-heal|p1a: Celebi|80/100|[from] item: Leftovers
|-heal|p2a: Blissey|68/100|[from] item: Leftovers
|-damage|p2a: Blissey|55/100|[from] Leech Seed|[of] p1a: Celebi
|-heal|p1a: Celebi|100/100|[silent]
|upkeep
|turn|51
|inactive|RodentCollector has 210 seconds left.
|inactive|jlev has 120 seconds left.
|
|t:|1730160207
|switch|p2a: Tyranitar|Tyranitar, M|100/100
|-damage|p2a: Tyranitar|88/100|[from] Spikes
|move|p1a: Celebi|Psychic|p2a: Tyranitar
|-immune|p2a: Tyranitar
|
|-heal|p2a: Tyranitar|100/100|[from] move: Wish|[wisher] Blissey
|-weather|Sandstorm|[upkeep]
|-damage|p1a: Celebi|94/100|[from] Sandstorm
|-heal|p1a: Celebi|100/100|[from] item: Leftovers
|upkeep
|turn|52
|inactive|RodentCollector has 210 seconds left.
|inactive|jlev has 120 seconds left.
|
|t:|1730160231
|move|p1a: Celebi|Giga Drain|p2a: Tyranitar
|-supereffective|p2a: Tyranitar
|-damage|p2a: Tyranitar|55/100
|move|p2a: Tyranitar|Crunch|p1a: Celebi
|-supereffective|p1a: Celebi
|-damage|p1a: Celebi|30/100
|-unboost|p1a: Celebi|spd|1
|
|-weather|Sandstorm|[upkeep]
|-damage|p1a: Celebi|24/100|[from] Sandstorm
|-heal|p1a: Celebi|30/100|[from] item: Leftovers
|-heal|p2a: Tyranitar|61/100|[from] item: Leftovers
|upkeep
|turn|53
|inactive|jlev has 120 seconds left.
|inactive|RodentCollector has 180 seconds left.
|
|t:|1730160264
|move|p1a: Celebi|Giga Drain|p2a: Tyranitar
|-supereffective|p2a: Tyranitar
|-crit|p2a: Tyranitar
|-damage|p2a: Tyranitar|0 fnt
|-heal|p1a: Celebi|61/100|[from] drain|[of] p2a: Tyranitar
|faint|p2a: Tyranitar
|c|☆jlev|nuts
|c|☆RodentCollector|mb
|c|☆jlev|all good
|inactive|jlev has 90 seconds left.
|
|t:|1730160283
|switch|p2a: Aerodactyl|Aerodactyl, F|100/100
|
|-weather|Sandstorm|[upkeep]
|-damage|p1a: Celebi|55/100|[from] Sandstorm
|-heal|p1a: Celebi|61/100|[from] item: Leftovers
|upkeep
|turn|54
|inactive|jlev has 90 seconds left.
|inactive|RodentCollector has 180 seconds left.
|
|t:|1730160327
|switch|p1a: Skarmory|Skarmory, M|46/100
|move|p2a: Aerodactyl|Double-Edge|p1a: Skarmory
|-resisted|p1a: Skarmory
|-damage|p1a: Skarmory|25/100
|
|-weather|Sandstorm|[upkeep]
|-heal|p1a: Skarmory|31/100|[from] item: Leftovers
|upkeep
|turn|55
|
|t:|1730160337
|switch|p2a: Forretress|Forretress, M|53/100
|-damage|p2a: Forretress|41/100|[from] Spikes
|move|p1a: Skarmory|Drill Peck|p2a: Forretress
|-damage|p2a: Forretress|23/100
|
|-weather|Sandstorm|[upkeep]
|-heal|p1a: Skarmory|37/100|[from] item: Leftovers
|-heal|p2a: Forretress|29/100|[from] item: Leftovers
|upkeep
|turn|56
|
|t:|1730160344
|move|p1a: Skarmory|Drill Peck|p2a: Forretress
|-damage|p2a: Forretress|13/100
|move|p2a: Forretress|Rapid Spin|p1a: Skarmory
|-resisted|p1a: Skarmory
|-damage|p1a: Skarmory|36/100
|-sideend|p2: jlev|Spikes|[from] move: Rapid Spin|[of] p2a: Forretress
|
|-weather|Sandstorm|[upkeep]
|-heal|p1a: Skarmory|42/100|[from] item: Leftovers
|-heal|p2a: Forretress|19/100|[from] item: Leftovers
|upkeep
|turn|57
|
|t:|1730160364
|move|p1a: Skarmory|Drill Peck|p2a: Forretress
|-damage|p2a: Forretress|2/100
|move|p2a: Forretress|Explosion|p1a: Skarmory
|-resisted|p1a: Skarmory
|-damage|p1a: Skarmory|4/100
|faint|p2a: Forretress
|inactive|jlev has 60 seconds left.
|
|t:|1730160399
|switch|p2a: Aerodactyl|Aerodactyl, F|100/100
|
|-weather|Sandstorm|[upkeep]
|-heal|p1a: Skarmory|10/100|[from] item: Leftovers
|upkeep
|turn|58
|inactive|RodentCollector has 180 seconds left.
|
|t:|1730160428
|move|p2a: Aerodactyl|Double-Edge|p1a: Skarmory
|-resisted|p1a: Skarmory
|-damage|p1a: Skarmory|0 fnt
|faint|p1a: Skarmory
|
|t:|1730160431
|switch|p1a: Aerodactyl|Aerodactyl, F|100/100
|
|-weather|Sandstorm|[upkeep]
|upkeep
|turn|59
|inactive|jlev has 30 seconds left.
|
|t:|1730160467
|move|p1a: Aerodactyl|Rock Slide|p2a: Aerodactyl
|-supereffective|p2a: Aerodactyl
|-damage|p2a: Aerodactyl|0 fnt
|faint|p2a: Aerodactyl
|inactive|jlev has 30 seconds left this turn.
|
|t:|1730160471
|switch|p2a: Swampert|Swampert, F|35/100
|
|-weather|Sandstorm|[upkeep]
|-heal|p2a: Swampert|41/100|[from] item: Leftovers
|upkeep
|turn|60
|
|t:|1730160481
|switch|p1a: Celebi|Celebi|61/100
|-damage|p1a: Celebi|44/100|[from] Spikes
|move|p2a: Swampert|Toxic|p1a: Celebi
|-status|p1a: Celebi|tox
|
|-weather|Sandstorm|[upkeep]
|-damage|p1a: Celebi|38/100 tox|[from] Sandstorm
|-heal|p1a: Celebi|44/100 tox|[from] item: Leftovers
|-damage|p1a: Celebi|38/100 tox|[from] psn
|-heal|p2a: Swampert|47/100|[from] item: Leftovers
|upkeep
|turn|61
|
|t:|1730160491
|-curestatus|p1a: Celebi|tox|[from] ability: Natural Cure
|switch|p1a: Zapdos|Zapdos|100/100
|move|p2a: Swampert|Protect||[still]
|-fail|p2a: Swampert
|
|-weather|Sandstorm|[upkeep]
|-damage|p1a: Zapdos|94/100|[from] Sandstorm
|-heal|p1a: Zapdos|100/100|[from] item: Leftovers
|-heal|p2a: Swampert|53/100|[from] item: Leftovers
|upkeep
|turn|62
|
|t:|1730160502
|move|p2a: Swampert|Protect|p2a: Swampert
|-singleturn|p2a: Swampert|Protect
|move|p1a: Zapdos|Toxic|p2a: Swampert
|-activate|p2a: Swampert|Protect
|
|-weather|Sandstorm|[upkeep]
|-damage|p1a: Zapdos|94/100|[from] Sandstorm
|-heal|p1a: Zapdos|100/100|[from] item: Leftovers
|-heal|p2a: Swampert|60/100|[from] item: Leftovers
|upkeep
|turn|63
|
|t:|1730160511
|switch|p2a: Blissey|Blissey, F|55/100
|move|p1a: Zapdos|Toxic|p2a: Blissey|[miss]
|-miss|p1a: Zapdos|p2a: Blissey
|
|-weather|Sandstorm|[upkeep]
|-damage|p1a: Zapdos|94/100|[from] Sandstorm
|-damage|p2a: Blissey|49/100|[from] Sandstorm
|-heal|p1a: Zapdos|100/100|[from] item: Leftovers
|-heal|p2a: Blissey|55/100|[from] item: Leftovers
|upkeep
|turn|64
|inactive|RodentCollector has 210 seconds left.
|
|t:|1730160536
|move|p1a: Zapdos|Toxic|p2a: Blissey
|-status|p2a: Blissey|tox
|move|p2a: Blissey|Ice Beam|p1a: Zapdos
|-supereffective|p1a: Zapdos
|-damage|p1a: Zapdos|52/100
|
|-weather|Sandstorm|[upkeep]
|-damage|p1a: Zapdos|46/100|[from] Sandstorm
|-damage|p2a: Blissey|49/100 tox|[from] Sandstorm
|-heal|p1a: Zapdos|52/100|[from] item: Leftovers
|-heal|p2a: Blissey|55/100 tox|[from] item: Leftovers
|-damage|p2a: Blissey|49/100 tox|[from] psn
|upkeep
|turn|65
|
|t:|1730160550
|move|p1a: Zapdos|Thunderbolt|p2a: Blissey
|-crit|p2a: Blissey
|-damage|p2a: Blissey|9/100 tox
|move|p2a: Blissey|Soft-Boiled|p2a: Blissey
|-heal|p2a: Blissey|59/100 tox
|
|-weather|Sandstorm|[upkeep]
|-damage|p1a: Zapdos|46/100|[from] Sandstorm
|-damage|p2a: Blissey|52/100 tox|[from] Sandstorm
|-heal|p1a: Zapdos|52/100|[from] item: Leftovers
|-heal|p2a: Blissey|59/100 tox|[from] item: Leftovers
|-damage|p2a: Blissey|46/100 tox|[from] psn
|upkeep
|turn|66
|
|t:|1730160557
|switch|p1a: Celebi|Celebi|38/100
|-damage|p1a: Celebi|22/100|[from] Spikes
|-curestatus|p2a: Blissey|tox|[from] ability: Natural Cure
|switch|p2a: Swampert|Swampert, F|60/100
|
|-weather|Sandstorm|[upkeep]
|-damage|p1a: Celebi|16/100|[from] Sandstorm
|-heal|p1a: Celebi|22/100|[from] item: Leftovers
|-heal|p2a: Swampert|66/100|[from] item: Leftovers
|upkeep
|turn|67
|inactive|jlev has 60 seconds left.
|
|t:|1730160566
|move|p2a: Swampert|Protect|p2a: Swampert
|-singleturn|p2a: Swampert|Protect
|move|p1a: Celebi|Giga Drain|p2a: Swampert
|-activate|p2a: Swampert|Protect
|
|-weather|Sandstorm|[upkeep]
|-damage|p1a: Celebi|16/100|[from] Sandstorm
|-heal|p1a: Celebi|22/100|[from] item: Leftovers
|-heal|p2a: Swampert|72/100|[from] item: Leftovers
|upkeep
|turn|68
|inactive|jlev has 60 seconds left.
|
|t:|1730160580
|switch|p2a: Zapdos|Zapdos|52/100 slp
|move|p1a: Celebi|Leech Seed|p2a: Zapdos
|-start|p2a: Zapdos|move: Leech Seed
|
|-weather|Sandstorm|[upkeep]
|-damage|p1a: Celebi|16/100|[from] Sandstorm
|-damage|p2a: Zapdos|46/100 slp|[from] Sandstorm
|-heal|p1a: Celebi|22/100|[from] item: Leftovers
|-heal|p2a: Zapdos|52/100 slp|[from] item: Leftovers
|-damage|p2a: Zapdos|40/100 slp|[from] Leech Seed|[of] p1a: Celebi
|-heal|p1a: Celebi|34/100|[silent]
|upkeep
|turn|69
|
|t:|1730160589
|switch|p2a: Blissey|Blissey, F|46/100
|move|p1a: Celebi|Psychic|p2a: Blissey
|-damage|p2a: Blissey|30/100
|
|-weather|Sandstorm|[upkeep]
|-damage|p1a: Celebi|28/100|[from] Sandstorm
|-damage|p2a: Blissey|24/100|[from] Sandstorm
|-heal|p1a: Celebi|34/100|[from] item: Leftovers
|-heal|p2a: Blissey|30/100|[from] item: Leftovers
|upkeep
|turn|70
|inactive|jlev has 60 seconds left.
|
|t:|1730160607
|move|p1a: Celebi|Leech Seed|p2a: Blissey
|-start|p2a: Blissey|move: Leech Seed
|move|p2a: Blissey|Ice Beam|p1a: Celebi
|-supereffective|p1a: Celebi
|-damage|p1a: Celebi|0 fnt
|faint|p1a: Celebi
|inactive|RodentCollector has 240 seconds left.
|inactive|RodentCollector has 210 seconds left.
|
|t:|1730160663
|switch|p1a: Swampert|Swampert, F|99/100
|-damage|p1a: Swampert|83/100|[from] Spikes
|
|-weather|Sandstorm|[upkeep]
|-damage|p2a: Blissey|24/100|[from] Sandstorm
|-heal|p2a: Blissey|30/100|[from] item: Leftovers
|-damage|p2a: Blissey|18/100|[from] Leech Seed|[of] p1a: Swampert
|-heal|p1a: Swampert|100/100|[silent]
|upkeep
|turn|71
|inactive|jlev has 60 seconds left.
|inactive|jlev has 30 seconds left.
|
|t:|1730160717
|move|p2a: Blissey|Wish|p2a: Blissey
|move|p1a: Swampert|Earthquake|p2a: Blissey
|-damage|p2a: Blissey|0 fnt
|faint|p2a: Blissey
|inactive|jlev has 30 seconds left this turn.
|inactive|jlev has 20 seconds left.
|
|t:|1730160731
|switch|p2a: Zapdos|Zapdos|40/100 slp
|
|-weather|Sandstorm|[upkeep]
|-damage|p2a: Zapdos|34/100 slp|[from] Sandstorm
|-heal|p2a: Zapdos|40/100 slp|[from] item: Leftovers
|upkeep
|turn|72
|inactive|jlev has 30 seconds left this turn.
|inactive|RodentCollector has 210 seconds left.
|
|t:|1730160740
|switch|p1a: Zapdos|Zapdos|52/100
|-curestatus|p2a: Zapdos|slp|[msg]
|move|p2a: Zapdos|Hidden Power|p1a: Zapdos
|-resisted|p1a: Zapdos
|-damage|p1a: Zapdos|41/100
|
|-heal|p2a: Zapdos|90/100|[from] move: Wish|[wisher] Blissey
|-weather|Sandstorm|[upkeep]
|-damage|p1a: Zapdos|35/100|[from] Sandstorm
|-damage|p2a: Zapdos|84/100|[from] Sandstorm
|-heal|p1a: Zapdos|41/100|[from] item: Leftovers
|-heal|p2a: Zapdos|90/100|[from] item: Leftovers
|upkeep
|turn|73
|inactive|jlev has 30 seconds left.
|inactive|RodentCollector has 210 seconds left.
|inactive|jlev has 20 seconds left.
|
|t:|1730160757
|move|p1a: Zapdos|Thunderbolt|p2a: Zapdos
|-damage|p2a: Zapdos|60/100
|move|p2a: Zapdos|Thunderbolt|p1a: Zapdos
|-damage|p1a: Zapdos|0 fnt
|faint|p1a: Zapdos
|inactive|jlev has 25 seconds left this turn.
|
|t:|1730160762
|switch|p1a: Aerodactyl|Aerodactyl, F|100/100
|
|-weather|Sandstorm|[upkeep]
|-damage|p2a: Zapdos|54/100|[from] Sandstorm
|-heal|p2a: Zapdos|60/100|[from] item: Leftovers
|upkeep
|turn|74
|inactive|jlev has 30 seconds left.
|inactive|RodentCollector has 210 seconds left.
|
|t:|1730160777
|switch|p1a: Swampert|Swampert, F|100/100
|-damage|p1a: Swampert|84/100|[from] Spikes
|move|p2a: Zapdos|Thunderbolt|p1a: Swampert
|-immune|p1a: Swampert
|
|-weather|Sandstorm|[upkeep]
|-damage|p2a: Zapdos|54/100|[from] Sandstorm
|-heal|p2a: Zapdos|60/100|[from] item: Leftovers
|-heal|p1a: Swampert|90/100|[from] item: Leftovers
|upkeep
|turn|75
|inactive|RodentCollector has 210 seconds left.
|inactive|RodentCollector has 180 seconds left.
|
|t:|1730160837
|move|p2a: Zapdos|Hidden Power|p1a: Swampert
|-supereffective|p1a: Swampert
|-damage|p1a: Swampert|20/100
|move|p1a: Swampert|Ice Beam|p2a: Zapdos
|-supereffective|p2a: Zapdos
|-damage|p2a: Zapdos|29/100
|
|-weather|Sandstorm|[upkeep]
|-damage|p2a: Zapdos|22/100|[from] Sandstorm
|-heal|p2a: Zapdos|29/100|[from] item: Leftovers
|-heal|p1a: Swampert|27/100|[from] item: Leftovers
|upkeep
|turn|76
|inactive|jlev has 30 seconds left.
|
|t:|1730160853
|move|p2a: Zapdos|Hidden Power|p1a: Swampert
|-supereffective|p1a: Swampert
|-damage|p1a: Swampert|0 fnt
|faint|p1a: Swampert
|
|t:|1730160856
|switch|p1a: Aerodactyl|Aerodactyl, F|100/100
|
|-weather|Sandstorm|[upkeep]
|-damage|p2a: Zapdos|22/100|[from] Sandstorm
|-heal|p2a: Zapdos|29/100|[from] item: Leftovers
|upkeep
|turn|77
|
|t:|1730160860
|move|p1a: Aerodactyl|Double-Edge|p2a: Zapdos
|-damage|p2a: Zapdos|0 fnt
|faint|p2a: Zapdos
|
|t:|1730160864
|switch|p2a: Swampert|Swampert, F|72/100
|
|-weather|Sandstorm|[upkeep]
|-heal|p2a: Swampert|78/100|[from] item: Leftovers
|upkeep
|turn|78
|
|t:|1730160867
|move|p2a: Swampert|Protect|p2a: Swampert
|-singleturn|p2a: Swampert|Protect
|move|p1a: Aerodactyl|Double-Edge|p2a: Swampert
|-activate|p2a: Swampert|Protect
|
|-weather|Sandstorm|[upkeep]
|-heal|p2a: Swampert|84/100|[from] item: Leftovers
|upkeep
|turn|79
|
|t:|1730160873
|move|p1a: Aerodactyl|Double-Edge|p2a: Swampert
|-damage|p2a: Swampert|47/100
|move|p2a: Swampert|Surf|p1a: Aerodactyl
|-supereffective|p1a: Aerodactyl
|-damage|p1a: Aerodactyl|16/100
|
|-weather|Sandstorm|[upkeep]
|-heal|p2a: Swampert|53/100|[from] item: Leftovers
|upkeep
|turn|80
|
|t:|1730160878
|move|p2a: Swampert|Protect|p2a: Swampert
|-singleturn|p2a: Swampert|Protect
|move|p1a: Aerodactyl|Double-Edge|p2a: Swampert
|-activate|p2a: Swampert|Protect
|
|-weather|Sandstorm|[upkeep]
|-heal|p2a: Swampert|59/100|[from] item: Leftovers
|upkeep
|turn|81
|
|t:|1730160883
|move|p1a: Aerodactyl|Double-Edge|p2a: Swampert
|-damage|p2a: Swampert|21/100
|move|p2a: Swampert|Surf|p1a: Aerodactyl
|-supereffective|p1a: Aerodactyl
|-damage|p1a: Aerodactyl|0 fnt
|faint|p1a: Aerodactyl
|
|win|jlev
|c|☆jlev|ggs
|c|☆RodentCollector|gg man
|c|☆RodentCollector|really tight one
|c|☆jlev|yeah holy moly
|player|p2|

</script>
<script type="application/json" class="data" id="replaydata-smogtours-gen3ou-803190">
{"id":"smogtours-gen3ou-803190","format":"[Gen 3] OU","players":["RodentCollector","jlev"],"uploadtime":1730160883,"views":78,"formatid":"gen3ou","rating":null,"private":0,"password":null}
</script>

<script defer src="js/replays.js?9d40a366"></script>
