<!DOCTYPE html>
<meta charset="utf-8" />
<meta name="viewport" content="width=device-width" />

<title>[Gen 3] OU: DunsparceGamer vs. ADV Fella - Replays - Pok&eacute;mon Showdown!</title>

<meta name="description" content="Watch a replay of a Pok&eacute;mon battle between DunsparceGamer and ADV Fella! Format: [Gen 3] OU; Date: Oct 8, 2024" />
<!--

Hey, you! Looking in the source for the replay log?

You can find them in JSON format, just add `.json` at the end of a replay URL.

https://replay.pokemonshowdown.com/gen7randomdoublesbattle-865046831.json

Or, if you only need the log itself, add `.log` instead:

https://replay.pokemonshowdown.com/gen7randomdoublesbattle-865046831.log

-->

<link rel="stylesheet" href="//pokemonshowdown.com/style/global.css?0.023195364461161105" />
<link rel="stylesheet" href="//play.pokemonshowdown.com/style/font-awesome.css?0.13261647063804238" />
<link rel="stylesheet" href="//play.pokemonshowdown.com/style/battle.css?0.8753245789963631" />
<link rel="stylesheet" href="//play.pokemonshowdown.com/style/utilichart.css?0.8627959624976733" />

<!-- Global site tag (gtag.js) - Google Analytics -->
<script async src="https://www.googletagmanager.com/gtag/js?id=UA-26211653-1"></script>
<script>
  window.dataLayer = window.dataLayer || [];
  function gtag(){dataLayer.push(arguments);}
  gtag('js', new Date());

  gtag('config', 'UA-26211653-1');
</script>
<!-- End Google Analytics -->
<!-- Venatus Ad Manager - Install in <HEAD> of page -->
	<script src="https://hb.vntsm.com/v3/live/ad-manager.min.js" type="text/javascript" data-site-id="642aba63ec9a7b11c3c9c1be" data-mode="scan" async></script>
<!-- / Venatus Ad Manager -->

<style>
	@media (max-width:820px) {
		.battle {
			margin: 0 auto;
		}
		.battle-log {
			margin: 7px auto 0;
			max-width: 640px;
			height: 300px;
			position: static;
		}
	}
	.optgroup {
		display: inline-block;
		line-height: 22px;
		font-size: 10pt;
	}
	.optgroup .button {
		height: 25px;
		padding-top: 0;
		padding-bottom: 0;
	}
	.optgroup button.button {
		padding-left: 12px;
		padding-right: 12px;
	}
	.linklist {
		list-style: none;
		margin: 0.5em 0;
		padding: 0;
	}
	.linklist li {
		padding: 2px 0;
	}
	.sidebar {
		float: left;
		width: 320px;
	}
	.bar-wrapper {
		max-width: 1100px;
		margin: 0 auto;
	}
	.bar-wrapper.has-sidebar {
		max-width: 1430px;
	}
	.mainbar {
		margin: 0;
		padding-right: 1px;
	}
	.mainbar.has-sidebar {
		margin-left: 330px;
	}
	@media (min-width: 1511px) {
		.sidebar {
			width: 400px;
		}
		.bar-wrapper.has-sidebar {
			max-width: 1510px;
		}
		.mainbar.has-sidebar {
			margin-left: 410px;
		}
	}
	.section.first-section {
		margin-top: 9px;
	}
	.blocklink small {
		white-space: normal;
	}
	.button {
		vertical-align: middle;
	}
	.replay-controls {
		padding-top: 10px;
	}
	.replay-controls h1 {
		font-size: 16pt;
		font-weight: normal;
		color: #CCC;
	}
	.pagelink {
		text-align: center;
	}
	.pagelink a {
		width: 150px;
	}
	.textbox, .button {
		font-size: 11pt;
		vertical-align: middle;
	}
	@media (max-width: 450px) {
		.button {
			font-size: 9pt;
		}
	}
</style>

<div>

	<header>
		<div class="nav-wrapper"><ul class="nav">
			<li><a class="button nav-first" href="//pokemonshowdown.com/"><img src="//pokemonshowdown.com/images/pokemonshowdownbeta.png" srcset="//pokemonshowdown.com/images/pokemonshowdownbeta.png 1x, //pokemonshowdown.com/images/pokemonshowdownbeta@2x.png 2x" alt="Pok&eacute;mon Showdown" width="146" height="44" /> Home</a></li>
			<li><a class="button" href="//pokemonshowdown.com/dex/">Pok&eacute;dex</a></li>
			<li><a class="button cur" href="/">Replays</a></li>
			<li><a class="button" href="//pokemonshowdown.com/ladder/">Ladder</a></li>
			<li><a class="button nav-last" href="//pokemonshowdown.com/forums/">Forum</a></li>
			<li><a class="button greenbutton nav-first nav-last" href="//play.pokemonshowdown.com/">Play</a></li>
		</ul></div>
	</header>

	<div class="main" id="main">

		<noscript><section class="section">You need to enable JavaScript to use this page; sorry!</section></noscript>

	</div>

</div>

<script defer nomodule src="//play.pokemonshowdown.com/js/lib/ps-polyfill.js"></script>
<script defer src="//play.pokemonshowdown.com/js/lib/preact.min.js"></script>

<script defer src="//play.pokemonshowdown.com/config/config.js?2bddbc15"></script>
<script defer src="//play.pokemonshowdown.com/js/lib/jquery-1.11.0.min.js"></script>
<script defer src="//play.pokemonshowdown.com/js/lib/html-sanitizer-minified.js"></script>
<script defer src="//play.pokemonshowdown.com/js/battle-sound.js"></script>
<script defer src="//play.pokemonshowdown.com/js/battledata.js?0.7209276989879541"></script>
<script defer src="//play.pokemonshowdown.com/data/pokedex-mini.js?0.6111056340867951"></script>
<script defer src="//play.pokemonshowdown.com/data/pokedex-mini-bw.js?0.3532142036491459"></script>
<script defer src="//play.pokemonshowdown.com/data/graphics.js?0.24223875632456182"></script>
<script defer src="//play.pokemonshowdown.com/data/pokedex.js?0.38839984266356864"></script>
<script defer src="//play.pokemonshowdown.com/data/moves.js?0.21866028504024015"></script>
<script defer src="//play.pokemonshowdown.com/data/abilities.js?0.2005157953846628"></script>
<script defer src="//play.pokemonshowdown.com/data/items.js?0.9894211263848525"></script>
<script defer src="//play.pokemonshowdown.com/data/teambuilder-tables.js?0.6008791140282215"></script>
<script defer src="//play.pokemonshowdown.com/js/battle-tooltips.js?0.7580118955022959"></script>
<script defer src="//play.pokemonshowdown.com/js/battle.js?0.6057722274234274"></script>

<script defer src="js/utils.js?e31f9a17"></script>
<script defer src="js/replays-battle.js?7008c182"></script>

<!-- don't scrape this data! just add .json or .log after the URL!
Full API docs: https://github.com/smogon/pokemon-showdown-client/blob/master/WEB-API.md -->
<script type="text/plain" class="log" id="replaylog-smogtours-gen3ou-796502">
|inactive|Battle timer is ON: inactive players will automatically lose when time's up.
|t:|1728422953
|gametype|singles
|player|p1|DunsparceGamer|1|
|player|p2|ADV Fella|blackbelt-gen4dp|
|teamsize|p1|6
|teamsize|p2|6
|gen|3
|tier|[Gen 3] OU
|rule|Sleep Clause Mod: Limit one foe put to sleep
|rule|Switch Priority Clause Mod: Faster Pokémon switch first
|rule|Species Clause: Limit one of each Pokémon
|rule|OHKO Clause: OHKO moves are banned
|rule|Evasion Items Clause: Evasion items are banned
|rule|Evasion Moves Clause: Evasion moves are banned
|rule|Endless Battle Clause: Forcing endless battles is banned
|rule|HP Percentage Mod: HP is shown in percentages
|rule|One Boost Passer Clause: Limit one Baton Passer that has a way to boost its stats
|rule|Freeze Clause Mod: Limit one foe frozen
|
|t:|1728422953
|start
|switch|p1a: Jolteon|Jolteon, M|100/100
|switch|p2a: Hitmontop|Hitmontop, M, shiny|100/100
|-ability|p2a: Hitmontop|Intimidate|boost
|-unboost|p1a: Jolteon|atk|1
|turn|1
|c|☆ADV Fella|Good luck have fun
|
|t:|1728422973
|switch|p2a: Steelix|Steelix, M|100/100
|move|p1a: Jolteon|Thunder Wave|p2a: Steelix
|-immune|p2a: Steelix
|
|upkeep
|turn|2
|
|t:|1728422985
|switch|p1a: Gengar|Gengar, M|100/100
|move|p2a: Steelix|Toxic|p1a: Gengar|[miss]
|-miss|p2a: Steelix|p1a: Gengar
|
|upkeep
|turn|3
|
|t:|1728422990
|switch|p2a: Umbreon|Umbreon, F, shiny|100/100
|move|p1a: Gengar|Will-O-Wisp|p2a: Umbreon
|-status|p2a: Umbreon|brn
|-status|p1a: Gengar|brn|[from] ability: Synchronize|[of] p2a: Umbreon
|
|-damage|p1a: Gengar|88/100 brn|[from] brn
|-damage|p2a: Umbreon|88/100 brn|[from] brn
|upkeep
|turn|4
|inactive|DunsparceGamer has 270 seconds left.
|
|t:|1728423046
|move|p1a: Gengar|Ice Punch|p2a: Umbreon
|-damage|p2a: Umbreon|75/100 brn
|move|p2a: Umbreon|Pursuit|p1a: Gengar
|-supereffective|p1a: Gengar
|-damage|p1a: Gengar|60/100 brn
|
|-heal|p1a: Gengar|66/100 brn|[from] item: Leftovers
|-damage|p1a: Gengar|53/100 brn|[from] brn
|-heal|p2a: Umbreon|81/100 brn|[from] item: Leftovers
|-damage|p2a: Umbreon|69/100 brn|[from] brn
|upkeep
|turn|5
|
|t:|1728423052
|move|p1a: Gengar|Explosion|p2a: Umbreon
|-damage|p2a: Umbreon|40/100 brn
|faint|p1a: Gengar
|
|t:|1728423067
|switch|p1a: Metagross|Metagross|100/100
|
|-heal|p2a: Umbreon|46/100 brn|[from] item: Leftovers
|-damage|p2a: Umbreon|33/100 brn|[from] brn
|upkeep
|turn|6
|
|t:|1728423075
|switch|p2a: Gyarados|Gyarados, M, shiny|100/100
|-ability|p2a: Gyarados|Intimidate|boost
|-fail|p1a: Metagross|unboost|[from] ability: Clear Body|[of] p1a: Metagross
|move|p1a: Metagross|Earthquake|p2a: Gyarados
|-immune|p2a: Gyarados
|
|upkeep
|turn|7
|inactive|DunsparceGamer has 240 seconds left.
|
|t:|1728423109
|switch|p1a: Cloyster|Cloyster, F, shiny|100/100
|move|p2a: Gyarados|Earthquake|p1a: Cloyster
|-damage|p1a: Cloyster|80/100
|
|upkeep
|turn|8
|inactive|DunsparceGamer has 240 seconds left.
|inactive|ADV Fella has 270 seconds left.
|
|t:|1728423150
|switch|p2a: Hitmontop|Hitmontop, M, shiny|100/100
|-ability|p2a: Hitmontop|Intimidate|boost
|-unboost|p1a: Cloyster|atk|1
|move|p1a: Cloyster|Spikes|p2a: Hitmontop
|-sidestart|p2: ADV Fella|Spikes
|
|upkeep
|turn|9
|inactive|DunsparceGamer has 240 seconds left.
|
|t:|1728423167
|move|p1a: Cloyster|Explosion|p2a: Hitmontop
|-damage|p2a: Hitmontop|28/100
|faint|p1a: Cloyster
|inactive|DunsparceGamer has 210 seconds left.
|
|t:|1728423198
|switch|p1a: Aerodactyl|Aerodactyl, M|100/100
|
|-heal|p2a: Hitmontop|35/100|[from] item: Leftovers
|upkeep
|turn|10
|inactive|DunsparceGamer has 210 seconds left.
|
|t:|1728423210
|switch|p2a: Magneton|Magneton|100/100
|-damage|p2a: Magneton|88/100|[from] Spikes
|move|p1a: Aerodactyl|Rock Slide|p2a: Magneton
|-resisted|p2a: Magneton
|-damage|p2a: Magneton|61/100
|
|-heal|p2a: Magneton|67/100|[from] item: Leftovers
|upkeep
|turn|11
|
|t:|1728423221
|switch|p1a: Swampert|Swampert, M|100/100
|move|p2a: Magneton|Toxic|p1a: Swampert
|-status|p1a: Swampert|tox
|
|-damage|p1a: Swampert|94/100 tox|[from] psn
|-heal|p2a: Magneton|74/100|[from] item: Leftovers
|upkeep
|turn|12
|inactive|DunsparceGamer has 210 seconds left.
|
|t:|1728423238
|switch|p2a: Umbreon|Umbreon, F, shiny|33/100 brn
|-damage|p2a: Umbreon|21/100 brn|[from] Spikes
|move|p1a: Swampert|Hydro Pump|p2a: Umbreon|[miss]
|-miss|p1a: Swampert|p2a: Umbreon
|
|-heal|p1a: Swampert|100/100 tox|[from] item: Leftovers
|-damage|p1a: Swampert|88/100 tox|[from] psn
|-heal|p2a: Umbreon|27/100 brn|[from] item: Leftovers
|-damage|p2a: Umbreon|14/100 brn|[from] brn
|upkeep
|turn|13
|
|t:|1728423244
|move|p1a: Swampert|Hydro Pump|p2a: Umbreon
|-damage|p2a: Umbreon|0 fnt
|faint|p2a: Umbreon
|
|t:|1728423251
|switch|p2a: Gyarados|Gyarados, M, shiny|100/100
|-ability|p2a: Gyarados|Intimidate|boost
|-unboost|p1a: Swampert|atk|1
|
|-heal|p1a: Swampert|94/100 tox|[from] item: Leftovers
|-damage|p1a: Swampert|76/100 tox|[from] psn
|upkeep
|turn|14
|
|t:|1728423257
|switch|p1a: Aerodactyl|Aerodactyl, M|100/100
|move|p2a: Gyarados|Dragon Dance|p2a: Gyarados
|-boost|p2a: Gyarados|atk|1
|-boost|p2a: Gyarados|spe|1
|
|upkeep
|turn|15
|
|t:|1728423267
|switch|p2a: Steelix|Steelix, M|100/100
|-damage|p2a: Steelix|88/100|[from] Spikes
|move|p1a: Aerodactyl|Rock Slide|p2a: Steelix
|-resisted|p2a: Steelix
|-damage|p2a: Steelix|83/100
|
|-heal|p2a: Steelix|89/100|[from] item: Leftovers
|upkeep
|turn|16
|inactive|DunsparceGamer has 240 seconds left.
|
|t:|1728423281
|switch|p1a: Metagross|Metagross|100/100
|move|p2a: Steelix|Earthquake|p1a: Metagross
|-supereffective|p1a: Metagross
|-damage|p1a: Metagross|43/100
|
|-heal|p2a: Steelix|95/100|[from] item: Leftovers
|upkeep
|turn|17
|inactive|DunsparceGamer has 240 seconds left.
|
|t:|1728423305
|move|p1a: Metagross|Endure|p1a: Metagross
|-singleturn|p1a: Metagross|move: Endure
|move|p2a: Steelix|Earthquake|p1a: Metagross
|-supereffective|p1a: Metagross
|-activate|p1a: Metagross|move: Endure
|-damage|p1a: Metagross|1/100
|
|-enditem|p1a: Metagross|Salac Berry|[eat]
|-boost|p1a: Metagross|spe|1|[from] item: Salac Berry
|-heal|p2a: Steelix|100/100|[from] item: Leftovers
|upkeep
|turn|18
|
|t:|1728423322
|move|p1a: Metagross|Explosion|p2a: Steelix
|-resisted|p2a: Steelix
|-damage|p2a: Steelix|56/100
|faint|p1a: Metagross
|inactive|DunsparceGamer has 210 seconds left.
|
|t:|1728423339
|switch|p1a: Swampert|Swampert, M|76/100 tox
|
|-heal|p1a: Swampert|82/100 tox|[from] item: Leftovers
|-damage|p1a: Swampert|76/100 tox|[from] psn
|-heal|p2a: Steelix|62/100|[from] item: Leftovers
|upkeep
|turn|19
|
|t:|1728423349
|switch|p2a: Hitmontop|Hitmontop, M, shiny|35/100
|-damage|p2a: Hitmontop|22/100|[from] Spikes
|-ability|p2a: Hitmontop|Intimidate|boost
|-unboost|p1a: Swampert|atk|1
|move|p1a: Swampert|Hydro Pump|p2a: Hitmontop
|-damage|p2a: Hitmontop|0 fnt
|faint|p2a: Hitmontop
|
|t:|1728423360
|switch|p2a: Gyarados|Gyarados, M, shiny|100/100
|-ability|p2a: Gyarados|Intimidate|boost
|-unboost|p1a: Swampert|atk|1
|
|-heal|p1a: Swampert|82/100 tox|[from] item: Leftovers
|-damage|p1a: Swampert|70/100 tox|[from] psn
|upkeep
|turn|20
|inactive|DunsparceGamer has 210 seconds left.
|
|t:|1728423397
|move|p2a: Gyarados|Toxic|p1a: Swampert
|-fail|p1a: Swampert|tox
|move|p1a: Swampert|Ice Beam|p2a: Gyarados
|-damage|p2a: Gyarados|77/100
|
|-heal|p2a: Gyarados|83/100|[from] item: Leftovers
|-heal|p1a: Swampert|76/100 tox|[from] item: Leftovers
|-damage|p1a: Swampert|57/100 tox|[from] psn
|upkeep
|turn|21
|
|t:|1728423402
|switch|p1a: Jolteon|Jolteon, M|100/100
|move|p2a: Gyarados|Dragon Dance|p2a: Gyarados
|-boost|p2a: Gyarados|atk|1
|-boost|p2a: Gyarados|spe|1
|
|-heal|p2a: Gyarados|89/100|[from] item: Leftovers
|upkeep
|turn|22
|inactive|DunsparceGamer has 210 seconds left.
|
|t:|1728423421
|switch|p2a: Magneton|Magneton|74/100
|-damage|p2a: Magneton|61/100|[from] Spikes
|move|p1a: Jolteon|Thunderbolt|p2a: Magneton
|-resisted|p2a: Magneton
|-damage|p2a: Magneton|28/100
|
|-heal|p2a: Magneton|34/100|[from] item: Leftovers
|upkeep
|turn|23
|inactive|DunsparceGamer has 210 seconds left.
|
|t:|1728423429
|move|p1a: Jolteon|Thunderbolt|p2a: Magneton
|-resisted|p2a: Magneton
|-damage|p2a: Magneton|2/100
|move|p2a: Magneton|Toxic|p1a: Jolteon
|-status|p1a: Jolteon|tox
|
|-damage|p1a: Jolteon|95/100 tox|[from] psn
|-heal|p2a: Magneton|8/100|[from] item: Leftovers
|upkeep
|turn|24
|
|t:|1728423437
|switch|p2a: Steelix|Steelix, M|62/100
|-damage|p2a: Steelix|50/100|[from] Spikes
|move|p1a: Jolteon|Roar|p2a: Steelix
|drag|p2a: Gyarados|Gyarados, M, shiny|89/100
|-ability|p2a: Gyarados|Intimidate|boost
|-unboost|p1a: Jolteon|atk|1
|
|-heal|p1a: Jolteon|100/100 tox|[from] item: Leftovers
|-damage|p1a: Jolteon|89/100 tox|[from] psn
|-heal|p2a: Gyarados|95/100|[from] item: Leftovers
|upkeep
|turn|25
|
|t:|1728423443
|switch|p2a: Magneton|Magneton|8/100
|-damage|p2a: Magneton|0 fnt|[from] Spikes
|faint|p2a: Magneton
|
|t:|1728423448
|switch|p2a: Steelix|Steelix, M|50/100
|-damage|p2a: Steelix|37/100|[from] Spikes
|
|-heal|p1a: Jolteon|95/100 tox|[from] item: Leftovers
|-damage|p1a: Jolteon|77/100 tox|[from] psn
|-heal|p2a: Steelix|43/100|[from] item: Leftovers
|upkeep
|turn|26
|
|t:|1728423461
|switch|p1a: Swampert|Swampert, M|57/100 tox
|switch|p2a: Snorlax|Snorlax, M|100/100
|-damage|p2a: Snorlax|88/100|[from] Spikes
|
|-heal|p1a: Swampert|64/100 tox|[from] item: Leftovers
|-damage|p1a: Swampert|57/100 tox|[from] psn
|-heal|p2a: Snorlax|94/100|[from] item: Leftovers
|upkeep
|turn|27
|
|t:|1728423465
|-singleturn|p1a: Swampert|move: Focus Punch
|move|p2a: Snorlax|Curse|p2a: Snorlax
|-unboost|p2a: Snorlax|spe|1
|-boost|p2a: Snorlax|atk|1
|-boost|p2a: Snorlax|def|1
|move|p1a: Swampert|Focus Punch|p2a: Snorlax
|-supereffective|p2a: Snorlax
|-damage|p2a: Snorlax|51/100
|
|-heal|p1a: Swampert|64/100 tox|[from] item: Leftovers
|-damage|p1a: Swampert|51/100 tox|[from] psn
|-heal|p2a: Snorlax|57/100|[from] item: Leftovers
|upkeep
|turn|28
|inactive|DunsparceGamer has 240 seconds left.
|
|t:|1728423473
|move|p1a: Swampert|Hydro Pump|p2a: Snorlax
|-damage|p2a: Snorlax|31/100
|move|p2a: Snorlax|Curse|p2a: Snorlax
|-unboost|p2a: Snorlax|spe|1
|-boost|p2a: Snorlax|atk|1
|-boost|p2a: Snorlax|def|1
|
|-heal|p1a: Swampert|57/100 tox|[from] item: Leftovers
|-damage|p1a: Swampert|39/100 tox|[from] psn
|-heal|p2a: Snorlax|37/100|[from] item: Leftovers
|upkeep
|turn|29
|
|t:|1728423478
|move|p1a: Swampert|Hydro Pump|p2a: Snorlax
|-damage|p2a: Snorlax|11/100
|move|p2a: Snorlax|Return|p1a: Swampert
|-damage|p1a: Swampert|0 fnt
|faint|p1a: Swampert
|
|t:|1728423481
|switch|p1a: Aerodactyl|Aerodactyl, M|100/100
|
|-heal|p2a: Snorlax|17/100|[from] item: Leftovers
|upkeep
|turn|30
|
|t:|1728423484
|move|p1a: Aerodactyl|Rock Slide|p2a: Snorlax
|-damage|p2a: Snorlax|0 fnt
|faint|p2a: Snorlax
|
|t:|1728423490
|switch|p2a: Steelix|Steelix, M|43/100
|-damage|p2a: Steelix|31/100|[from] Spikes
|
|-heal|p2a: Steelix|37/100|[from] item: Leftovers
|upkeep
|turn|31
|
|t:|1728423497
|move|p1a: Aerodactyl|Rock Slide|p2a: Steelix
|-resisted|p2a: Steelix
|-damage|p2a: Steelix|31/100
|cant|p2a: Steelix|flinch
|
|-heal|p2a: Steelix|37/100|[from] item: Leftovers
|upkeep
|turn|32
|
|t:|1728423501
|move|p1a: Aerodactyl|Rock Slide|p2a: Steelix
|-resisted|p2a: Steelix
|-damage|p2a: Steelix|32/100
|cant|p2a: Steelix|flinch
|
|-heal|p2a: Steelix|38/100|[from] item: Leftovers
|upkeep
|turn|33
|
|t:|1728423508
|move|p1a: Aerodactyl|Rock Slide|p2a: Steelix
|-resisted|p2a: Steelix
|-damage|p2a: Steelix|32/100
|move|p2a: Steelix|Rock Slide|p1a: Aerodactyl
|-supereffective|p1a: Aerodactyl
|-damage|p1a: Aerodactyl|44/100
|
|-heal|p2a: Steelix|38/100|[from] item: Leftovers
|upkeep
|turn|34
|
|t:|1728423518
|switch|p1a: Jolteon|Jolteon, M|77/100 tox
|move|p2a: Steelix|Rock Slide|p1a: Jolteon
|-damage|p1a: Jolteon|47/100 tox
|
|-heal|p1a: Jolteon|53/100 tox|[from] item: Leftovers
|-damage|p1a: Jolteon|47/100 tox|[from] psn
|-heal|p2a: Steelix|44/100|[from] item: Leftovers
|upkeep
|turn|35
|
|t:|1728423525
|move|p1a: Jolteon|Hidden Power|p2a: Steelix
|-damage|p2a: Steelix|21/100
|move|p2a: Steelix|Earthquake|p1a: Jolteon
|-supereffective|p1a: Jolteon
|-damage|p1a: Jolteon|0 fnt
|faint|p1a: Jolteon
|
|t:|1728423532
|switch|p1a: Aerodactyl|Aerodactyl, M|44/100
|
|-heal|p2a: Steelix|28/100|[from] item: Leftovers
|upkeep
|turn|36
|
|t:|1728423568
|move|p1a: Aerodactyl|Double-Edge|p2a: Steelix
|-resisted|p2a: Steelix
|-damage|p2a: Steelix|15/100
|move|p2a: Steelix|Rock Slide|p1a: Aerodactyl
|-supereffective|p1a: Aerodactyl
|-damage|p1a: Aerodactyl|0 fnt
|faint|p1a: Aerodactyl
|
|win|ADV Fella
|player|p1|

</script>
<script type="application/json" class="data" id="replaydata-smogtours-gen3ou-796502">
{"id":"smogtours-gen3ou-796502","format":"[Gen 3] OU","players":["DunsparceGamer","ADV Fella"],"uploadtime":1728423568,"views":99,"formatid":"gen3ou","rating":null,"private":0,"password":null}
</script>

<script defer src="js/replays.js?9d40a366"></script>
