<!DOCTYPE html>
<meta charset="utf-8" />
<meta name="viewport" content="width=device-width" />

<title>[Gen 3] OU: Zpanther vs. T1W1B - Replays - Pok&eacute;mon Showdown!</title>

<meta name="description" content="Watch a replay of a Pok&eacute;mon battle between Zpanther and T1W1B! Format: [Gen 3] OU; Date: Oct 12, 2024" />
<!--

Hey, you! Looking in the source for the replay log?

You can find them in JSON format, just add `.json` at the end of a replay URL.

https://replay.pokemonshowdown.com/gen7randomdoublesbattle-865046831.json

Or, if you only need the log itself, add `.log` instead:

https://replay.pokemonshowdown.com/gen7randomdoublesbattle-865046831.log

-->

<link rel="stylesheet" href="//pokemonshowdown.com/style/global.css?0.023195364461161105" />
<link rel="stylesheet" href="//play.pokemonshowdown.com/style/font-awesome.css?0.13261647063804238" />
<link rel="stylesheet" href="//play.pokemonshowdown.com/style/battle.css?0.8753245789963631" />
<link rel="stylesheet" href="//play.pokemonshowdown.com/style/utilichart.css?0.8627959624976733" />

<!-- Global site tag (gtag.js) - Google Analytics -->
<script async src="https://www.googletagmanager.com/gtag/js?id=UA-26211653-1"></script>
<script>
  window.dataLayer = window.dataLayer || [];
  function gtag(){dataLayer.push(arguments);}
  gtag('js', new Date());

  gtag('config', 'UA-26211653-1');
</script>
<!-- End Google Analytics -->
<!-- Venatus Ad Manager - Install in <HEAD> of page -->
	<script src="https://hb.vntsm.com/v3/live/ad-manager.min.js" type="text/javascript" data-site-id="642aba63ec9a7b11c3c9c1be" data-mode="scan" async></script>
<!-- / Venatus Ad Manager -->

<style>
	@media (max-width:820px) {
		.battle {
			margin: 0 auto;
		}
		.battle-log {
			margin: 7px auto 0;
			max-width: 640px;
			height: 300px;
			position: static;
		}
	}
	.optgroup {
		display: inline-block;
		line-height: 22px;
		font-size: 10pt;
	}
	.optgroup .button {
		height: 25px;
		padding-top: 0;
		padding-bottom: 0;
	}
	.optgroup button.button {
		padding-left: 12px;
		padding-right: 12px;
	}
	.linklist {
		list-style: none;
		margin: 0.5em 0;
		padding: 0;
	}
	.linklist li {
		padding: 2px 0;
	}
	.sidebar {
		float: left;
		width: 320px;
	}
	.bar-wrapper {
		max-width: 1100px;
		margin: 0 auto;
	}
	.bar-wrapper.has-sidebar {
		max-width: 1430px;
	}
	.mainbar {
		margin: 0;
		padding-right: 1px;
	}
	.mainbar.has-sidebar {
		margin-left: 330px;
	}
	@media (min-width: 1511px) {
		.sidebar {
			width: 400px;
		}
		.bar-wrapper.has-sidebar {
			max-width: 1510px;
		}
		.mainbar.has-sidebar {
			margin-left: 410px;
		}
	}
	.section.first-section {
		margin-top: 9px;
	}
	.blocklink small {
		white-space: normal;
	}
	.button {
		vertical-align: middle;
	}
	.replay-controls {
		padding-top: 10px;
	}
	.replay-controls h1 {
		font-size: 16pt;
		font-weight: normal;
		color: #CCC;
	}
	.pagelink {
		text-align: center;
	}
	.pagelink a {
		width: 150px;
	}
	.textbox, .button {
		font-size: 11pt;
		vertical-align: middle;
	}
	@media (max-width: 450px) {
		.button {
			font-size: 9pt;
		}
	}
</style>

<div>

	<header>
		<div class="nav-wrapper"><ul class="nav">
			<li><a class="button nav-first" href="//pokemonshowdown.com/"><img src="//pokemonshowdown.com/images/pokemonshowdownbeta.png" srcset="//pokemonshowdown.com/images/pokemonshowdownbeta.png 1x, //pokemonshowdown.com/images/pokemonshowdownbeta@2x.png 2x" alt="Pok&eacute;mon Showdown" width="146" height="44" /> Home</a></li>
			<li><a class="button" href="//pokemonshowdown.com/dex/">Pok&eacute;dex</a></li>
			<li><a class="button cur" href="/">Replays</a></li>
			<li><a class="button" href="//pokemonshowdown.com/ladder/">Ladder</a></li>
			<li><a class="button nav-last" href="//pokemonshowdown.com/forums/">Forum</a></li>
			<li><a class="button greenbutton nav-first nav-last" href="//play.pokemonshowdown.com/">Play</a></li>
		</ul></div>
	</header>

	<div class="main" id="main">

		<noscript><section class="section">You need to enable JavaScript to use this page; sorry!</section></noscript>

	</div>

</div>

<script defer nomodule src="//play.pokemonshowdown.com/js/lib/ps-polyfill.js"></script>
<script defer src="//play.pokemonshowdown.com/js/lib/preact.min.js"></script>

<script defer src="//play.pokemonshowdown.com/config/config.js?2bddbc15"></script>
<script defer src="//play.pokemonshowdown.com/js/lib/jquery-1.11.0.min.js"></script>
<script defer src="//play.pokemonshowdown.com/js/lib/html-sanitizer-minified.js"></script>
<script defer src="//play.pokemonshowdown.com/js/battle-sound.js"></script>
<script defer src="//play.pokemonshowdown.com/js/battledata.js?0.7209276989879541"></script>
<script defer src="//play.pokemonshowdown.com/data/pokedex-mini.js?0.6111056340867951"></script>
<script defer src="//play.pokemonshowdown.com/data/pokedex-mini-bw.js?0.3532142036491459"></script>
<script defer src="//play.pokemonshowdown.com/data/graphics.js?0.24223875632456182"></script>
<script defer src="//play.pokemonshowdown.com/data/pokedex.js?0.38839984266356864"></script>
<script defer src="//play.pokemonshowdown.com/data/moves.js?0.21866028504024015"></script>
<script defer src="//play.pokemonshowdown.com/data/abilities.js?0.2005157953846628"></script>
<script defer src="//play.pokemonshowdown.com/data/items.js?0.9894211263848525"></script>
<script defer src="//play.pokemonshowdown.com/data/teambuilder-tables.js?0.6008791140282215"></script>
<script defer src="//play.pokemonshowdown.com/js/battle-tooltips.js?0.7580118955022959"></script>
<script defer src="//play.pokemonshowdown.com/js/battle.js?0.6057722274234274"></script>

<script defer src="js/utils.js?e31f9a17"></script>
<script defer src="js/replays-battle.js?7008c182"></script>

<!-- don't scrape this data! just add .json or .log after the URL!
Full API docs: https://github.com/smogon/pokemon-showdown-client/blob/master/WEB-API.md -->
<script type="text/plain" class="log" id="replaylog-smogtours-gen3ou-797518">
|inactive|Battle timer is ON: inactive players will automatically lose when time's up.
|t:|1728749321
|gametype|singles
|player|p1|Zpanther|rose-zerosuit|
|player|p2|T1W1B|whitney|
|teamsize|p1|6
|teamsize|p2|6
|gen|3
|tier|[Gen 3] OU
|rule|Sleep Clause Mod: Limit one foe put to sleep
|rule|Switch Priority Clause Mod: Faster Pokémon switch first
|rule|Species Clause: Limit one of each Pokémon
|rule|OHKO Clause: OHKO moves are banned
|rule|Evasion Items Clause: Evasion items are banned
|rule|Evasion Moves Clause: Evasion moves are banned
|rule|Endless Battle Clause: Forcing endless battles is banned
|rule|HP Percentage Mod: HP is shown in percentages
|rule|One Boost Passer Clause: Limit one Baton Passer that has a way to boost its stats
|rule|Freeze Clause Mod: Limit one foe frozen
|
|t:|1728749321
|start
|switch|p1a: Vaporeon|Vaporeon, M|100/100
|switch|p2a: Skarmory|Skarmory, F|100/100
|turn|1
|c|☆T1W1B|hf
|c|☆Zpanther|hf
|inactive|Zpanther has 270 seconds left.
|inactive|T1W1B has 270 seconds left.
|c|☆T1W1B|thx
|
|t:|1728749376
|move|p1a: Vaporeon|Hydro Pump|p2a: Skarmory
|-damage|p2a: Skarmory|35/100
|move|p2a: Skarmory|Spikes|p1a: Vaporeon
|-sidestart|p1: Zpanther|Spikes
|
|-heal|p2a: Skarmory|41/100|[from] item: Leftovers
|upkeep
|turn|2
|
|t:|1728749393
|switch|p2a: Starmie|Starmie|100/100
|move|p1a: Vaporeon|Substitute|p1a: Vaporeon
|-start|p1a: Vaporeon|Substitute
|-damage|p1a: Vaporeon|75/100
|
|upkeep
|turn|3
|
|t:|1728749416
|switch|p2a: Jolteon|Jolteon, F|100/100
|move|p1a: Vaporeon|Baton Pass|p1a: Vaporeon
|
|t:|1728749434
|switch|p1a: Metagross|Metagross|100/100|[from] Baton Pass
|-damage|p1a: Metagross|88/100|[from] Spikes
|
|-heal|p1a: Metagross|94/100|[from] item: Leftovers
|upkeep
|turn|4
|
|t:|1728749443
|move|p2a: Jolteon|Baton Pass|p2a: Jolteon
|
|t:|1728749445
|switch|p2a: Skarmory|Skarmory, F|41/100|[from] Baton Pass
|move|p1a: Metagross|Meteor Mash|p2a: Skarmory|[miss]
|-miss|p1a: Metagross|p2a: Skarmory
|
|-heal|p1a: Metagross|100/100|[from] item: Leftovers
|-heal|p2a: Skarmory|47/100|[from] item: Leftovers
|upkeep
|turn|5
|
|t:|1728749453
|move|p1a: Metagross|Meteor Mash|p2a: Skarmory
|-resisted|p2a: Skarmory
|-damage|p2a: Skarmory|28/100
|move|p2a: Skarmory|Roar|p1a: Metagross
|drag|p1a: Jolteon|Jolteon, M|100/100
|-damage|p1a: Jolteon|88/100|[from] Spikes
|
|-heal|p1a: Jolteon|94/100|[from] item: Leftovers
|-heal|p2a: Skarmory|34/100|[from] item: Leftovers
|upkeep
|turn|6
|
|t:|1728749477
|switch|p2a: Tyranitar|Tyranitar, M|100/100
|-weather|Sandstorm|[from] ability: Sand Stream|[of] p2a: Tyranitar
|move|p1a: Jolteon|Thunderbolt|p2a: Tyranitar
|-damage|p2a: Tyranitar|55/100
|
|-weather|Sandstorm|[upkeep]
|-damage|p1a: Jolteon|88/100|[from] Sandstorm
|-heal|p1a: Jolteon|94/100|[from] item: Leftovers
|upkeep
|turn|7
|
|t:|1728749484
|move|p1a: Jolteon|Baton Pass|p1a: Jolteon
|
|t:|1728749489
|switch|p1a: Vaporeon|Vaporeon, M|75/100|[from] Baton Pass
|-damage|p1a: Vaporeon|63/100|[from] Spikes
|move|p2a: Tyranitar|Earthquake|p1a: Vaporeon
|-damage|p1a: Vaporeon|0 fnt
|faint|p1a: Vaporeon
|
|t:|1728749495
|switch|p1a: Dugtrio|Dugtrio, F|100/100
|-damage|p1a: Dugtrio|88/100|[from] Spikes
|
|-weather|Sandstorm|[upkeep]
|upkeep
|turn|8
|
|t:|1728749498
|move|p1a: Dugtrio|Earthquake|p2a: Tyranitar
|-supereffective|p2a: Tyranitar
|-damage|p2a: Tyranitar|0 fnt
|faint|p2a: Tyranitar
|
|t:|1728749528
|switch|p2a: Skarmory|Skarmory, F|34/100
|
|-weather|Sandstorm|[upkeep]
|-heal|p2a: Skarmory|40/100|[from] item: Leftovers
|upkeep
|turn|9
|
|t:|1728749532
|switch|p1a: Jolteon|Jolteon, M|94/100
|-damage|p1a: Jolteon|82/100|[from] Spikes
|switch|p2a: Jirachi|Jirachi|100/100
|
|-weather|Sandstorm|[upkeep]
|-damage|p1a: Jolteon|75/100|[from] Sandstorm
|-heal|p1a: Jolteon|82/100|[from] item: Leftovers
|upkeep
|turn|10
|
|t:|1728749539
|move|p1a: Jolteon|Thunderbolt|p2a: Jirachi
|-damage|p2a: Jirachi|62/100
|move|p2a: Jirachi|Substitute|p2a: Jirachi
|-start|p2a: Jirachi|Substitute
|-damage|p2a: Jirachi|37/100
|
|-weather|Sandstorm|[upkeep]
|-damage|p1a: Jolteon|75/100|[from] Sandstorm
|-heal|p1a: Jolteon|82/100|[from] item: Leftovers
|-heal|p2a: Jirachi|43/100|[from] item: Leftovers
|upkeep
|turn|11
|
|t:|1728749547
|move|p2a: Jirachi|Psychic|p1a: Jolteon
|-damage|p1a: Jolteon|33/100
|-unboost|p1a: Jolteon|spd|1
|move|p1a: Jolteon|Roar|p2a: Jirachi
|drag|p2a: Mantine|Mantine, F|100/100
|
|-weather|Sandstorm|[upkeep]
|-damage|p1a: Jolteon|27/100|[from] Sandstorm
|-damage|p2a: Mantine|95/100|[from] Sandstorm
|-heal|p1a: Jolteon|33/100|[from] item: Leftovers
|-heal|p2a: Mantine|100/100|[from] item: Leftovers
|upkeep
|turn|12
|
|t:|1728749564
|switch|p2a: Jolteon|Jolteon, F|100/100
|move|p1a: Jolteon|Thunderbolt|p2a: Jolteon
|-immune|p2a: Jolteon|[from] ability: Volt Absorb
|
|-weather|Sandstorm|[upkeep]
|-damage|p2a: Jolteon|95/100|[from] Sandstorm
|-damage|p1a: Jolteon|27/100|[from] Sandstorm
|-heal|p1a: Jolteon|33/100|[from] item: Leftovers
|-heal|p2a: Jolteon|100/100|[from] item: Leftovers
|upkeep
|turn|13
|
|t:|1728749574
|move|p1a: Jolteon|Hidden Power|p2a: Jolteon
|-crit|p2a: Jolteon
|-damage|p2a: Jolteon|43/100
|move|p2a: Jolteon|Thunder Wave|p1a: Jolteon
|-status|p1a: Jolteon|par
|
|-weather|Sandstorm|[upkeep]
|-damage|p2a: Jolteon|37/100|[from] Sandstorm
|-damage|p1a: Jolteon|27/100 par|[from] Sandstorm
|-heal|p2a: Jolteon|43/100|[from] item: Leftovers
|-heal|p1a: Jolteon|33/100 par|[from] item: Leftovers
|upkeep
|turn|14
|
|t:|1728749592
|move|p2a: Jolteon|Hidden Power|p1a: Jolteon
|-damage|p1a: Jolteon|0 fnt
|faint|p1a: Jolteon
|
|t:|1728749595
|switch|p1a: Metagross|Metagross|100/100
|-damage|p1a: Metagross|88/100|[from] Spikes
|
|-weather|Sandstorm|[upkeep]
|-damage|p2a: Jolteon|37/100|[from] Sandstorm
|-heal|p2a: Jolteon|43/100|[from] item: Leftovers
|-heal|p1a: Metagross|94/100|[from] item: Leftovers
|upkeep
|turn|15
|
|t:|1728749609
|move|p2a: Jolteon|Baton Pass|p2a: Jolteon
|
|t:|1728749614
|switch|p2a: Mantine|Mantine, F|100/100|[from] Baton Pass
|move|p1a: Metagross|Meteor Mash|p2a: Mantine|[miss]
|-miss|p1a: Metagross|p2a: Mantine
|
|-weather|Sandstorm|[upkeep]
|-damage|p2a: Mantine|95/100|[from] Sandstorm
|-heal|p1a: Metagross|100/100|[from] item: Leftovers
|-heal|p2a: Mantine|100/100|[from] item: Leftovers
|upkeep
|turn|16
|
|t:|1728749627
|switch|p1a: Zapdos|Zapdos|100/100
|move|p2a: Mantine|Surf|p1a: Zapdos
|-damage|p1a: Zapdos|69/100
|
|-weather|Sandstorm|[upkeep]
|-damage|p1a: Zapdos|63/100|[from] Sandstorm
|-damage|p2a: Mantine|95/100|[from] Sandstorm
|-heal|p1a: Zapdos|69/100|[from] item: Leftovers
|-heal|p2a: Mantine|100/100|[from] item: Leftovers
|upkeep
|turn|17
|
|t:|1728749637
|move|p1a: Zapdos|Hidden Power|p2a: Mantine
|-damage|p2a: Mantine|81/100
|move|p2a: Mantine|Ice Beam|p1a: Zapdos
|-supereffective|p1a: Zapdos
|-damage|p1a: Zapdos|30/100
|
|-weather|Sandstorm|[upkeep]
|-damage|p1a: Zapdos|24/100|[from] Sandstorm
|-damage|p2a: Mantine|75/100|[from] Sandstorm
|-heal|p1a: Zapdos|30/100|[from] item: Leftovers
|-heal|p2a: Mantine|81/100|[from] item: Leftovers
|upkeep
|turn|18
|
|t:|1728749643
|switch|p2a: Jolteon|Jolteon, F|43/100
|move|p1a: Zapdos|Hidden Power|p2a: Jolteon
|-damage|p2a: Jolteon|8/100
|
|-weather|Sandstorm|[upkeep]
|-damage|p2a: Jolteon|2/100|[from] Sandstorm
|-damage|p1a: Zapdos|24/100|[from] Sandstorm
|-heal|p2a: Jolteon|8/100|[from] item: Leftovers
|-heal|p1a: Zapdos|30/100|[from] item: Leftovers
|upkeep
|turn|19
|
|t:|1728749650
|switch|p1a: Dugtrio|Dugtrio, F|88/100
|-damage|p1a: Dugtrio|76/100|[from] Spikes
|move|p2a: Jolteon|Thunderbolt|p1a: Dugtrio
|-immune|p1a: Dugtrio
|
|-weather|Sandstorm|[upkeep]
|-damage|p2a: Jolteon|2/100|[from] Sandstorm
|-heal|p2a: Jolteon|8/100|[from] item: Leftovers
|upkeep
|turn|20
|
|t:|1728749655
|move|p2a: Jolteon|Hidden Power|p1a: Dugtrio
|-supereffective|p1a: Dugtrio
|-damage|p1a: Dugtrio|7/100
|move|p1a: Dugtrio|Earthquake|p2a: Jolteon
|-supereffective|p2a: Jolteon
|-damage|p2a: Jolteon|0 fnt
|faint|p2a: Jolteon
|inactive|T1W1B has 270 seconds left.
|
|t:|1728749690
|switch|p2a: Skarmory|Skarmory, F|40/100
|
|-weather|Sandstorm|[upkeep]
|-heal|p2a: Skarmory|46/100|[from] item: Leftovers
|upkeep
|turn|21
|
|t:|1728749698
|switch|p1a: Zapdos|Zapdos|30/100
|move|p2a: Skarmory|Toxic|p1a: Zapdos
|-status|p1a: Zapdos|tox
|
|-weather|Sandstorm|[upkeep]
|-damage|p1a: Zapdos|24/100 tox|[from] Sandstorm
|-heal|p1a: Zapdos|30/100 tox|[from] item: Leftovers
|-damage|p1a: Zapdos|24/100 tox|[from] psn
|-heal|p2a: Skarmory|52/100|[from] item: Leftovers
|upkeep
|turn|22
|
|t:|1728749706
|move|p1a: Zapdos|Thunderbolt|p2a: Skarmory
|-supereffective|p2a: Skarmory
|-damage|p2a: Skarmory|0 fnt
|faint|p2a: Skarmory
|
|t:|1728749714
|switch|p2a: Starmie|Starmie|100/100
|
|-weather|Sandstorm|[upkeep]
|-damage|p2a: Starmie|94/100|[from] Sandstorm
|-damage|p1a: Zapdos|18/100 tox|[from] Sandstorm
|-heal|p2a: Starmie|100/100|[from] item: Leftovers
|-heal|p1a: Zapdos|24/100 tox|[from] item: Leftovers
|-damage|p1a: Zapdos|12/100 tox|[from] psn
|upkeep
|turn|23
|
|t:|1728749717
|switch|p1a: Dugtrio|Dugtrio, F|7/100
|-damage|p1a: Dugtrio|0 fnt|[from] Spikes
|faint|p1a: Dugtrio
|
|t:|1728749738
|switch|p1a: Metagross|Metagross|100/100
|-damage|p1a: Metagross|88/100|[from] Spikes
|
|-weather|Sandstorm|[upkeep]
|-damage|p2a: Starmie|94/100|[from] Sandstorm
|-heal|p2a: Starmie|100/100|[from] item: Leftovers
|-heal|p1a: Metagross|94/100|[from] item: Leftovers
|upkeep
|turn|24
|inactive|T1W1B has 270 seconds left.
|
|t:|1728749776
|switch|p2a: Mantine|Mantine, F|81/100
|move|p1a: Metagross|Earthquake|p2a: Mantine
|-immune|p2a: Mantine
|
|-weather|Sandstorm|[upkeep]
|-damage|p2a: Mantine|75/100|[from] Sandstorm
|-heal|p1a: Metagross|100/100|[from] item: Leftovers
|-heal|p2a: Mantine|81/100|[from] item: Leftovers
|upkeep
|turn|25
|inactive|T1W1B has 270 seconds left.
|
|t:|1728749789
|move|p1a: Metagross|Meteor Mash|p2a: Mantine
|-resisted|p2a: Mantine
|-damage|p2a: Mantine|52/100
|move|p2a: Mantine|Surf|p1a: Metagross
|-damage|p1a: Metagross|73/100
|
|-weather|Sandstorm|[upkeep]
|-damage|p2a: Mantine|46/100|[from] Sandstorm
|-heal|p1a: Metagross|79/100|[from] item: Leftovers
|-heal|p2a: Mantine|52/100|[from] item: Leftovers
|upkeep
|turn|26
|
|t:|1728749793
|move|p1a: Metagross|Meteor Mash|p2a: Mantine|[miss]
|-miss|p1a: Metagross|p2a: Mantine
|move|p2a: Mantine|Surf|p1a: Metagross
|-damage|p1a: Metagross|52/100
|
|-weather|Sandstorm|[upkeep]
|-damage|p2a: Mantine|46/100|[from] Sandstorm
|-heal|p1a: Metagross|58/100|[from] item: Leftovers
|-heal|p2a: Mantine|52/100|[from] item: Leftovers
|upkeep
|turn|27
|
|t:|1728749807
|move|p1a: Metagross|Meteor Mash|p2a: Mantine
|-resisted|p2a: Mantine
|-damage|p2a: Mantine|26/100
|move|p2a: Mantine|Surf|p1a: Metagross
|-damage|p1a: Metagross|28/100
|
|-weather|Sandstorm|[upkeep]
|-damage|p2a: Mantine|20/100|[from] Sandstorm
|-heal|p1a: Metagross|34/100|[from] item: Leftovers
|-heal|p2a: Mantine|26/100|[from] item: Leftovers
|upkeep
|turn|28
|
|t:|1728749813
|move|p1a: Metagross|Agility|p1a: Metagross
|-boost|p1a: Metagross|spe|2
|move|p2a: Mantine|Rest|p2a: Mantine
|-status|p2a: Mantine|slp|[from] move: Rest
|-heal|p2a: Mantine|100/100 slp|[silent]
|
|-weather|Sandstorm|[upkeep]
|-damage|p2a: Mantine|95/100 slp|[from] Sandstorm
|-heal|p1a: Metagross|40/100|[from] item: Leftovers
|-heal|p2a: Mantine|100/100 slp|[from] item: Leftovers
|upkeep
|turn|29
|
|t:|1728749817
|move|p1a: Metagross|Meteor Mash|p2a: Mantine
|-resisted|p2a: Mantine
|-damage|p2a: Mantine|73/100 slp
|cant|p2a: Mantine|slp
|
|-weather|Sandstorm|[upkeep]
|-damage|p2a: Mantine|67/100 slp|[from] Sandstorm
|-heal|p1a: Metagross|46/100|[from] item: Leftovers
|-heal|p2a: Mantine|73/100 slp|[from] item: Leftovers
|upkeep
|turn|30
|
|t:|1728749820
|move|p1a: Metagross|Meteor Mash|p2a: Mantine
|-resisted|p2a: Mantine
|-damage|p2a: Mantine|47/100 slp
|cant|p2a: Mantine|slp
|
|-weather|Sandstorm|[upkeep]
|-damage|p2a: Mantine|41/100 slp|[from] Sandstorm
|-heal|p1a: Metagross|52/100|[from] item: Leftovers
|-heal|p2a: Mantine|47/100 slp|[from] item: Leftovers
|upkeep
|turn|31
|
|t:|1728749847
|move|p1a: Metagross|Meteor Mash|p2a: Mantine
|-resisted|p2a: Mantine
|-damage|p2a: Mantine|18/100 slp
|-curestatus|p2a: Mantine|slp|[msg]
|move|p2a: Mantine|Rest|p2a: Mantine
|-status|p2a: Mantine|slp|[from] move: Rest
|-heal|p2a: Mantine|100/100 slp|[silent]
|
|-weather|Sandstorm|[upkeep]
|-damage|p2a: Mantine|95/100 slp|[from] Sandstorm
|-heal|p1a: Metagross|59/100|[from] item: Leftovers
|-heal|p2a: Mantine|100/100 slp|[from] item: Leftovers
|upkeep
|turn|32
|
|t:|1728749854
|move|p1a: Metagross|Meteor Mash|p2a: Mantine
|-resisted|p2a: Mantine
|-damage|p2a: Mantine|75/100 slp
|-boost|p1a: Metagross|atk|1
|cant|p2a: Mantine|slp
|
|-weather|Sandstorm|[upkeep]
|-damage|p2a: Mantine|69/100 slp|[from] Sandstorm
|-heal|p1a: Metagross|65/100|[from] item: Leftovers
|-heal|p2a: Mantine|75/100 slp|[from] item: Leftovers
|upkeep
|turn|33
|
|t:|1728749858
|move|p1a: Metagross|Meteor Mash|p2a: Mantine
|-resisted|p2a: Mantine
|-damage|p2a: Mantine|36/100 slp
|cant|p2a: Mantine|slp
|
|-weather|Sandstorm|[upkeep]
|-damage|p2a: Mantine|30/100 slp|[from] Sandstorm
|-heal|p1a: Metagross|71/100|[from] item: Leftovers
|-heal|p2a: Mantine|36/100 slp|[from] item: Leftovers
|upkeep
|turn|34
|
|t:|1728749862
|move|p1a: Metagross|Meteor Mash|p2a: Mantine
|-resisted|p2a: Mantine
|-damage|p2a: Mantine|0 fnt
|faint|p2a: Mantine
|
|t:|1728749881
|switch|p2a: Starmie|Starmie|100/100
|
|-weather|Sandstorm|[upkeep]
|-damage|p2a: Starmie|94/100|[from] Sandstorm
|-heal|p1a: Metagross|77/100|[from] item: Leftovers
|-heal|p2a: Starmie|100/100|[from] item: Leftovers
|upkeep
|turn|35
|
|t:|1728749885
|move|p1a: Metagross|Earthquake|p2a: Starmie
|-damage|p2a: Starmie|28/100
|move|p2a: Starmie|Thunder Wave|p1a: Metagross
|-status|p1a: Metagross|par
|
|-weather|Sandstorm|[upkeep]
|-damage|p2a: Starmie|21/100|[from] Sandstorm
|-heal|p2a: Starmie|28/100|[from] item: Leftovers
|-heal|p1a: Metagross|83/100 par|[from] item: Leftovers
|upkeep
|turn|36
|
|t:|1728749898
|move|p2a: Starmie|Surf|p1a: Metagross
|-damage|p1a: Metagross|49/100 par
|move|p1a: Metagross|Earthquake|p2a: Starmie
|-damage|p2a: Starmie|0 fnt
|faint|p2a: Starmie
|
|t:|1728749903
|switch|p2a: Jirachi|Jirachi|43/100
|
|-weather|Sandstorm|[upkeep]
|-heal|p2a: Jirachi|49/100|[from] item: Leftovers
|-heal|p1a: Metagross|55/100 par|[from] item: Leftovers
|upkeep
|turn|37
|
|t:|1728749906
|move|p2a: Jirachi|Substitute|p2a: Jirachi
|-start|p2a: Jirachi|Substitute
|-damage|p2a: Jirachi|24/100
|move|p1a: Metagross|Earthquake|p2a: Jirachi
|-supereffective|p2a: Jirachi
|-end|p2a: Jirachi|Substitute
|
|-weather|Sandstorm|[upkeep]
|-heal|p2a: Jirachi|30/100|[from] item: Leftovers
|-heal|p1a: Metagross|61/100 par|[from] item: Leftovers
|upkeep
|turn|38
|
|t:|1728749910
|move|p2a: Jirachi|Substitute|p2a: Jirachi
|-start|p2a: Jirachi|Substitute
|-damage|p2a: Jirachi|5/100
|move|p1a: Metagross|Earthquake|p2a: Jirachi
|-supereffective|p2a: Jirachi
|-crit|p2a: Jirachi
|-end|p2a: Jirachi|Substitute
|
|-weather|Sandstorm|[upkeep]
|-heal|p2a: Jirachi|12/100|[from] item: Leftovers
|-heal|p1a: Metagross|67/100 par|[from] item: Leftovers
|upkeep
|turn|39
|
|t:|1728749913
|move|p2a: Jirachi|Fire Punch|p1a: Metagross
|-supereffective|p1a: Metagross
|-crit|p1a: Metagross
|-damage|p1a: Metagross|0 fnt
|faint|p1a: Metagross
|
|t:|1728749919
|switch|p1a: Zapdos|Zapdos|12/100 tox
|
|-weather|Sandstorm|[upkeep]
|-damage|p1a: Zapdos|6/100 tox|[from] Sandstorm
|-heal|p1a: Zapdos|12/100 tox|[from] item: Leftovers
|-damage|p1a: Zapdos|6/100 tox|[from] psn
|-heal|p2a: Jirachi|18/100|[from] item: Leftovers
|upkeep
|turn|40
|
|t:|1728749924
|move|p1a: Zapdos|Thunderbolt|p2a: Jirachi
|-damage|p2a: Jirachi|0 fnt
|faint|p2a: Jirachi
|
|win|Zpanther
|c|☆T1W1B|gg
|c|☆Zpanther|gg

</script>
<script type="application/json" class="data" id="replaydata-smogtours-gen3ou-797518">
{"id":"smogtours-gen3ou-797518","format":"[Gen 3] OU","players":["Zpanther","T1W1B"],"uploadtime":1728749924,"views":112,"formatid":"gen3ou","rating":null,"private":0,"password":null}
</script>

<script defer src="js/replays.js?9d40a366"></script>
