<!DOCTYPE html>
<meta charset="utf-8" />
<meta name="viewport" content="width=device-width" />

<title>[Gen 3] OU: Bhol vs. crab person - Replays - Pok&eacute;mon Showdown!</title>

<meta name="description" content="Watch a replay of a Pok&eacute;mon battle between Bhol and crab person! Format: [Gen 3] OU; Date: Oct 30, 2024" />
<!--

Hey, you! Looking in the source for the replay log?

You can find them in JSON format, just add `.json` at the end of a replay URL.

https://replay.pokemonshowdown.com/gen7randomdoublesbattle-865046831.json

Or, if you only need the log itself, add `.log` instead:

https://replay.pokemonshowdown.com/gen7randomdoublesbattle-865046831.log

-->

<link rel="stylesheet" href="//pokemonshowdown.com/style/global.css?0.023195364461161105" />
<link rel="stylesheet" href="//play.pokemonshowdown.com/style/font-awesome.css?0.13261647063804238" />
<link rel="stylesheet" href="//play.pokemonshowdown.com/style/battle.css?0.8753245789963631" />
<link rel="stylesheet" href="//play.pokemonshowdown.com/style/utilichart.css?0.8627959624976733" />

<!-- Global site tag (gtag.js) - Google Analytics -->
<script async src="https://www.googletagmanager.com/gtag/js?id=UA-26211653-1"></script>
<script>
  window.dataLayer = window.dataLayer || [];
  function gtag(){dataLayer.push(arguments);}
  gtag('js', new Date());

  gtag('config', 'UA-26211653-1');
</script>
<!-- End Google Analytics -->
<!-- Venatus Ad Manager - Install in <HEAD> of page -->
	<script src="https://hb.vntsm.com/v3/live/ad-manager.min.js" type="text/javascript" data-site-id="642aba63ec9a7b11c3c9c1be" data-mode="scan" async></script>
<!-- / Venatus Ad Manager -->

<style>
	@media (max-width:820px) {
		.battle {
			margin: 0 auto;
		}
		.battle-log {
			margin: 7px auto 0;
			max-width: 640px;
			height: 300px;
			position: static;
		}
	}
	.optgroup {
		display: inline-block;
		line-height: 22px;
		font-size: 10pt;
	}
	.optgroup .button {
		height: 25px;
		padding-top: 0;
		padding-bottom: 0;
	}
	.optgroup button.button {
		padding-left: 12px;
		padding-right: 12px;
	}
	.linklist {
		list-style: none;
		margin: 0.5em 0;
		padding: 0;
	}
	.linklist li {
		padding: 2px 0;
	}
	.sidebar {
		float: left;
		width: 320px;
	}
	.bar-wrapper {
		max-width: 1100px;
		margin: 0 auto;
	}
	.bar-wrapper.has-sidebar {
		max-width: 1430px;
	}
	.mainbar {
		margin: 0;
		padding-right: 1px;
	}
	.mainbar.has-sidebar {
		margin-left: 330px;
	}
	@media (min-width: 1511px) {
		.sidebar {
			width: 400px;
		}
		.bar-wrapper.has-sidebar {
			max-width: 1510px;
		}
		.mainbar.has-sidebar {
			margin-left: 410px;
		}
	}
	.section.first-section {
		margin-top: 9px;
	}
	.blocklink small {
		white-space: normal;
	}
	.button {
		vertical-align: middle;
	}
	.replay-controls {
		padding-top: 10px;
	}
	.replay-controls h1 {
		font-size: 16pt;
		font-weight: normal;
		color: #CCC;
	}
	.pagelink {
		text-align: center;
	}
	.pagelink a {
		width: 150px;
	}
	.textbox, .button {
		font-size: 11pt;
		vertical-align: middle;
	}
	@media (max-width: 450px) {
		.button {
			font-size: 9pt;
		}
	}
</style>

<div>

	<header>
		<div class="nav-wrapper"><ul class="nav">
			<li><a class="button nav-first" href="//pokemonshowdown.com/"><img src="//pokemonshowdown.com/images/pokemonshowdownbeta.png" srcset="//pokemonshowdown.com/images/pokemonshowdownbeta.png 1x, //pokemonshowdown.com/images/pokemonshowdownbeta@2x.png 2x" alt="Pok&eacute;mon Showdown" width="146" height="44" /> Home</a></li>
			<li><a class="button" href="//pokemonshowdown.com/dex/">Pok&eacute;dex</a></li>
			<li><a class="button cur" href="/">Replays</a></li>
			<li><a class="button" href="//pokemonshowdown.com/ladder/">Ladder</a></li>
			<li><a class="button nav-last" href="//pokemonshowdown.com/forums/">Forum</a></li>
			<li><a class="button greenbutton nav-first nav-last" href="//play.pokemonshowdown.com/">Play</a></li>
		</ul></div>
	</header>

	<div class="main" id="main">

		<noscript><section class="section">You need to enable JavaScript to use this page; sorry!</section></noscript>

	</div>

</div>

<script defer nomodule src="//play.pokemonshowdown.com/js/lib/ps-polyfill.js"></script>
<script defer src="//play.pokemonshowdown.com/js/lib/preact.min.js"></script>

<script defer src="//play.pokemonshowdown.com/config/config.js?2bddbc15"></script>
<script defer src="//play.pokemonshowdown.com/js/lib/jquery-1.11.0.min.js"></script>
<script defer src="//play.pokemonshowdown.com/js/lib/html-sanitizer-minified.js"></script>
<script defer src="//play.pokemonshowdown.com/js/battle-sound.js"></script>
<script defer src="//play.pokemonshowdown.com/js/battledata.js?0.7209276989879541"></script>
<script defer src="//play.pokemonshowdown.com/data/pokedex-mini.js?0.6111056340867951"></script>
<script defer src="//play.pokemonshowdown.com/data/pokedex-mini-bw.js?0.3532142036491459"></script>
<script defer src="//play.pokemonshowdown.com/data/graphics.js?0.24223875632456182"></script>
<script defer src="//play.pokemonshowdown.com/data/pokedex.js?0.38839984266356864"></script>
<script defer src="//play.pokemonshowdown.com/data/moves.js?0.21866028504024015"></script>
<script defer src="//play.pokemonshowdown.com/data/abilities.js?0.2005157953846628"></script>
<script defer src="//play.pokemonshowdown.com/data/items.js?0.9894211263848525"></script>
<script defer src="//play.pokemonshowdown.com/data/teambuilder-tables.js?0.6008791140282215"></script>
<script defer src="//play.pokemonshowdown.com/js/battle-tooltips.js?0.7580118955022959"></script>
<script defer src="//play.pokemonshowdown.com/js/battle.js?0.6057722274234274"></script>

<script defer src="js/utils.js?e31f9a17"></script>
<script defer src="js/replays-battle.js?7008c182"></script>

<!-- don't scrape this data! just add .json or .log after the URL!
Full API docs: https://github.com/smogon/pokemon-showdown-client/blob/master/WEB-API.md -->
<script type="text/plain" class="log" id="replaylog-gen3ou-2234127789-kkwj9baoafvjiawxrenrtw97xoqwjv1pw">
|j|☆Bhol
|j|☆crab person
|t:|1730306136
|gametype|singles
|player|p1|Bhol|sabrina|
|player|p2|crab person|flint|
|teamsize|p1|6
|teamsize|p2|6
|gen|3
|tier|[Gen 3] OU
|rule|Sleep Clause Mod: Limit one foe put to sleep
|rule|Switch Priority Clause Mod: Faster Pokémon switch first
|rule|Species Clause: Limit one of each Pokémon
|rule|OHKO Clause: OHKO moves are banned
|rule|Evasion Items Clause: Evasion items are banned
|rule|Evasion Moves Clause: Evasion moves are banned
|rule|Endless Battle Clause: Forcing endless battles is banned
|rule|HP Percentage Mod: HP is shown in percentages
|rule|One Boost Passer Clause: Limit one Baton Passer that has a way to boost its stats
|rule|Freeze Clause Mod: Limit one foe frozen
|
|t:|1730306136
|start
|switch|p1a: Zapdos|Zapdos|100/100
|switch|p2a: Lightning Chidori|Zapdos|100/100
|turn|1
|c|☆crab person|glhf
|c|☆Bhol|Ty u2
|
|t:|1730306162
|move|p2a: Lightning Chidori|Thunder Wave|p1a: Zapdos
|-status|p1a: Zapdos|par
|move|p1a: Zapdos|Thunder Wave|p2a: Lightning Chidori
|-status|p2a: Lightning Chidori|par
|
|upkeep
|turn|2
|
|t:|1730306175
|cant|p2a: Lightning Chidori|par
|move|p1a: Zapdos|Thunderbolt|p2a: Lightning Chidori
|-damage|p2a: Lightning Chidori|45/100 par
|
|-heal|p2a: Lightning Chidori|51/100 par|[from] item: Leftovers
|upkeep
|turn|3
|
|t:|1730306180
|switch|p2a: Marshmelon|Blissey, F|100/100
|move|p1a: Zapdos|Thunderbolt|p2a: Marshmelon
|-damage|p2a: Marshmelon|82/100
|
|-heal|p2a: Marshmelon|89/100|[from] item: Leftovers
|upkeep
|turn|4
|
|t:|1730306187
|switch|p1a: Snorlax|Snorlax, M|100/100
|move|p2a: Marshmelon|Ice Beam|p1a: Snorlax
|-damage|p1a: Snorlax|92/100
|-status|p1a: Snorlax|frz
|
|-heal|p2a: Marshmelon|95/100|[from] item: Leftovers
|-heal|p1a: Snorlax|98/100 frz|[from] item: Leftovers
|upkeep
|turn|5
|
|t:|1730306196
|switch|p2a: Matchmech Circular|Metagross|100/100
|cant|p1a: Snorlax|frz
|
|-heal|p1a: Snorlax|100/100 frz|[from] item: Leftovers
|upkeep
|turn|6
|c|☆crab person|mb
|
|t:|1730306204
|switch|p1a: Jirachi|Jirachi|100/100
|move|p2a: Matchmech Circular|Meteor Mash|p1a: Jirachi
|-resisted|p1a: Jirachi
|-damage|p1a: Jirachi|72/100
|
|-heal|p1a: Jirachi|78/100|[from] item: Leftovers
|upkeep
|turn|7
|c|☆Bhol|All good
|
|t:|1730306224
|switch|p2a: Marshmelon|Blissey, F|95/100
|move|p1a: Jirachi|Thunder|p2a: Marshmelon|[miss]
|-miss|p1a: Jirachi|p2a: Marshmelon
|
|-heal|p1a: Jirachi|85/100|[from] item: Leftovers
|-heal|p2a: Marshmelon|100/100|[from] item: Leftovers
|upkeep
|turn|8
|
|t:|1730306231
|switch|p1a: Snorlax|Snorlax, M|100/100 frz
|move|p2a: Marshmelon|Heal Bell|p2a: Marshmelon
|-activate|p2a: Marshmelon|move: Heal Bell
|-curestatus|p2: Lightning Chidori|par|[silent]
|
|upkeep
|turn|9
|
|t:|1730306240
|switch|p2a: Matchmech Circular|Metagross|100/100
|cant|p1a: Snorlax|frz
|
|upkeep
|turn|10
|
|t:|1730306249
|switch|p1a: Jirachi|Jirachi|85/100
|move|p2a: Matchmech Circular|Meteor Mash|p1a: Jirachi|[miss]
|-miss|p2a: Matchmech Circular|p1a: Jirachi
|
|-heal|p1a: Jirachi|91/100|[from] item: Leftovers
|upkeep
|turn|11
|
|t:|1730306259
|switch|p2a: Marshmelon|Blissey, F|100/100
|move|p1a: Jirachi|Thunder|p2a: Marshmelon
|-damage|p2a: Marshmelon|89/100
|
|-heal|p1a: Jirachi|97/100|[from] item: Leftovers
|-heal|p2a: Marshmelon|95/100|[from] item: Leftovers
|upkeep
|turn|12
|
|t:|1730306263
|switch|p1a: Snorlax|Snorlax, M|100/100 frz
|move|p2a: Marshmelon|Thunderbolt|p1a: Snorlax
|-damage|p1a: Snorlax|90/100 frz
|
|-heal|p2a: Marshmelon|100/100|[from] item: Leftovers
|-heal|p1a: Snorlax|96/100 frz|[from] item: Leftovers
|upkeep
|turn|13
|
|t:|1730306266
|switch|p2a: Big Eye|Claydol|100/100
|cant|p1a: Snorlax|frz
|
|-heal|p1a: Snorlax|100/100 frz|[from] item: Leftovers
|upkeep
|turn|14
|
|t:|1730306278
|move|p2a: Big Eye|Shadow Ball|p1a: Snorlax
|-immune|p1a: Snorlax
|cant|p1a: Snorlax|frz
|
|upkeep
|turn|15
|
|t:|1730306283
|move|p2a: Big Eye|Earthquake|p1a: Snorlax
|-crit|p1a: Snorlax
|-damage|p1a: Snorlax|42/100 frz
|-curestatus|p1a: Snorlax|frz|[msg]
|move|p1a: Snorlax|Curse|p1a: Snorlax
|-unboost|p1a: Snorlax|spe|1
|-boost|p1a: Snorlax|atk|1
|-boost|p1a: Snorlax|def|1
|
|-heal|p1a: Snorlax|48/100|[from] item: Leftovers
|upkeep
|turn|16
|
|t:|1730306295
|move|p2a: Big Eye|Explosion|p1a: Snorlax
|-damage|p1a: Snorlax|0 fnt
|faint|p2a: Big Eye
|faint|p1a: Snorlax
|
|t:|1730306315
|switch|p2a: Lightning Chidori|Zapdos|51/100
|switch|p1a: Cloyster|Cloyster, M|100/100
|
|-heal|p2a: Lightning Chidori|57/100|[from] item: Leftovers
|upkeep
|turn|17
|
|t:|1730306318
|switch|p1a: Flygon|Flygon, F|100/100
|move|p2a: Lightning Chidori|Thunderbolt|p1a: Flygon
|-immune|p1a: Flygon
|
|-heal|p2a: Lightning Chidori|63/100|[from] item: Leftovers
|upkeep
|turn|18
|
|t:|1730306324
|move|p2a: Lightning Chidori|Hidden Power|p1a: Flygon
|-supereffective|p1a: Flygon
|-damage|p1a: Flygon|0 fnt
|faint|p1a: Flygon
|
|t:|1730306340
|switch|p1a: Armaldo|Armaldo, M|100/100
|
|-heal|p2a: Lightning Chidori|70/100|[from] item: Leftovers
|upkeep
|turn|19
|
|t:|1730306351
|switch|p2a: Blue Tang|Suicune|100/100
|move|p1a: Armaldo|Earthquake|p2a: Blue Tang
|-damage|p2a: Blue Tang|63/100
|
|-heal|p2a: Blue Tang|69/100|[from] item: Leftovers
|upkeep
|turn|20
|
|t:|1730306362
|switch|p1a: Cloyster|Cloyster, M|100/100
|move|p2a: Blue Tang|Surf|p1a: Cloyster
|-resisted|p1a: Cloyster
|-damage|p1a: Cloyster|74/100
|
|-heal|p2a: Blue Tang|75/100|[from] item: Leftovers
|-heal|p1a: Cloyster|80/100|[from] item: Leftovers
|upkeep
|turn|21
|
|t:|1730306372
|switch|p2a: Mushroom Man No2|Breloom, M|100/100
|move|p1a: Cloyster|Spikes|p2a: Mushroom Man No2
|-sidestart|p2: crab person|Spikes
|
|-heal|p1a: Cloyster|86/100|[from] item: Leftovers
|upkeep
|turn|22
|
|t:|1730306382
|move|p2a: Mushroom Man No2|Spore|p1a: Cloyster
|-status|p1a: Cloyster|slp|[from] move: Spore
|cant|p1a: Cloyster|slp
|
|-heal|p1a: Cloyster|93/100 slp|[from] item: Leftovers
|upkeep
|turn|23
|
|t:|1730306387
|switch|p1a: Zapdos|Zapdos|100/100 par
|move|p2a: Mushroom Man No2|Substitute|p2a: Mushroom Man No2
|-start|p2a: Mushroom Man No2|Substitute
|-damage|p2a: Mushroom Man No2|76/100
|
|-heal|p2a: Mushroom Man No2|82/100|[from] item: Leftovers
|upkeep
|turn|24
|
|t:|1730306395
|-singleturn|p2a: Mushroom Man No2|move: Focus Punch
|move|p1a: Zapdos|Thunderbolt|p2a: Mushroom Man No2
|-resisted|p2a: Mushroom Man No2
|-end|p2a: Mushroom Man No2|Substitute
|move|p2a: Mushroom Man No2|Focus Punch|p1a: Zapdos
|-resisted|p1a: Zapdos
|-damage|p1a: Zapdos|56/100 par
|
|-heal|p2a: Mushroom Man No2|88/100|[from] item: Leftovers
|-heal|p1a: Zapdos|63/100 par|[from] item: Leftovers
|upkeep
|turn|25
|
|t:|1730306401
|switch|p2a: Marshmelon|Blissey, F|100/100
|-damage|p2a: Marshmelon|88/100|[from] Spikes
|move|p1a: Zapdos|Thunder Wave|p2a: Marshmelon
|-status|p2a: Marshmelon|par
|
|-heal|p1a: Zapdos|69/100 par|[from] item: Leftovers
|-heal|p2a: Marshmelon|94/100 par|[from] item: Leftovers
|upkeep
|turn|26
|
|t:|1730306408
|-curestatus|p2a: Marshmelon|par|[from] ability: Natural Cure
|switch|p2a: Lightning Chidori|Zapdos|70/100
|move|p1a: Zapdos|Baton Pass|p1a: Zapdos
|
|t:|1730306414
|switch|p1a: Armaldo|Armaldo, M|100/100|[from] Baton Pass
|
|-heal|p2a: Lightning Chidori|76/100|[from] item: Leftovers
|upkeep
|turn|27
|
|t:|1730306421
|move|p2a: Lightning Chidori|Thunderbolt|p1a: Armaldo
|-damage|p1a: Armaldo|44/100
|move|p1a: Armaldo|Rock Slide|p2a: Lightning Chidori
|-supereffective|p2a: Lightning Chidori
|-crit|p2a: Lightning Chidori
|-damage|p2a: Lightning Chidori|0 fnt
|faint|p2a: Lightning Chidori
|
|t:|1730306426
|switch|p2a: Matchmech Circular|Metagross|100/100
|-damage|p2a: Matchmech Circular|88/100|[from] Spikes
|
|upkeep
|turn|28
|
|t:|1730306445
|switch|p1a: Zapdos|Zapdos|69/100 par
|move|p2a: Matchmech Circular|Earthquake|p1a: Zapdos
|-immune|p1a: Zapdos
|
|-heal|p1a: Zapdos|75/100 par|[from] item: Leftovers
|upkeep
|turn|29
|
|t:|1730306453
|switch|p2a: Marshmelon|Blissey, F|94/100
|-damage|p2a: Marshmelon|82/100|[from] Spikes
|move|p1a: Zapdos|Thunder Wave|p2a: Marshmelon
|-status|p2a: Marshmelon|par
|
|-heal|p1a: Zapdos|81/100 par|[from] item: Leftovers
|-heal|p2a: Marshmelon|88/100 par|[from] item: Leftovers
|upkeep
|turn|30
|
|t:|1730306458
|-curestatus|p2a: Marshmelon|par|[from] ability: Natural Cure
|switch|p2a: Blue Tang|Suicune|75/100
|-damage|p2a: Blue Tang|63/100|[from] Spikes
|move|p1a: Zapdos|Baton Pass|p1a: Zapdos
|
|t:|1730306465
|switch|p1a: Jirachi|Jirachi|97/100|[from] Baton Pass
|
|-heal|p2a: Blue Tang|69/100|[from] item: Leftovers
|-heal|p1a: Jirachi|100/100|[from] item: Leftovers
|upkeep
|turn|31
|
|t:|1730306477
|switch|p2a: Marshmelon|Blissey, F|88/100
|-damage|p2a: Marshmelon|76/100|[from] Spikes
|move|p1a: Jirachi|Wish|p1a: Jirachi
|
|-heal|p2a: Marshmelon|82/100|[from] item: Leftovers
|upkeep
|turn|32
|
|t:|1730306482
|switch|p1a: Armaldo|Armaldo, M|44/100
|move|p2a: Marshmelon|Thunderbolt|p1a: Armaldo
|-damage|p1a: Armaldo|22/100
|
|-heal|p1a: Armaldo|72/100|[from] move: Wish|[wisher] Jirachi
|-heal|p2a: Marshmelon|88/100|[from] item: Leftovers
|upkeep
|turn|33
|
|t:|1730306492
|switch|p2a: Blue Tang|Suicune|69/100
|-damage|p2a: Blue Tang|57/100|[from] Spikes
|move|p1a: Armaldo|Hidden Power|p2a: Blue Tang
|-damage|p2a: Blue Tang|16/100
|
|-heal|p2a: Blue Tang|22/100|[from] item: Leftovers
|upkeep
|turn|34
|
|t:|1730306507
|switch|p1a: Cloyster|Cloyster, M|93/100 slp
|move|p2a: Blue Tang|Surf|p1a: Cloyster
|-resisted|p1a: Cloyster
|-damage|p1a: Cloyster|65/100 slp
|
|-heal|p2a: Blue Tang|28/100|[from] item: Leftovers
|-heal|p1a: Cloyster|72/100 slp|[from] item: Leftovers
|upkeep
|turn|35
|
|t:|1730306528
|switch|p1a: Jirachi|Jirachi|100/100
|move|p2a: Blue Tang|Rest|p2a: Blue Tang
|-status|p2a: Blue Tang|slp|[from] move: Rest
|-heal|p2a: Blue Tang|100/100 slp|[silent]
|
|upkeep
|turn|36
|
|t:|1730306541
|switch|p2a: Marshmelon|Blissey, F|88/100
|-damage|p2a: Marshmelon|75/100|[from] Spikes
|switch|p1a: Armaldo|Armaldo, M|72/100
|
|-heal|p2a: Marshmelon|82/100|[from] item: Leftovers
|upkeep
|turn|37
|
|t:|1730306554
|switch|p2a: Matchmech Circular|Metagross|88/100
|-damage|p2a: Matchmech Circular|76/100|[from] Spikes
|move|p1a: Armaldo|Hidden Power|p2a: Matchmech Circular
|-damage|p2a: Matchmech Circular|24/100
|
|upkeep
|turn|38
|
|t:|1730306564
|switch|p1a: Cloyster|Cloyster, M|72/100 slp
|move|p2a: Matchmech Circular|Meteor Mash|p1a: Cloyster|[miss]
|-miss|p2a: Matchmech Circular|p1a: Cloyster
|
|-heal|p1a: Cloyster|78/100 slp|[from] item: Leftovers
|upkeep
|turn|39
|
|t:|1730306578
|switch|p2a: Marshmelon|Blissey, F|82/100
|-damage|p2a: Marshmelon|69/100|[from] Spikes
|-curestatus|p1a: Cloyster|slp|[msg]
|move|p1a: Cloyster|Surf|p2a: Marshmelon
|-damage|p2a: Marshmelon|59/100
|
|-heal|p1a: Cloyster|84/100|[from] item: Leftovers
|-heal|p2a: Marshmelon|65/100|[from] item: Leftovers
|upkeep
|turn|40
|
|t:|1730306594
|move|p1a: Cloyster|Spikes|p2a: Marshmelon
|-sidestart|p2: crab person|Spikes
|move|p2a: Marshmelon|Thunderbolt|p1a: Cloyster
|-supereffective|p1a: Cloyster
|-damage|p1a: Cloyster|30/100
|
|-heal|p1a: Cloyster|36/100|[from] item: Leftovers
|-heal|p2a: Marshmelon|72/100|[from] item: Leftovers
|upkeep
|turn|41
|
|t:|1730306602
|switch|p2a: Matchmech Circular|Metagross|24/100
|-damage|p2a: Matchmech Circular|7/100|[from] Spikes
|move|p1a: Cloyster|Explosion|p2a: Matchmech Circular
|-resisted|p2a: Matchmech Circular
|-damage|p2a: Matchmech Circular|0 fnt
|faint|p1a: Cloyster
|faint|p2a: Matchmech Circular
|
|t:|1730306613
|switch|p2a: Mushroom Man No2|Breloom, M|88/100
|switch|p1a: Zapdos|Zapdos|81/100 par
|-damage|p2a: Mushroom Man No2|71/100|[from] Spikes
|
|-heal|p2a: Mushroom Man No2|78/100|[from] item: Leftovers
|-heal|p1a: Zapdos|87/100 par|[from] item: Leftovers
|upkeep
|turn|42
|
|t:|1730306622
|move|p2a: Mushroom Man No2|Substitute|p2a: Mushroom Man No2
|-start|p2a: Mushroom Man No2|Substitute
|-damage|p2a: Mushroom Man No2|53/100
|move|p1a: Zapdos|Thunder Wave||[still]
|-fail|p1a: Zapdos
|
|-heal|p2a: Mushroom Man No2|59/100|[from] item: Leftovers
|-heal|p1a: Zapdos|94/100 par|[from] item: Leftovers
|upkeep
|turn|43
|
|t:|1730306627
|-singleturn|p2a: Mushroom Man No2|move: Focus Punch
|cant|p1a: Zapdos|par
|move|p2a: Mushroom Man No2|Focus Punch|p1a: Zapdos
|-resisted|p1a: Zapdos
|-damage|p1a: Zapdos|49/100 par
|
|-heal|p2a: Mushroom Man No2|65/100|[from] item: Leftovers
|-heal|p1a: Zapdos|55/100 par|[from] item: Leftovers
|upkeep
|turn|44
|
|t:|1730306636
|move|p2a: Mushroom Man No2|Leech Seed|p1a: Zapdos
|-start|p1a: Zapdos|move: Leech Seed
|cant|p1a: Zapdos|par
|
|-heal|p2a: Mushroom Man No2|71/100|[from] item: Leftovers
|-heal|p1a: Zapdos|61/100 par|[from] item: Leftovers
|-damage|p1a: Zapdos|49/100 par|[from] Leech Seed|[of] p2a: Mushroom Man No2
|-heal|p2a: Mushroom Man No2|86/100|[silent]
|upkeep
|turn|45
|
|t:|1730306641
|-singleturn|p2a: Mushroom Man No2|move: Focus Punch
|move|p1a: Zapdos|Thunderbolt|p2a: Mushroom Man No2
|-resisted|p2a: Mushroom Man No2
|-end|p2a: Mushroom Man No2|Substitute
|move|p2a: Mushroom Man No2|Focus Punch|p1a: Zapdos
|-resisted|p1a: Zapdos
|-damage|p1a: Zapdos|4/100 par
|
|-heal|p2a: Mushroom Man No2|92/100|[from] item: Leftovers
|-heal|p1a: Zapdos|10/100 par|[from] item: Leftovers
|-damage|p1a: Zapdos|0 fnt|[from] Leech Seed|[of] p2a: Mushroom Man No2
|-heal|p2a: Mushroom Man No2|100/100|[silent]
|faint|p1a: Zapdos
|upkeep
|c|☆crab person|soz
|
|t:|1730306648
|switch|p1a: Jirachi|Jirachi|100/100
|turn|46
|
|t:|1730306658
|switch|p2a: Marshmelon|Blissey, F|72/100
|-damage|p2a: Marshmelon|55/100|[from] Spikes
|move|p1a: Jirachi|Ice Punch|p2a: Marshmelon
|-damage|p2a: Marshmelon|48/100
|-status|p2a: Marshmelon|frz
|
|-heal|p2a: Marshmelon|54/100 frz|[from] item: Leftovers
|upkeep
|turn|47
|
|t:|1730306674
|move|p1a: Jirachi|Calm Mind|p1a: Jirachi
|-boost|p1a: Jirachi|spa|1
|-boost|p1a: Jirachi|spd|1
|cant|p2a: Marshmelon|frz
|
|-heal|p2a: Marshmelon|60/100 frz|[from] item: Leftovers
|upkeep
|turn|48
|
|t:|1730306685
|move|p1a: Jirachi|Calm Mind|p1a: Jirachi
|-boost|p1a: Jirachi|spa|1
|-boost|p1a: Jirachi|spd|1
|-curestatus|p2a: Marshmelon|frz|[msg]
|move|p2a: Marshmelon|Soft-Boiled|p2a: Marshmelon
|-heal|p2a: Marshmelon|100/100
|
|upkeep
|turn|49
|
|t:|1730306698
|move|p1a: Jirachi|Calm Mind|p1a: Jirachi
|-boost|p1a: Jirachi|spa|1
|-boost|p1a: Jirachi|spd|1
|move|p2a: Marshmelon|Thunderbolt|p1a: Jirachi
|-damage|p1a: Jirachi|94/100
|
|-heal|p1a: Jirachi|99/100|[from] item: Leftovers
|upkeep
|turn|50
|
|t:|1730306709
|move|p1a: Jirachi|Thunder|p2a: Marshmelon
|-damage|p2a: Marshmelon|74/100
|-status|p2a: Marshmelon|par
|cant|p2a: Marshmelon|par
|
|-heal|p1a: Jirachi|100/100|[from] item: Leftovers
|-heal|p2a: Marshmelon|80/100 par|[from] item: Leftovers
|upkeep
|turn|51
|
|t:|1730306719
|move|p1a: Jirachi|Calm Mind|p1a: Jirachi
|-boost|p1a: Jirachi|spa|1
|-boost|p1a: Jirachi|spd|1
|move|p2a: Marshmelon|Soft-Boiled|p2a: Marshmelon
|-heal|p2a: Marshmelon|100/100 par
|
|upkeep
|turn|52
|
|t:|1730306728
|move|p1a: Jirachi|Calm Mind|p1a: Jirachi
|-boost|p1a: Jirachi|spa|1
|-boost|p1a: Jirachi|spd|1
|move|p2a: Marshmelon|Heal Bell|p2a: Marshmelon
|-activate|p2a: Marshmelon|move: Heal Bell
|-curestatus|p2a: Marshmelon|par|[silent]
|-curestatus|p2: Blue Tang|slp|[silent]
|
|upkeep
|turn|53
|
|t:|1730306742
|move|p1a: Jirachi|Calm Mind|p1a: Jirachi
|-boost|p1a: Jirachi|spa|1
|-boost|p1a: Jirachi|spd|1
|move|p2a: Marshmelon|Ice Beam|p1a: Jirachi
|-resisted|p1a: Jirachi
|-damage|p1a: Jirachi|99/100
|
|-heal|p1a: Jirachi|100/100|[from] item: Leftovers
|upkeep
|turn|54
|
|t:|1730306750
|move|p1a: Jirachi|Thunder|p2a: Marshmelon
|-damage|p2a: Marshmelon|57/100
|-status|p2a: Marshmelon|par
|move|p2a: Marshmelon|Ice Beam|p1a: Jirachi
|-resisted|p1a: Jirachi
|-damage|p1a: Jirachi|99/100
|
|-heal|p1a: Jirachi|100/100|[from] item: Leftovers
|-heal|p2a: Marshmelon|63/100 par|[from] item: Leftovers
|upkeep
|turn|55
|
|t:|1730306758
|move|p1a: Jirachi|Thunder|p2a: Marshmelon
|-damage|p2a: Marshmelon|15/100 par
|move|p2a: Marshmelon|Soft-Boiled|p2a: Marshmelon
|-heal|p2a: Marshmelon|65/100 par
|
|-heal|p2a: Marshmelon|71/100 par|[from] item: Leftovers
|upkeep
|turn|56
|
|t:|1730306765
|move|p1a: Jirachi|Thunder|p2a: Marshmelon
|-damage|p2a: Marshmelon|27/100 par
|move|p2a: Marshmelon|Soft-Boiled|p2a: Marshmelon
|-heal|p2a: Marshmelon|77/100 par
|
|-heal|p2a: Marshmelon|83/100 par|[from] item: Leftovers
|upkeep
|turn|57
|
|t:|1730306775
|move|p1a: Jirachi|Thunder|p2a: Marshmelon
|-crit|p2a: Marshmelon
|-damage|p2a: Marshmelon|0 fnt
|faint|p2a: Marshmelon
|
|t:|1730306781
|switch|p2a: Mushroom Man No2|Breloom, M|100/100
|-damage|p2a: Mushroom Man No2|84/100|[from] Spikes
|
|-heal|p2a: Mushroom Man No2|90/100|[from] item: Leftovers
|upkeep
|turn|58
|
|t:|1730306788
|move|p2a: Mushroom Man No2|Spore|p1a: Jirachi
|-status|p1a: Jirachi|slp|[from] move: Spore
|cant|p1a: Jirachi|slp
|
|-heal|p2a: Mushroom Man No2|96/100|[from] item: Leftovers
|upkeep
|turn|59
|
|t:|1730306804
|move|p2a: Mushroom Man No2|Substitute|p2a: Mushroom Man No2
|-start|p2a: Mushroom Man No2|Substitute
|-damage|p2a: Mushroom Man No2|71/100
|cant|p1a: Jirachi|slp
|
|-heal|p2a: Mushroom Man No2|78/100|[from] item: Leftovers
|upkeep
|turn|60
|
|t:|1730306811
|move|p2a: Mushroom Man No2|Leech Seed|p1a: Jirachi
|-start|p1a: Jirachi|move: Leech Seed
|-curestatus|p1a: Jirachi|slp|[msg]
|move|p1a: Jirachi|Ice Punch|p2a: Mushroom Man No2
|-supereffective|p2a: Mushroom Man No2
|-end|p2a: Mushroom Man No2|Substitute
|
|-heal|p2a: Mushroom Man No2|84/100|[from] item: Leftovers
|-damage|p1a: Jirachi|88/100|[from] Leech Seed|[of] p2a: Mushroom Man No2
|-heal|p2a: Mushroom Man No2|100/100|[silent]
|upkeep
|turn|61
|
|t:|1730306824
|switch|p1a: Armaldo|Armaldo, M|72/100
|move|p2a: Mushroom Man No2|Spore|p1a: Armaldo
|-status|p1a: Armaldo|slp|[from] move: Spore
|
|upkeep
|turn|62
|
|t:|1730306832
|switch|p1a: Jirachi|Jirachi|88/100
|move|p2a: Mushroom Man No2|Substitute|p2a: Mushroom Man No2
|-start|p2a: Mushroom Man No2|Substitute
|-damage|p2a: Mushroom Man No2|76/100
|
|-heal|p2a: Mushroom Man No2|82/100|[from] item: Leftovers
|-heal|p1a: Jirachi|94/100|[from] item: Leftovers
|upkeep
|turn|63
|
|t:|1730306840
|-singleturn|p2a: Mushroom Man No2|move: Focus Punch
|move|p1a: Jirachi|Ice Punch|p2a: Mushroom Man No2
|-supereffective|p2a: Mushroom Man No2
|-end|p2a: Mushroom Man No2|Substitute
|move|p2a: Mushroom Man No2|Focus Punch|p1a: Jirachi
|-damage|p1a: Jirachi|42/100
|
|-heal|p2a: Mushroom Man No2|88/100|[from] item: Leftovers
|-heal|p1a: Jirachi|48/100|[from] item: Leftovers
|upkeep
|turn|64
|
|t:|1730306852
|switch|p2a: Blue Tang|Suicune|100/100
|-damage|p2a: Blue Tang|84/100|[from] Spikes
|move|p1a: Jirachi|Ice Punch|p2a: Blue Tang
|-resisted|p2a: Blue Tang
|-damage|p2a: Blue Tang|77/100
|
|-heal|p2a: Blue Tang|83/100|[from] item: Leftovers
|-heal|p1a: Jirachi|54/100|[from] item: Leftovers
|upkeep
|turn|65
|
|t:|1730306862
|move|p2a: Blue Tang|Calm Mind|p2a: Blue Tang
|-boost|p2a: Blue Tang|spa|1
|-boost|p2a: Blue Tang|spd|1
|move|p1a: Jirachi|Thunder|p2a: Blue Tang
|-supereffective|p2a: Blue Tang
|-damage|p2a: Blue Tang|51/100
|-status|p2a: Blue Tang|par
|
|-heal|p1a: Jirachi|60/100|[from] item: Leftovers
|-heal|p2a: Blue Tang|57/100 par|[from] item: Leftovers
|upkeep
|turn|66
|
|t:|1730306873
|move|p1a: Jirachi|Calm Mind|p1a: Jirachi
|-boost|p1a: Jirachi|spa|1
|-boost|p1a: Jirachi|spd|1
|move|p2a: Blue Tang|Surf|p1a: Jirachi
|-damage|p1a: Jirachi|29/100
|
|-heal|p1a: Jirachi|35/100|[from] item: Leftovers
|-heal|p2a: Blue Tang|63/100 par|[from] item: Leftovers
|upkeep
|turn|67
|
|t:|1730306885
|move|p1a: Jirachi|Thunder|p2a: Blue Tang|[miss]
|-miss|p1a: Jirachi|p2a: Blue Tang
|move|p2a: Blue Tang|Surf|p1a: Jirachi
|-damage|p1a: Jirachi|3/100
|
|-heal|p1a: Jirachi|9/100|[from] item: Leftovers
|-heal|p2a: Blue Tang|70/100 par|[from] item: Leftovers
|upkeep
|turn|68
|
|t:|1730306895
|move|p1a: Jirachi|Thunder|p2a: Blue Tang
|-supereffective|p2a: Blue Tang
|-damage|p2a: Blue Tang|21/100 par
|move|p2a: Blue Tang|Surf|p1a: Jirachi
|-damage|p1a: Jirachi|0 fnt
|faint|p1a: Jirachi
|
|t:|1730306900
|switch|p1a: Armaldo|Armaldo, M|72/100 slp
|
|-heal|p2a: Blue Tang|27/100 par|[from] item: Leftovers
|upkeep
|turn|69
|
|t:|1730306904
|cant|p1a: Armaldo|slp
|cant|p2a: Blue Tang|par
|
|-heal|p2a: Blue Tang|34/100 par|[from] item: Leftovers
|upkeep
|turn|70
|
|t:|1730306906
|cant|p1a: Armaldo|slp
|cant|p2a: Blue Tang|par
|
|-heal|p2a: Blue Tang|40/100 par|[from] item: Leftovers
|upkeep
|turn|71
|
|t:|1730306908
|-curestatus|p1a: Armaldo|slp|[msg]
|move|p1a: Armaldo|Hidden Power|p2a: Blue Tang
|-damage|p2a: Blue Tang|0 fnt
|faint|p2a: Blue Tang
|
|t:|1730306912
|switch|p2a: Mushroom Man No2|Breloom, M|88/100
|-damage|p2a: Mushroom Man No2|71/100|[from] Spikes
|
|-heal|p2a: Mushroom Man No2|78/100|[from] item: Leftovers
|upkeep
|turn|72
|
|t:|1730306915
|move|p2a: Mushroom Man No2|Spore|p1a: Armaldo
|-status|p1a: Armaldo|slp|[from] move: Spore
|cant|p1a: Armaldo|slp
|
|-heal|p2a: Mushroom Man No2|84/100|[from] item: Leftovers
|upkeep
|turn|73
|
|t:|1730306918
|move|p2a: Mushroom Man No2|Substitute|p2a: Mushroom Man No2
|-start|p2a: Mushroom Man No2|Substitute
|-damage|p2a: Mushroom Man No2|59/100
|cant|p1a: Armaldo|slp
|
|-heal|p2a: Mushroom Man No2|65/100|[from] item: Leftovers
|upkeep
|turn|74
|
|t:|1730306922
|-singleturn|p2a: Mushroom Man No2|move: Focus Punch
|cant|p1a: Armaldo|slp
|move|p2a: Mushroom Man No2|Focus Punch|p1a: Armaldo
|-damage|p1a: Armaldo|0 fnt
|faint|p1a: Armaldo
|
|win|crab person
|c|☆crab person|ggwp
|c|☆crab person|soz about hax
|c|☆Bhol|gg u2
|c|☆Bhol|all good I had some too lol

</script>
<script type="application/json" class="data" id="replaydata-gen3ou-2234127789-kkwj9baoafvjiawxrenrtw97xoqwjv1pw">
{"id":"gen3ou-2234127789","format":"[Gen 3] OU","players":["Bhol","crab person"],"uploadtime":1730306931,"views":85,"formatid":"gen3ou","rating":null,"private":1,"password":"kkwj9baoafvjiawxrenrtw97xoqwjv1"}
</script>

<script defer src="js/replays.js?9d40a366"></script>
