<!DOCTYPE html>
<meta charset="utf-8" />
<meta name="viewport" content="width=device-width" />

<title>[Gen 3] OU: Christos vs. alphasapphire918 - Replays - Pok&eacute;mon Showdown!</title>

<meta name="description" content="Watch a replay of a Pok&eacute;mon battle between Christos and alphasapphire918! Format: [Gen 3] OU; Date: Oct 2, 2024" />
<!--

Hey, you! Looking in the source for the replay log?

You can find them in JSON format, just add `.json` at the end of a replay URL.

https://replay.pokemonshowdown.com/gen7randomdoublesbattle-865046831.json

Or, if you only need the log itself, add `.log` instead:

https://replay.pokemonshowdown.com/gen7randomdoublesbattle-865046831.log

-->

<link rel="stylesheet" href="//pokemonshowdown.com/style/global.css?0.023195364461161105" />
<link rel="stylesheet" href="//play.pokemonshowdown.com/style/font-awesome.css?0.13261647063804238" />
<link rel="stylesheet" href="//play.pokemonshowdown.com/style/battle.css?0.8753245789963631" />
<link rel="stylesheet" href="//play.pokemonshowdown.com/style/utilichart.css?0.8627959624976733" />

<!-- Global site tag (gtag.js) - Google Analytics -->
<script async src="https://www.googletagmanager.com/gtag/js?id=UA-26211653-1"></script>
<script>
  window.dataLayer = window.dataLayer || [];
  function gtag(){dataLayer.push(arguments);}
  gtag('js', new Date());

  gtag('config', 'UA-26211653-1');
</script>
<!-- End Google Analytics -->
<!-- Venatus Ad Manager - Install in <HEAD> of page -->
	<script src="https://hb.vntsm.com/v3/live/ad-manager.min.js" type="text/javascript" data-site-id="642aba63ec9a7b11c3c9c1be" data-mode="scan" async></script>
<!-- / Venatus Ad Manager -->

<style>
	@media (max-width:820px) {
		.battle {
			margin: 0 auto;
		}
		.battle-log {
			margin: 7px auto 0;
			max-width: 640px;
			height: 300px;
			position: static;
		}
	}
	.optgroup {
		display: inline-block;
		line-height: 22px;
		font-size: 10pt;
	}
	.optgroup .button {
		height: 25px;
		padding-top: 0;
		padding-bottom: 0;
	}
	.optgroup button.button {
		padding-left: 12px;
		padding-right: 12px;
	}
	.linklist {
		list-style: none;
		margin: 0.5em 0;
		padding: 0;
	}
	.linklist li {
		padding: 2px 0;
	}
	.sidebar {
		float: left;
		width: 320px;
	}
	.bar-wrapper {
		max-width: 1100px;
		margin: 0 auto;
	}
	.bar-wrapper.has-sidebar {
		max-width: 1430px;
	}
	.mainbar {
		margin: 0;
		padding-right: 1px;
	}
	.mainbar.has-sidebar {
		margin-left: 330px;
	}
	@media (min-width: 1511px) {
		.sidebar {
			width: 400px;
		}
		.bar-wrapper.has-sidebar {
			max-width: 1510px;
		}
		.mainbar.has-sidebar {
			margin-left: 410px;
		}
	}
	.section.first-section {
		margin-top: 9px;
	}
	.blocklink small {
		white-space: normal;
	}
	.button {
		vertical-align: middle;
	}
	.replay-controls {
		padding-top: 10px;
	}
	.replay-controls h1 {
		font-size: 16pt;
		font-weight: normal;
		color: #CCC;
	}
	.pagelink {
		text-align: center;
	}
	.pagelink a {
		width: 150px;
	}
	.textbox, .button {
		font-size: 11pt;
		vertical-align: middle;
	}
	@media (max-width: 450px) {
		.button {
			font-size: 9pt;
		}
	}
</style>

<div>

	<header>
		<div class="nav-wrapper"><ul class="nav">
			<li><a class="button nav-first" href="//pokemonshowdown.com/"><img src="//pokemonshowdown.com/images/pokemonshowdownbeta.png" srcset="//pokemonshowdown.com/images/pokemonshowdownbeta.png 1x, //pokemonshowdown.com/images/pokemonshowdownbeta@2x.png 2x" alt="Pok&eacute;mon Showdown" width="146" height="44" /> Home</a></li>
			<li><a class="button" href="//pokemonshowdown.com/dex/">Pok&eacute;dex</a></li>
			<li><a class="button cur" href="/">Replays</a></li>
			<li><a class="button" href="//pokemonshowdown.com/ladder/">Ladder</a></li>
			<li><a class="button nav-last" href="//pokemonshowdown.com/forums/">Forum</a></li>
			<li><a class="button greenbutton nav-first nav-last" href="//play.pokemonshowdown.com/">Play</a></li>
		</ul></div>
	</header>

	<div class="main" id="main">

		<noscript><section class="section">You need to enable JavaScript to use this page; sorry!</section></noscript>

	</div>

</div>

<script defer nomodule src="//play.pokemonshowdown.com/js/lib/ps-polyfill.js"></script>
<script defer src="//play.pokemonshowdown.com/js/lib/preact.min.js"></script>

<script defer src="//play.pokemonshowdown.com/config/config.js?2bddbc15"></script>
<script defer src="//play.pokemonshowdown.com/js/lib/jquery-1.11.0.min.js"></script>
<script defer src="//play.pokemonshowdown.com/js/lib/html-sanitizer-minified.js"></script>
<script defer src="//play.pokemonshowdown.com/js/battle-sound.js"></script>
<script defer src="//play.pokemonshowdown.com/js/battledata.js?0.7209276989879541"></script>
<script defer src="//play.pokemonshowdown.com/data/pokedex-mini.js?0.6111056340867951"></script>
<script defer src="//play.pokemonshowdown.com/data/pokedex-mini-bw.js?0.3532142036491459"></script>
<script defer src="//play.pokemonshowdown.com/data/graphics.js?0.24223875632456182"></script>
<script defer src="//play.pokemonshowdown.com/data/pokedex.js?0.38839984266356864"></script>
<script defer src="//play.pokemonshowdown.com/data/moves.js?0.21866028504024015"></script>
<script defer src="//play.pokemonshowdown.com/data/abilities.js?0.2005157953846628"></script>
<script defer src="//play.pokemonshowdown.com/data/items.js?0.9894211263848525"></script>
<script defer src="//play.pokemonshowdown.com/data/teambuilder-tables.js?0.6008791140282215"></script>
<script defer src="//play.pokemonshowdown.com/js/battle-tooltips.js?0.7580118955022959"></script>
<script defer src="//play.pokemonshowdown.com/js/battle.js?0.6057722274234274"></script>

<script defer src="js/utils.js?e31f9a17"></script>
<script defer src="js/replays-battle.js?7008c182"></script>

<!-- don't scrape this data! just add .json or .log after the URL!
Full API docs: https://github.com/smogon/pokemon-showdown-client/blob/master/WEB-API.md -->
<script type="text/plain" class="log" id="replaylog-smogtours-gen3ou-793916">
|inactive|Battle timer is ON: inactive players will automatically lose when time's up.
|t:|1727864082
|gametype|singles
|player|p1|Christos|boarder|
|player|p2|alphasapphire918|galacticgruntf|
|teamsize|p1|6
|teamsize|p2|6
|gen|3
|tier|[Gen 3] OU
|rule|Sleep Clause Mod: Limit one foe put to sleep
|rule|Switch Priority Clause Mod: Faster Pokémon switch first
|rule|Species Clause: Limit one of each Pokémon
|rule|OHKO Clause: OHKO moves are banned
|rule|Evasion Items Clause: Evasion items are banned
|rule|Evasion Moves Clause: Evasion moves are banned
|rule|Endless Battle Clause: Forcing endless battles is banned
|rule|HP Percentage Mod: HP is shown in percentages
|rule|One Boost Passer Clause: Limit one Baton Passer that has a way to boost its stats
|rule|Freeze Clause Mod: Limit one foe frozen
|
|t:|1727864082
|start
|switch|p1a: Tyranitar|Tyranitar, F|100/100
|switch|p2a: Love Shocker|Metagross, shiny|100/100
|-weather|Sandstorm|[from] ability: Sand Stream|[of] p1a: Tyranitar
|turn|1
|inactive|Christos has 270 seconds left.
|
|t:|1727864114
|switch|p1a: Forretress|Forretress, M|100/100
|move|p2a: Love Shocker|Meteor Mash|p1a: Forretress
|-resisted|p1a: Forretress
|-damage|p1a: Forretress|71/100
|
|-weather|Sandstorm|[upkeep]
|-heal|p1a: Forretress|78/100|[from] item: Leftovers
|upkeep
|turn|2
|
|t:|1727864134
|switch|p2a: Noise Tank|Forretress, F, shiny|100/100
|move|p1a: Forretress|Spikes|p2a: Noise Tank
|-sidestart|p2: alphasapphire918|Spikes
|
|-weather|Sandstorm|[upkeep]
|-heal|p1a: Forretress|84/100|[from] item: Leftovers
|upkeep
|turn|3
|
|t:|1727864152
|switch|p1a: Tyranitar|Tyranitar, F|100/100
|move|p2a: Noise Tank|Spikes|p1a: Tyranitar
|-sidestart|p1: Christos|Spikes
|
|-weather|Sandstorm|[upkeep]
|upkeep
|turn|4
|
|t:|1727864163
|switch|p2a: Doom Rider|Suicune, shiny|100/100
|-damage|p2a: Doom Rider|88/100|[from] Spikes
|move|p1a: Tyranitar|Fire Blast|p2a: Doom Rider
|-resisted|p2a: Doom Rider
|-damage|p2a: Doom Rider|74/100
|
|-weather|Sandstorm|[upkeep]
|-damage|p2a: Doom Rider|68/100|[from] Sandstorm
|-heal|p2a: Doom Rider|74/100|[from] item: Leftovers
|upkeep
|turn|5
|
|t:|1727864178
|switch|p1a: Zapdos|Zapdos|100/100
|move|p2a: Doom Rider|Calm Mind|p2a: Doom Rider
|-boost|p2a: Doom Rider|spa|1
|-boost|p2a: Doom Rider|spd|1
|
|-weather|Sandstorm|[upkeep]
|-damage|p1a: Zapdos|94/100|[from] Sandstorm
|-damage|p2a: Doom Rider|68/100|[from] Sandstorm
|-heal|p1a: Zapdos|100/100|[from] item: Leftovers
|-heal|p2a: Doom Rider|74/100|[from] item: Leftovers
|upkeep
|turn|6
|inactive|alphasapphire918 has 270 seconds left.
|
|t:|1727864204
|switch|p2a: Immortal|Snorlax, F, shiny|100/100
|-damage|p2a: Immortal|88/100|[from] Spikes
|move|p1a: Zapdos|Thunderbolt|p2a: Immortal
|-damage|p2a: Immortal|64/100
|
|-weather|Sandstorm|[upkeep]
|-damage|p1a: Zapdos|94/100|[from] Sandstorm
|-damage|p2a: Immortal|58/100|[from] Sandstorm
|-heal|p1a: Zapdos|100/100|[from] item: Leftovers
|-heal|p2a: Immortal|64/100|[from] item: Leftovers
|upkeep
|turn|7
|inactive|alphasapphire918 has 270 seconds left.
|
|t:|1727864224
|switch|p1a: Tyranitar|Tyranitar, F|100/100
|-damage|p1a: Tyranitar|88/100|[from] Spikes
|move|p2a: Immortal|Body Slam|p1a: Tyranitar
|-resisted|p1a: Tyranitar
|-damage|p1a: Tyranitar|73/100
|
|-weather|Sandstorm|[upkeep]
|-damage|p2a: Immortal|58/100|[from] Sandstorm
|-heal|p2a: Immortal|64/100|[from] item: Leftovers
|upkeep
|turn|8
|inactive|alphasapphire918 has 270 seconds left.
|
|t:|1727864256
|move|p1a: Tyranitar|Brick Break|p2a: Immortal
|-supereffective|p2a: Immortal
|-damage|p2a: Immortal|33/100
|move|p2a: Immortal|Body Slam|p1a: Tyranitar
|-resisted|p1a: Tyranitar
|-damage|p1a: Tyranitar|56/100
|
|-weather|Sandstorm|[upkeep]
|-damage|p2a: Immortal|27/100|[from] Sandstorm
|-heal|p2a: Immortal|33/100|[from] item: Leftovers
|upkeep
|turn|9
|inactive|alphasapphire918 has 240 seconds left.
|
|t:|1727864282
|switch|p2a: Love Shocker|Metagross, shiny|100/100
|-damage|p2a: Love Shocker|88/100|[from] Spikes
|move|p1a: Tyranitar|Brick Break|p2a: Love Shocker
|-damage|p2a: Love Shocker|72/100
|
|-weather|Sandstorm|[upkeep]
|upkeep
|turn|10
|inactive|alphasapphire918 has 240 seconds left.
|
|t:|1727864296
|switch|p1a: Claydol|Claydol|100/100
|move|p2a: Love Shocker|Meteor Mash|p1a: Claydol
|-damage|p1a: Claydol|26/100
|
|-weather|Sandstorm|[upkeep]
|-heal|p1a: Claydol|32/100|[from] item: Leftovers
|upkeep
|turn|11
|inactive|alphasapphire918 has 240 seconds left.
|
|t:|1727864316
|switch|p1a: Jirachi|Jirachi|100/100
|-damage|p1a: Jirachi|88/100|[from] Spikes
|move|p2a: Love Shocker|Meteor Mash|p1a: Jirachi
|-resisted|p1a: Jirachi
|-damage|p1a: Jirachi|60/100
|
|-weather|Sandstorm|[upkeep]
|-heal|p1a: Jirachi|66/100|[from] item: Leftovers
|upkeep
|turn|12
|
|t:|1727864339
|switch|p2a: Immortal|Snorlax, F, shiny|33/100
|-damage|p2a: Immortal|21/100|[from] Spikes
|move|p1a: Jirachi|Wish|p1a: Jirachi
|
|-weather|Sandstorm|[upkeep]
|-damage|p2a: Immortal|15/100|[from] Sandstorm
|-heal|p1a: Jirachi|72/100|[from] item: Leftovers
|-heal|p2a: Immortal|21/100|[from] item: Leftovers
|upkeep
|turn|13
|inactive|alphasapphire918 has 210 seconds left.
|
|t:|1727864364
|-singleturn|p2a: Immortal|move: Focus Punch
|move|p1a: Jirachi|Protect|p1a: Jirachi
|-singleturn|p1a: Jirachi|Protect
|move|p2a: Immortal|Focus Punch|p1a: Jirachi
|-activate|p1a: Jirachi|Protect
|
|-heal|p1a: Jirachi|100/100|[from] move: Wish|[wisher] Jirachi
|-weather|Sandstorm|[upkeep]
|-damage|p2a: Immortal|15/100|[from] Sandstorm
|-heal|p2a: Immortal|21/100|[from] item: Leftovers
|upkeep
|turn|14
|inactive|alphasapphire918 has 210 seconds left.
|
|t:|1727864384
|move|p1a: Jirachi|Fire Punch|p2a: Immortal
|-damage|p2a: Immortal|16/100
|-status|p2a: Immortal|brn
|move|p2a: Immortal|Shadow Ball|p1a: Jirachi
|-damage|p1a: Jirachi|93/100
|-unboost|p1a: Jirachi|spd|1
|
|-weather|Sandstorm|[upkeep]
|-damage|p2a: Immortal|10/100 brn|[from] Sandstorm
|-heal|p1a: Jirachi|99/100|[from] item: Leftovers
|-heal|p2a: Immortal|16/100 brn|[from] item: Leftovers
|-damage|p2a: Immortal|3/100 brn|[from] brn
|upkeep
|turn|15
|
|t:|1727864413
|switch|p2a: Doom Rider|Suicune, shiny|74/100
|-damage|p2a: Doom Rider|61/100|[from] Spikes
|move|p1a: Jirachi|Fire Punch|p2a: Doom Rider
|-resisted|p2a: Doom Rider
|-damage|p2a: Doom Rider|56/100
|-status|p2a: Doom Rider|brn
|
|-weather|Sandstorm|[upkeep]
|-damage|p2a: Doom Rider|50/100 brn|[from] Sandstorm
|-heal|p1a: Jirachi|100/100|[from] item: Leftovers
|-heal|p2a: Doom Rider|56/100 brn|[from] item: Leftovers
|-damage|p2a: Doom Rider|43/100 brn|[from] brn
|upkeep
|turn|16
|c|☆Christos|sorry
|
|t:|1727864427
|switch|p1a: Zapdos|Zapdos|100/100
|move|p2a: Doom Rider|Rest|p2a: Doom Rider
|-status|p2a: Doom Rider|slp|[from] move: Rest
|-heal|p2a: Doom Rider|100/100 slp|[silent]
|
|-weather|Sandstorm|[upkeep]
|-damage|p1a: Zapdos|94/100|[from] Sandstorm
|-damage|p2a: Doom Rider|94/100 slp|[from] Sandstorm
|-heal|p1a: Zapdos|100/100|[from] item: Leftovers
|-heal|p2a: Doom Rider|100/100 slp|[from] item: Leftovers
|upkeep
|turn|17
|
|t:|1727864440
|switch|p2a: Immortal|Snorlax, F, shiny|3/100 brn
|-damage|p2a: Immortal|0 fnt|[from] Spikes
|faint|p2a: Immortal
|inactive|alphasapphire918 has 180 seconds left.
|
|t:|1727864466
|switch|p2a: Rapid 99|Tyranitar, M, shiny|100/100
|-damage|p2a: Rapid 99|88/100|[from] Spikes
|
|-weather|Sandstorm|[upkeep]
|-damage|p1a: Zapdos|94/100|[from] Sandstorm
|-heal|p1a: Zapdos|100/100|[from] item: Leftovers
|upkeep
|turn|18
|
|t:|1727864477
|switch|p1a: Claydol|Claydol|32/100
|move|p2a: Rapid 99|Dragon Dance|p2a: Rapid 99
|-boost|p2a: Rapid 99|atk|1
|-boost|p2a: Rapid 99|spe|1
|
|-weather|Sandstorm|[upkeep]
|-heal|p1a: Claydol|38/100|[from] item: Leftovers
|upkeep
|turn|19
|
|t:|1727864492
|move|p2a: Rapid 99|Ice Beam|p1a: Claydol
|-supereffective|p1a: Claydol
|-damage|p1a: Claydol|2/100
|move|p1a: Claydol|Earthquake|p2a: Rapid 99
|-supereffective|p2a: Rapid 99
|-damage|p2a: Rapid 99|36/100
|
|-weather|Sandstorm|[upkeep]
|-heal|p1a: Claydol|8/100|[from] item: Leftovers
|upkeep
|turn|20
|inactive|alphasapphire918 has 180 seconds left.
|
|t:|1727864505
|move|p2a: Rapid 99|Ice Beam|p1a: Claydol
|-supereffective|p1a: Claydol
|-damage|p1a: Claydol|0 fnt
|faint|p1a: Claydol
|
|t:|1727864513
|switch|p1a: Aerodactyl|Aerodactyl, F|100/100
|
|-weather|Sandstorm|[upkeep]
|upkeep
|turn|21
|inactive|alphasapphire918 has 180 seconds left.
|
|t:|1727864526
|switch|p2a: Noise Tank|Forretress, F, shiny|100/100
|-damage|p2a: Noise Tank|88/100|[from] Spikes
|move|p1a: Aerodactyl|Earthquake|p2a: Noise Tank
|-damage|p2a: Noise Tank|58/100
|
|-weather|Sandstorm|[upkeep]
|-heal|p2a: Noise Tank|64/100|[from] item: Leftovers
|upkeep
|turn|22
|inactive|alphasapphire918 has 180 seconds left.
|
|t:|1727864551
|switch|p1a: Forretress|Forretress, M|84/100
|-damage|p1a: Forretress|71/100|[from] Spikes
|move|p2a: Noise Tank|Rapid Spin|p1a: Forretress
|-resisted|p1a: Forretress
|-damage|p1a: Forretress|70/100
|-sideend|p2: alphasapphire918|Spikes|[from] move: Rapid Spin|[of] p2a: Noise Tank
|
|-weather|Sandstorm|[upkeep]
|-heal|p2a: Noise Tank|71/100|[from] item: Leftovers
|-heal|p1a: Forretress|76/100|[from] item: Leftovers
|upkeep
|turn|23
|inactive|alphasapphire918 has 180 seconds left.
|
|t:|1727864577
|switch|p2a: Doom Rider|Suicune, shiny|100/100 slp
|move|p1a: Forretress|Rapid Spin|p2a: Doom Rider
|-damage|p2a: Doom Rider|97/100 slp
|-sideend|p1: Christos|Spikes|[from] move: Rapid Spin|[of] p1a: Forretress
|
|-weather|Sandstorm|[upkeep]
|-damage|p2a: Doom Rider|91/100 slp|[from] Sandstorm
|-heal|p2a: Doom Rider|97/100 slp|[from] item: Leftovers
|-heal|p1a: Forretress|82/100|[from] item: Leftovers
|upkeep
|turn|24
|
|t:|1727864593
|cant|p2a: Doom Rider|slp
|move|p2a: Doom Rider|Sleep Talk|p2a: Doom Rider
|move|p2a: Doom Rider|Rest|p2a: Doom Rider|[from]Sleep Talk
|move|p1a: Forretress|Spikes|p2a: Doom Rider
|-sidestart|p2: alphasapphire918|Spikes
|
|-weather|Sandstorm|[upkeep]
|-damage|p2a: Doom Rider|91/100 slp|[from] Sandstorm
|-heal|p2a: Doom Rider|97/100 slp|[from] item: Leftovers
|-heal|p1a: Forretress|89/100|[from] item: Leftovers
|upkeep
|turn|25
|
|t:|1727864604
|cant|p2a: Doom Rider|slp
|move|p2a: Doom Rider|Sleep Talk|p2a: Doom Rider
|move|p2a: Doom Rider|Calm Mind|p2a: Doom Rider|[from]Sleep Talk
|-boost|p2a: Doom Rider|spa|1
|-boost|p2a: Doom Rider|spd|1
|move|p1a: Forretress|Spikes|p2a: Doom Rider
|-sidestart|p2: alphasapphire918|Spikes
|
|-weather|Sandstorm|[upkeep]
|-damage|p2a: Doom Rider|91/100 slp|[from] Sandstorm
|-heal|p2a: Doom Rider|97/100 slp|[from] item: Leftovers
|-heal|p1a: Forretress|95/100|[from] item: Leftovers
|upkeep
|turn|26
|
|t:|1727864631
|switch|p1a: Zapdos|Zapdos|100/100
|-curestatus|p2a: Doom Rider|slp|[msg]
|move|p2a: Doom Rider|Surf|p1a: Zapdos
|-damage|p1a: Zapdos|54/100
|
|-weather|Sandstorm|[upkeep]
|-damage|p1a: Zapdos|48/100|[from] Sandstorm
|-damage|p2a: Doom Rider|91/100|[from] Sandstorm
|-heal|p1a: Zapdos|54/100|[from] item: Leftovers
|-heal|p2a: Doom Rider|97/100|[from] item: Leftovers
|upkeep
|turn|27
|inactive|Christos has 270 seconds left.
|
|t:|1727864647
|move|p1a: Zapdos|Thunderbolt|p2a: Doom Rider
|-supereffective|p2a: Doom Rider
|-damage|p2a: Doom Rider|56/100
|move|p2a: Doom Rider|Surf|p1a: Zapdos
|-damage|p1a: Zapdos|4/100
|
|-weather|Sandstorm|[upkeep]
|-damage|p1a: Zapdos|0 fnt|[from] Sandstorm
|-damage|p2a: Doom Rider|50/100|[from] Sandstorm
|faint|p1a: Zapdos
|-heal|p2a: Doom Rider|56/100|[from] item: Leftovers
|upkeep
|inactive|Christos has 270 seconds left.
|inactive|Christos has 240 seconds left.
|
|t:|1727864685
|switch|p1a: Forretress|Forretress, M|95/100
|turn|28
|inactive|Christos has 240 seconds left.
|
|t:|1727864701
|switch|p2a: Noise Tank|Forretress, F, shiny|71/100
|-damage|p2a: Noise Tank|54/100|[from] Spikes
|move|p1a: Forretress|Explosion|p2a: Noise Tank
|-resisted|p2a: Noise Tank
|-damage|p2a: Noise Tank|14/100
|faint|p1a: Forretress
|inactive|Christos has 210 seconds left.
|inactive|Christos has 180 seconds left.
|
|t:|1727864784
|switch|p1a: Aerodactyl|Aerodactyl, F|100/100
|
|-weather|Sandstorm|[upkeep]
|-heal|p2a: Noise Tank|21/100|[from] item: Leftovers
|upkeep
|turn|29
|inactive|alphasapphire918 has 180 seconds left.
|
|t:|1727864809
|move|p1a: Aerodactyl|Rock Slide|p2a: Noise Tank
|-damage|p2a: Noise Tank|0 fnt
|faint|p2a: Noise Tank
|
|t:|1727864822
|switch|p2a: Love Shocker|Metagross, shiny|72/100
|-damage|p2a: Love Shocker|55/100|[from] Spikes
|
|-weather|Sandstorm|[upkeep]
|upkeep
|turn|30
|inactive|Christos has 180 seconds left.
|inactive|alphasapphire918 has 150 seconds left.
|
|t:|1727864837
|switch|p1a: Jirachi|Jirachi|100/100
|move|p2a: Love Shocker|Explosion|p1a: Jirachi
|-resisted|p1a: Jirachi
|-damage|p1a: Jirachi|5/100
|faint|p2a: Love Shocker
|inactive|alphasapphire918 has 150 seconds left.
|
|t:|1727864843
|switch|p2a: Poison Jam|Gengar, M, shiny|100/100
|
|-weather|Sandstorm|[upkeep]
|-damage|p2a: Poison Jam|94/100|[from] Sandstorm
|-heal|p2a: Poison Jam|100/100|[from] item: Leftovers
|-heal|p1a: Jirachi|11/100|[from] item: Leftovers
|upkeep
|turn|31
|inactive|alphasapphire918 has 150 seconds left.
|inactive|Christos has 180 seconds left.
|
|t:|1727864865
|move|p2a: Poison Jam|Fire Punch|p1a: Jirachi
|-supereffective|p1a: Jirachi
|-damage|p1a: Jirachi|0 fnt
|faint|p1a: Jirachi
|
|t:|1727864867
|switch|p1a: Tyranitar|Tyranitar, F|56/100
|
|-weather|Sandstorm|[upkeep]
|-damage|p2a: Poison Jam|94/100|[from] Sandstorm
|-heal|p2a: Poison Jam|100/100|[from] item: Leftovers
|upkeep
|turn|32
|
|t:|1727864877
|move|p2a: Poison Jam|Hidden Power|p1a: Tyranitar
|-supereffective|p1a: Tyranitar
|-damage|p1a: Tyranitar|10/100
|move|p1a: Tyranitar|Crunch|p2a: Poison Jam
|-supereffective|p2a: Poison Jam
|-damage|p2a: Poison Jam|0 fnt
|faint|p2a: Poison Jam
|
|t:|1727864887
|switch|p2a: Doom Rider|Suicune, shiny|56/100
|-damage|p2a: Doom Rider|40/100|[from] Spikes
|
|-weather|Sandstorm|[upkeep]
|-damage|p2a: Doom Rider|34/100|[from] Sandstorm
|-heal|p2a: Doom Rider|40/100|[from] item: Leftovers
|upkeep
|turn|33
|
|t:|1727864899
|move|p2a: Doom Rider|Rest|p2a: Doom Rider
|-status|p2a: Doom Rider|slp|[from] move: Rest
|-heal|p2a: Doom Rider|100/100 slp|[silent]
|move|p1a: Tyranitar|Crunch|p2a: Doom Rider
|-damage|p2a: Doom Rider|73/100 slp
|
|-weather|Sandstorm|[upkeep]
|-damage|p2a: Doom Rider|67/100 slp|[from] Sandstorm
|-heal|p2a: Doom Rider|73/100 slp|[from] item: Leftovers
|upkeep
|turn|34
|
|t:|1727864913
|cant|p2a: Doom Rider|slp
|move|p2a: Doom Rider|Sleep Talk|p2a: Doom Rider
|move|p2a: Doom Rider|Rest|p2a: Doom Rider|[from]Sleep Talk
|move|p1a: Tyranitar|Crunch|p2a: Doom Rider
|-damage|p2a: Doom Rider|46/100 slp
|-unboost|p2a: Doom Rider|spd|1
|
|-weather|Sandstorm|[upkeep]
|-damage|p2a: Doom Rider|40/100 slp|[from] Sandstorm
|-heal|p2a: Doom Rider|46/100 slp|[from] item: Leftovers
|upkeep
|turn|35
|inactive|alphasapphire918 has 150 seconds left.
|
|t:|1727864929
|cant|p2a: Doom Rider|slp
|move|p2a: Doom Rider|Sleep Talk|p2a: Doom Rider
|move|p2a: Doom Rider|Rest|p2a: Doom Rider|[from]Sleep Talk
|move|p1a: Tyranitar|Crunch|p2a: Doom Rider
|-damage|p2a: Doom Rider|7/100 slp
|
|-weather|Sandstorm|[upkeep]
|-damage|p2a: Doom Rider|0 fnt|[from] Sandstorm
|faint|p2a: Doom Rider
|upkeep
|inactive|alphasapphire918 has 150 seconds left.
|
|t:|1727864937
|switch|p2a: Rapid 99|Tyranitar, M, shiny|36/100
|-damage|p2a: Rapid 99|20/100|[from] Spikes
|turn|36
|inactive|alphasapphire918 has 150 seconds left.
|
|t:|1727864948
|move|p2a: Rapid 99|Earthquake|p1a: Tyranitar
|-supereffective|p1a: Tyranitar
|-damage|p1a: Tyranitar|0 fnt
|faint|p1a: Tyranitar
|
|t:|1727864952
|switch|p1a: Aerodactyl|Aerodactyl, F|100/100
|
|-weather|Sandstorm|[upkeep]
|upkeep
|turn|37
|c|☆alphasapphire918|gg i lose
|c|☆Christos|ggs
|
|t:|1727864963
|move|p1a: Aerodactyl|Earthquake|p2a: Rapid 99
|-supereffective|p2a: Rapid 99
|-damage|p2a: Rapid 99|0 fnt
|faint|p2a: Rapid 99
|
|win|Christos
|c|☆alphasapphire918|ggwp
|c|☆Christos|/log Christos made the replay of this battle unlisted.
|c|☆alphasapphire918|it was close at the end there!
|c|☆Christos|yeah, I was fortunate with the special drop
|c|☆alphasapphire918|ikr i was even like "its gonna happen itll make me lose"
|c|☆Christos|and with the sleep talk rolls too tbh
|c|☆alphasapphire918|i mean you invite it when you use sleep talk lol
|c|☆Christos|to some extent, yes
|c|☆Christos|but you were favored in this matchup
|c|☆Christos|because if you roll surf or cm, I am in trouble
|c|☆alphasapphire918|yeye
|c|☆Christos|so I got away with one here
|c|☆Christos|I should have played better around the cune
|c|☆alphasapphire918|eh it happens! great games though!
|c|☆alphasapphire918|*handshake
|c|☆Christos|thanks, ggs!
|c|☆alphasapphire918|good luck!
|player|p1|

</script>
<script type="application/json" class="data" id="replaydata-smogtours-gen3ou-793916">
{"id":"smogtours-gen3ou-793916","format":"[Gen 3] OU","players":["Christos","alphasapphire918"],"uploadtime":1727864963,"views":120,"formatid":"gen3ou","rating":null,"private":1,"password":null}
</script>

<script defer src="js/replays.js?9d40a366"></script>
