<!DOCTYPE html>
<meta charset="utf-8" />
<meta name="viewport" content="width=device-width" />

<title>[Gen 3] OU: RevivalTyp vs. Count Sliggoo II - Replays - Pok&eacute;mon Showdown!</title>

<meta name="description" content="Watch a replay of a Pok&eacute;mon battle between RevivalTyp and Count Sliggoo II! Format: [Gen 3] OU; Date: Oct 2, 2024" />
<!--

Hey, you! Looking in the source for the replay log?

You can find them in JSON format, just add `.json` at the end of a replay URL.

https://replay.pokemonshowdown.com/gen7randomdoublesbattle-865046831.json

Or, if you only need the log itself, add `.log` instead:

https://replay.pokemonshowdown.com/gen7randomdoublesbattle-865046831.log

-->

<link rel="stylesheet" href="//pokemonshowdown.com/style/global.css?0.767286132409787" />
<link rel="stylesheet" href="//play.pokemonshowdown.com/style/font-awesome.css?0.9266228007934947" />
<link rel="stylesheet" href="//play.pokemonshowdown.com/style/battle.css?0.7924700842790926" />
<link rel="stylesheet" href="//play.pokemonshowdown.com/style/utilichart.css?0.8777417872839479" />

<!-- Global site tag (gtag.js) - Google Analytics -->
<script async src="https://www.googletagmanager.com/gtag/js?id=UA-26211653-1"></script>
<script>
  window.dataLayer = window.dataLayer || [];
  function gtag(){dataLayer.push(arguments);}
  gtag('js', new Date());

  gtag('config', 'UA-26211653-1');
</script>
<!-- End Google Analytics -->
<!-- Venatus Ad Manager - Install in <HEAD> of page -->
	<script src="https://hb.vntsm.com/v3/live/ad-manager.min.js" type="text/javascript" data-site-id="642aba63ec9a7b11c3c9c1be" data-mode="scan" async></script>
<!-- / Venatus Ad Manager -->

<style>
	@media (max-width:820px) {
		.battle {
			margin: 0 auto;
		}
		.battle-log {
			margin: 7px auto 0;
			max-width: 640px;
			height: 300px;
			position: static;
		}
	}
	.optgroup {
		display: inline-block;
		line-height: 22px;
		font-size: 10pt;
	}
	.optgroup .button {
		height: 25px;
		padding-top: 0;
		padding-bottom: 0;
	}
	.optgroup button.button {
		padding-left: 12px;
		padding-right: 12px;
	}
	.linklist {
		list-style: none;
		margin: 0.5em 0;
		padding: 0;
	}
	.linklist li {
		padding: 2px 0;
	}
	.sidebar {
		float: left;
		width: 320px;
	}
	.bar-wrapper {
		max-width: 1100px;
		margin: 0 auto;
	}
	.bar-wrapper.has-sidebar {
		max-width: 1430px;
	}
	.mainbar {
		margin: 0;
		padding-right: 1px;
	}
	.mainbar.has-sidebar {
		margin-left: 330px;
	}
	@media (min-width: 1511px) {
		.sidebar {
			width: 400px;
		}
		.bar-wrapper.has-sidebar {
			max-width: 1510px;
		}
		.mainbar.has-sidebar {
			margin-left: 410px;
		}
	}
	.section.first-section {
		margin-top: 9px;
	}
	.blocklink small {
		white-space: normal;
	}
	.button {
		vertical-align: middle;
	}
	.replay-controls {
		padding-top: 10px;
	}
	.replay-controls h1 {
		font-size: 16pt;
		font-weight: normal;
		color: #CCC;
	}
	.pagelink {
		text-align: center;
	}
	.pagelink a {
		width: 150px;
	}
	.textbox, .button {
		font-size: 11pt;
		vertical-align: middle;
	}
	@media (max-width: 450px) {
		.button {
			font-size: 9pt;
		}
	}
</style>

<div>

	<header>
		<div class="nav-wrapper"><ul class="nav">
			<li><a class="button nav-first" href="//pokemonshowdown.com/"><img src="//pokemonshowdown.com/images/pokemonshowdownbeta.png" srcset="//pokemonshowdown.com/images/pokemonshowdownbeta.png 1x, //pokemonshowdown.com/images/pokemonshowdownbeta@2x.png 2x" alt="Pok&eacute;mon Showdown" width="146" height="44" /> Home</a></li>
			<li><a class="button" href="//pokemonshowdown.com/dex/">Pok&eacute;dex</a></li>
			<li><a class="button cur" href="/">Replays</a></li>
			<li><a class="button" href="//pokemonshowdown.com/ladder/">Ladder</a></li>
			<li><a class="button nav-last" href="//pokemonshowdown.com/forums/">Forum</a></li>
			<li><a class="button greenbutton nav-first nav-last" href="//play.pokemonshowdown.com/">Play</a></li>
		</ul></div>
	</header>

	<div class="main" id="main">

		<noscript><section class="section">You need to enable JavaScript to use this page; sorry!</section></noscript>

	</div>

</div>

<script defer nomodule src="//play.pokemonshowdown.com/js/lib/ps-polyfill.js"></script>
<script defer src="//play.pokemonshowdown.com/js/lib/preact.min.js"></script>

<script defer src="//play.pokemonshowdown.com/config/config.js?6dec07f6"></script>
<script defer src="//play.pokemonshowdown.com/js/lib/jquery-1.11.0.min.js"></script>
<script defer src="//play.pokemonshowdown.com/js/lib/html-sanitizer-minified.js"></script>
<script defer src="//play.pokemonshowdown.com/js/battle-sound.js"></script>
<script defer src="//play.pokemonshowdown.com/js/battledata.js?0.6315294753075389"></script>
<script defer src="//play.pokemonshowdown.com/data/pokedex-mini.js?0.7603743185311358"></script>
<script defer src="//play.pokemonshowdown.com/data/pokedex-mini-bw.js?0.030888842834281283"></script>
<script defer src="//play.pokemonshowdown.com/data/graphics.js?0.05593094747507488"></script>
<script defer src="//play.pokemonshowdown.com/data/pokedex.js?0.47064822249611904"></script>
<script defer src="//play.pokemonshowdown.com/data/moves.js?0.8583693120512459"></script>
<script defer src="//play.pokemonshowdown.com/data/abilities.js?0.16017181182386842"></script>
<script defer src="//play.pokemonshowdown.com/data/items.js?0.4163379185673943"></script>
<script defer src="//play.pokemonshowdown.com/data/teambuilder-tables.js?0.31075597372830477"></script>
<script defer src="//play.pokemonshowdown.com/js/battle-tooltips.js?0.6536193500708172"></script>
<script defer src="//play.pokemonshowdown.com/js/battle.js?0.1916591943277901"></script>

<script defer src="js/utils.js?e31f9a17"></script>
<script defer src="js/replays-battle.js?7008c182"></script>

<!-- don't scrape this data! just add .json or .log after the URL!
Full API docs: https://github.com/smogon/pokemon-showdown-client/blob/master/WEB-API.md -->
<script type="text/plain" class="log" id="replaylog-smogtours-gen3ou-793929">
|inactive|Battle timer is ON: inactive players will automatically lose when time's up.
|t:|1727875876
|gametype|singles
|player|p1|RevivalTyp|169|
|player|p2|Count Sliggoo II|ruinmaniac-gen3rs|
|teamsize|p1|6
|teamsize|p2|6
|gen|3
|tier|[Gen 3] OU
|rule|Sleep Clause Mod: Limit one foe put to sleep
|rule|Switch Priority Clause Mod: Faster Pokémon switch first
|rule|Species Clause: Limit one of each Pokémon
|rule|OHKO Clause: OHKO moves are banned
|rule|Evasion Items Clause: Evasion items are banned
|rule|Evasion Moves Clause: Evasion moves are banned
|rule|Endless Battle Clause: Forcing endless battles is banned
|rule|HP Percentage Mod: HP is shown in percentages
|rule|One Boost Passer Clause: Limit one Baton Passer that has a way to boost its stats
|rule|Freeze Clause Mod: Limit one foe frozen
|
|t:|1727875876
|start
|switch|p1a: Zapdos|Zapdos|100/100
|switch|p2a: Boltbeak|Zapdos|100/100
|turn|1
|c|☆Count Sliggoo II|Good luck, have fun.
|c|☆RevivalTyp|Have fun!
|
|t:|1727875894
|switch|p2a: Unfazed|Snorlax, M, shiny|100/100
|move|p1a: Zapdos|Thunder Wave|p2a: Unfazed
|-status|p2a: Unfazed|par
|
|upkeep
|turn|2
|
|t:|1727875911
|switch|p1a: Skarmory|Skarmory, F|100/100
|move|p2a: Unfazed|Body Slam|p1a: Skarmory
|-resisted|p1a: Skarmory
|-damage|p1a: Skarmory|85/100
|
|-heal|p1a: Skarmory|91/100|[from] item: Leftovers
|upkeep
|turn|3
|
|t:|1727875921
|switch|p2a: Deadbolt|Magneton|100/100
|move|p1a: Skarmory|Spikes|p2a: Deadbolt
|-sidestart|p2: Count Sliggoo II|Spikes
|
|-heal|p1a: Skarmory|97/100|[from] item: Leftovers
|upkeep
|turn|4
|
|t:|1727875929
|move|p1a: Skarmory|Protect|p1a: Skarmory
|-singleturn|p1a: Skarmory|Protect
|move|p2a: Deadbolt|Thunderbolt|p1a: Skarmory
|-activate|p1a: Skarmory|Protect
|
|-heal|p1a: Skarmory|100/100|[from] item: Leftovers
|upkeep
|turn|5
|
|t:|1727875937
|move|p2a: Deadbolt|Thunderbolt|p1a: Skarmory
|-supereffective|p1a: Skarmory
|-damage|p1a: Skarmory|2/100
|move|p1a: Skarmory|Roar|p2a: Deadbolt
|drag|p2a: Gigaton|Metagross, shiny|100/100
|-damage|p2a: Gigaton|88/100|[from] Spikes
|
|-heal|p2a: Gigaton|94/100|[from] item: Leftovers
|-heal|p1a: Skarmory|8/100|[from] item: Leftovers
|upkeep
|turn|6
|
|t:|1727875956
|switch|p1a: Swampert|Swampert, F|100/100
|move|p2a: Gigaton|Meteor Mash|p1a: Swampert
|-resisted|p1a: Swampert
|-damage|p1a: Swampert|79/100
|
|-heal|p2a: Gigaton|100/100|[from] item: Leftovers
|-heal|p1a: Swampert|86/100|[from] item: Leftovers
|upkeep
|turn|7
|
|t:|1727875969
|switch|p2a: Aurora|Suicune|100/100
|-damage|p2a: Aurora|88/100|[from] Spikes
|move|p1a: Swampert|Surf|p2a: Aurora
|-resisted|p2a: Aurora
|-damage|p2a: Aurora|78/100
|
|-heal|p2a: Aurora|84/100|[from] item: Leftovers
|-heal|p1a: Swampert|92/100|[from] item: Leftovers
|upkeep
|turn|8
|
|t:|1727875983
|switch|p1a: Zapdos|Zapdos|100/100
|move|p2a: Aurora|Surf|p1a: Zapdos
|-damage|p1a: Zapdos|64/100
|
|-heal|p1a: Zapdos|70/100|[from] item: Leftovers
|-heal|p2a: Aurora|90/100|[from] item: Leftovers
|upkeep
|turn|9
|
|t:|1727875992
|switch|p2a: Unfazed|Snorlax, M, shiny|100/100 par
|-damage|p2a: Unfazed|88/100 par|[from] Spikes
|move|p1a: Zapdos|Thunderbolt|p2a: Unfazed
|-damage|p2a: Unfazed|63/100 par
|
|-heal|p1a: Zapdos|77/100|[from] item: Leftovers
|-heal|p2a: Unfazed|69/100 par|[from] item: Leftovers
|upkeep
|turn|10
|
|t:|1727876004
|move|p1a: Zapdos|Baton Pass|p1a: Zapdos
|
|t:|1727876007
|switch|p1a: Metagross|Metagross|100/100|[from] Baton Pass
|move|p2a: Unfazed|Body Slam|p1a: Metagross
|-resisted|p1a: Metagross
|-damage|p1a: Metagross|86/100
|
|-heal|p2a: Unfazed|75/100 par|[from] item: Leftovers
|upkeep
|turn|11
|inactive|Count Sliggoo II has 270 seconds left.
|
|t:|1727876053
|move|p1a: Metagross|Earthquake|p2a: Unfazed
|-damage|p2a: Unfazed|25/100 par
|move|p2a: Unfazed|Earthquake|p1a: Metagross
|-supereffective|p1a: Metagross
|-damage|p1a: Metagross|42/100
|
|-heal|p2a: Unfazed|31/100 par|[from] item: Leftovers
|upkeep
|turn|12
|
|t:|1727876074
|switch|p2a: Boltbeak|Zapdos|100/100
|move|p1a: Metagross|Earthquake|p2a: Boltbeak
|-immune|p2a: Boltbeak
|
|upkeep
|turn|13
|
|t:|1727876083
|switch|p1a: Blissey|Blissey, F|100/100
|move|p2a: Boltbeak|Thunderbolt|p1a: Blissey
|-damage|p1a: Blissey|81/100
|
|-heal|p1a: Blissey|87/100|[from] item: Leftovers
|upkeep
|turn|14
|
|t:|1727876106
|switch|p2a: Unfazed|Snorlax, M, shiny|31/100 par
|-damage|p2a: Unfazed|19/100 par|[from] Spikes
|move|p1a: Blissey|Ice Beam|p2a: Unfazed
|-damage|p2a: Unfazed|4/100 par
|
|-heal|p1a: Blissey|93/100|[from] item: Leftovers
|-heal|p2a: Unfazed|10/100 par|[from] item: Leftovers
|upkeep
|turn|15
|
|t:|1727876118
|move|p1a: Blissey|Ice Beam|p2a: Unfazed
|-damage|p2a: Unfazed|0 fnt
|faint|p2a: Unfazed
|
|t:|1727876133
|switch|p2a: Gigaton|Metagross, shiny|100/100
|-damage|p2a: Gigaton|88/100|[from] Spikes
|
|-heal|p2a: Gigaton|94/100|[from] item: Leftovers
|-heal|p1a: Blissey|99/100|[from] item: Leftovers
|upkeep
|turn|16
|
|t:|1727876141
|move|p1a: Blissey|Protect|p1a: Blissey
|-singleturn|p1a: Blissey|Protect
|move|p2a: Gigaton|Meteor Mash|p1a: Blissey|[miss]
|-miss|p2a: Gigaton|p1a: Blissey
|
|-heal|p2a: Gigaton|100/100|[from] item: Leftovers
|-heal|p1a: Blissey|100/100|[from] item: Leftovers
|upkeep
|turn|17
|
|t:|1727876150
|switch|p1a: Swampert|Swampert, F|92/100
|move|p2a: Gigaton|Meteor Mash|p1a: Swampert
|-resisted|p1a: Swampert
|-damage|p1a: Swampert|73/100
|
|-heal|p1a: Swampert|79/100|[from] item: Leftovers
|upkeep
|turn|18
|
|t:|1727876160
|switch|p2a: Aurora|Suicune|90/100
|-damage|p2a: Aurora|78/100|[from] Spikes
|move|p1a: Swampert|Surf|p2a: Aurora
|-resisted|p2a: Aurora
|-damage|p2a: Aurora|67/100
|
|-heal|p2a: Aurora|73/100|[from] item: Leftovers
|-heal|p1a: Swampert|85/100|[from] item: Leftovers
|upkeep
|turn|19
|
|t:|1727876186
|switch|p1a: Blissey|Blissey, F|100/100
|move|p2a: Aurora|Surf|p1a: Blissey
|-damage|p1a: Blissey|89/100
|
|-heal|p2a: Aurora|79/100|[from] item: Leftovers
|-heal|p1a: Blissey|95/100|[from] item: Leftovers
|upkeep
|turn|20
|inactive|Count Sliggoo II has 270 seconds left.
|inactive|Count Sliggoo II has 240 seconds left.
|
|t:|1727876237
|switch|p2a: Deadbolt|Magneton|100/100
|-damage|p2a: Deadbolt|88/100|[from] Spikes
|move|p1a: Blissey|Toxic|p2a: Deadbolt
|-immune|p2a: Deadbolt
|
|-heal|p1a: Blissey|100/100|[from] item: Leftovers
|upkeep
|turn|21
|inactive|Count Sliggoo II has 240 seconds left.
|
|t:|1727876255
|move|p2a: Deadbolt|Toxic|p1a: Blissey|[miss]
|-miss|p2a: Deadbolt|p1a: Blissey
|move|p1a: Blissey|Ice Beam|p2a: Deadbolt
|-resisted|p2a: Deadbolt
|-damage|p2a: Deadbolt|64/100
|
|upkeep
|turn|22
|
|t:|1727876265
|move|p2a: Deadbolt|Toxic|p1a: Blissey
|-status|p1a: Blissey|tox
|move|p1a: Blissey|Ice Beam|p2a: Deadbolt
|-resisted|p2a: Deadbolt
|-damage|p2a: Deadbolt|41/100
|
|-damage|p1a: Blissey|94/100 tox|[from] psn
|upkeep
|turn|23
|
|t:|1727876279
|switch|p2a: Aurora|Suicune|79/100
|-damage|p2a: Aurora|67/100|[from] Spikes
|move|p1a: Blissey|Ice Beam|p2a: Aurora
|-resisted|p2a: Aurora
|-damage|p2a: Aurora|58/100
|
|-heal|p2a: Aurora|64/100|[from] item: Leftovers
|-heal|p1a: Blissey|100/100 tox|[from] item: Leftovers
|-damage|p1a: Blissey|88/100 tox|[from] psn
|upkeep
|turn|24
|
|t:|1727876290
|move|p2a: Aurora|Calm Mind|p2a: Aurora
|-boost|p2a: Aurora|spa|1
|-boost|p2a: Aurora|spd|1
|move|p1a: Blissey|Toxic|p2a: Aurora
|-status|p2a: Aurora|tox
|
|-heal|p2a: Aurora|70/100 tox|[from] item: Leftovers
|-damage|p2a: Aurora|64/100 tox|[from] psn
|-heal|p1a: Blissey|94/100 tox|[from] item: Leftovers
|-damage|p1a: Blissey|76/100 tox|[from] psn
|upkeep
|turn|25
|
|t:|1727876308
|-curestatus|p1a: Blissey|tox|[from] ability: Natural Cure
|switch|p1a: Zapdos|Zapdos|77/100
|move|p2a: Aurora|Calm Mind|p2a: Aurora
|-boost|p2a: Aurora|spa|1
|-boost|p2a: Aurora|spd|1
|
|-heal|p1a: Zapdos|83/100|[from] item: Leftovers
|-heal|p2a: Aurora|70/100 tox|[from] item: Leftovers
|-damage|p2a: Aurora|58/100 tox|[from] psn
|upkeep
|turn|26
|
|t:|1727876324
|move|p1a: Zapdos|Thunderbolt|p2a: Aurora
|-supereffective|p2a: Aurora
|-damage|p2a: Aurora|20/100 tox
|move|p2a: Aurora|Rest|p2a: Aurora
|-status|p2a: Aurora|slp|[from] move: Rest
|-heal|p2a: Aurora|100/100 slp|[silent]
|
|-heal|p1a: Zapdos|89/100|[from] item: Leftovers
|upkeep
|turn|27
|inactive|Count Sliggoo II has 240 seconds left.
|
|t:|1727876355
|switch|p1a: Skarmory|Skarmory, F|8/100
|cant|p2a: Aurora|slp
|
|-heal|p1a: Skarmory|14/100|[from] item: Leftovers
|upkeep
|turn|28
|
|t:|1727876362
|cant|p2a: Aurora|slp
|move|p1a: Skarmory|Roar|p2a: Aurora
|drag|p2a: Gigaton|Metagross, shiny|100/100
|-damage|p2a: Gigaton|88/100|[from] Spikes
|
|-heal|p2a: Gigaton|94/100|[from] item: Leftovers
|-heal|p1a: Skarmory|20/100|[from] item: Leftovers
|upkeep
|turn|29
|inactive|Count Sliggoo II has 240 seconds left.
|
|t:|1727876386
|switch|p1a: Swampert|Swampert, F|85/100
|move|p2a: Gigaton|Meteor Mash|p1a: Swampert
|-resisted|p1a: Swampert
|-damage|p1a: Swampert|65/100
|
|-heal|p2a: Gigaton|100/100|[from] item: Leftovers
|-heal|p1a: Swampert|71/100|[from] item: Leftovers
|upkeep
|turn|30
|inactive|Count Sliggoo II has 240 seconds left.
|inactive|Count Sliggoo II has 210 seconds left.
|
|t:|1727876434
|switch|p2a: Draco|Salamence, F|100/100
|-ability|p2a: Draco|Intimidate|boost
|-unboost|p1a: Swampert|atk|1
|move|p1a: Swampert|Surf|p2a: Draco
|-resisted|p2a: Draco
|-damage|p2a: Draco|81/100
|
|-heal|p2a: Draco|88/100|[from] item: Leftovers
|-heal|p1a: Swampert|78/100|[from] item: Leftovers
|upkeep
|turn|31
|inactive|Count Sliggoo II has 210 seconds left.
|inactive|RevivalTyp has 270 seconds left.
|
|t:|1727876464
|move|p1a: Swampert|Protect|p1a: Swampert
|-singleturn|p1a: Swampert|Protect
|move|p2a: Draco|Hidden Power|p1a: Swampert
|-activate|p1a: Swampert|Protect
|
|-heal|p2a: Draco|94/100|[from] item: Leftovers
|-heal|p1a: Swampert|84/100|[from] item: Leftovers
|upkeep
|turn|32
|inactive|Count Sliggoo II has 210 seconds left.
|inactive|RevivalTyp has 240 seconds left.
|
|t:|1727876494
|switch|p1a: Blissey|Blissey, F|76/100
|move|p2a: Draco|Dragon Claw|p1a: Blissey
|-damage|p1a: Blissey|59/100
|
|-heal|p2a: Draco|99/100|[from] item: Leftovers
|-heal|p1a: Blissey|65/100|[from] item: Leftovers
|upkeep
|turn|33
|inactive|RevivalTyp has 240 seconds left.
|inactive|Count Sliggoo II has 180 seconds left.
|
|t:|1727876523
|switch|p2a: Deadbolt|Magneton|41/100
|-damage|p2a: Deadbolt|28/100|[from] Spikes
|move|p1a: Blissey|Soft-Boiled|p1a: Blissey
|-heal|p1a: Blissey|100/100
|
|upkeep
|turn|34
|
|t:|1727876532
|move|p2a: Deadbolt|Toxic|p1a: Blissey
|-status|p1a: Blissey|tox
|move|p1a: Blissey|Ice Beam|p2a: Deadbolt
|-resisted|p2a: Deadbolt
|-crit|p2a: Deadbolt
|-damage|p2a: Deadbolt|0 fnt
|faint|p2a: Deadbolt
|inactive|Count Sliggoo II has 180 seconds left.
|
|t:|1727876544
|switch|p2a: Aurora|Suicune|100/100 slp
|-damage|p2a: Aurora|88/100 slp|[from] Spikes
|
|-heal|p2a: Aurora|94/100 slp|[from] item: Leftovers
|-damage|p1a: Blissey|94/100 tox|[from] psn
|upkeep
|turn|35
|inactive|RevivalTyp has 240 seconds left.
|
|t:|1727876562
|-curestatus|p1a: Blissey|tox|[from] ability: Natural Cure
|switch|p1a: Zapdos|Zapdos|89/100
|-curestatus|p2a: Aurora|slp|[msg]
|move|p2a: Aurora|Calm Mind|p2a: Aurora
|-boost|p2a: Aurora|spa|1
|-boost|p2a: Aurora|spd|1
|
|-heal|p1a: Zapdos|95/100|[from] item: Leftovers
|-heal|p2a: Aurora|100/100|[from] item: Leftovers
|upkeep
|turn|36
|inactive|Count Sliggoo II has 180 seconds left.
|
|t:|1727876584
|move|p1a: Zapdos|Thunderbolt|p2a: Aurora
|-supereffective|p2a: Aurora
|-damage|p2a: Aurora|49/100
|move|p2a: Aurora|Surf|p1a: Zapdos
|-damage|p1a: Zapdos|46/100
|
|-heal|p1a: Zapdos|52/100|[from] item: Leftovers
|-heal|p2a: Aurora|55/100|[from] item: Leftovers
|upkeep
|turn|37
|inactive|Count Sliggoo II has 180 seconds left.
|
|t:|1727876608
|move|p1a: Zapdos|Baton Pass|p1a: Zapdos
|
|t:|1727876612
|switch|p1a: Blissey|Blissey, F|94/100|[from] Baton Pass
|move|p2a: Aurora|Surf|p1a: Blissey
|-damage|p1a: Blissey|77/100
|
|-heal|p2a: Aurora|61/100|[from] item: Leftovers
|-heal|p1a: Blissey|83/100|[from] item: Leftovers
|upkeep
|turn|38
|inactive|Count Sliggoo II has 180 seconds left.
|
|t:|1727876622
|move|p2a: Aurora|Calm Mind|p2a: Aurora
|-boost|p2a: Aurora|spa|1
|-boost|p2a: Aurora|spd|1
|move|p1a: Blissey|Toxic|p2a: Aurora
|-status|p2a: Aurora|tox
|
|-heal|p2a: Aurora|68/100 tox|[from] item: Leftovers
|-damage|p2a: Aurora|61/100 tox|[from] psn
|-heal|p1a: Blissey|90/100|[from] item: Leftovers
|upkeep
|turn|39
|
|t:|1727876635
|move|p2a: Aurora|Calm Mind|p2a: Aurora
|-boost|p2a: Aurora|spa|1
|-boost|p2a: Aurora|spd|1
|move|p1a: Blissey|Ice Beam|p2a: Aurora
|-resisted|p2a: Aurora
|-damage|p2a: Aurora|57/100 tox
|
|-heal|p2a: Aurora|64/100 tox|[from] item: Leftovers
|-damage|p2a: Aurora|51/100 tox|[from] psn
|-heal|p1a: Blissey|96/100|[from] item: Leftovers
|upkeep
|turn|40
|inactive|Count Sliggoo II has 180 seconds left.
|
|t:|1727876657
|move|p2a: Aurora|Calm Mind|p2a: Aurora
|-boost|p2a: Aurora|spa|1
|-boost|p2a: Aurora|spd|1
|move|p1a: Blissey|Ice Beam|p2a: Aurora
|-resisted|p2a: Aurora
|-damage|p2a: Aurora|48/100 tox
|
|-heal|p2a: Aurora|55/100 tox|[from] item: Leftovers
|-damage|p2a: Aurora|36/100 tox|[from] psn
|-heal|p1a: Blissey|100/100|[from] item: Leftovers
|upkeep
|turn|41
|
|t:|1727876668
|move|p2a: Aurora|Rest|p2a: Aurora
|-status|p2a: Aurora|slp|[from] move: Rest
|-heal|p2a: Aurora|100/100 slp|[silent]
|move|p1a: Blissey|Ice Beam|p2a: Aurora
|-resisted|p2a: Aurora
|-damage|p2a: Aurora|98/100 slp
|
|-heal|p2a: Aurora|100/100 slp|[from] item: Leftovers
|upkeep
|turn|42
|
|t:|1727876677
|switch|p1a: Skarmory|Skarmory, F|20/100
|cant|p2a: Aurora|slp
|
|-heal|p1a: Skarmory|26/100|[from] item: Leftovers
|upkeep
|turn|43
|inactive|RevivalTyp has 240 seconds left.
|
|t:|1727876683
|cant|p2a: Aurora|slp
|move|p1a: Skarmory|Roar|p2a: Aurora
|drag|p2a: Boltbeak|Zapdos|100/100
|
|-heal|p1a: Skarmory|32/100|[from] item: Leftovers
|upkeep
|turn|44
|
|t:|1727876690
|switch|p1a: Blissey|Blissey, F|100/100
|move|p2a: Boltbeak|Thunderbolt|p1a: Blissey
|-damage|p1a: Blissey|80/100
|-status|p1a: Blissey|par
|
|-heal|p1a: Blissey|86/100 par|[from] item: Leftovers
|upkeep
|turn|45
|
|t:|1727876700
|switch|p2a: Aurora|Suicune|100/100 slp
|-damage|p2a: Aurora|88/100 slp|[from] Spikes
|move|p1a: Blissey|Toxic||[still]
|-fail|p1a: Blissey
|
|-heal|p2a: Aurora|94/100 slp|[from] item: Leftovers
|-heal|p1a: Blissey|93/100 par|[from] item: Leftovers
|upkeep
|turn|46
|
|t:|1727876714
|-curestatus|p1a: Blissey|par|[from] ability: Natural Cure
|switch|p1a: Zapdos|Zapdos|52/100
|-curestatus|p2a: Aurora|slp|[msg]
|move|p2a: Aurora|Calm Mind|p2a: Aurora
|-boost|p2a: Aurora|spa|1
|-boost|p2a: Aurora|spd|1
|
|-heal|p1a: Zapdos|59/100|[from] item: Leftovers
|-heal|p2a: Aurora|100/100|[from] item: Leftovers
|upkeep
|turn|47
|
|t:|1727876732
|move|p1a: Zapdos|Thunderbolt|p2a: Aurora
|-supereffective|p2a: Aurora
|-damage|p2a: Aurora|48/100
|move|p2a: Aurora|Surf|p1a: Zapdos
|-damage|p1a: Zapdos|10/100
|
|-heal|p1a: Zapdos|16/100|[from] item: Leftovers
|-heal|p2a: Aurora|54/100|[from] item: Leftovers
|upkeep
|turn|48
|
|t:|1727876741
|move|p1a: Zapdos|Thunderbolt|p2a: Aurora
|-supereffective|p2a: Aurora
|-damage|p2a: Aurora|8/100
|move|p2a: Aurora|Surf|p1a: Zapdos
|-damage|p1a: Zapdos|0 fnt
|faint|p1a: Zapdos
|
|t:|1727876751
|switch|p1a: Aerodactyl|Aerodactyl, F|100/100
|
|-heal|p2a: Aurora|14/100|[from] item: Leftovers
|upkeep
|turn|49
|inactive|Count Sliggoo II has 240 seconds left.
|
|t:|1727876763
|move|p1a: Aerodactyl|Double-Edge|p2a: Aurora
|-damage|p2a: Aurora|0 fnt
|faint|p2a: Aurora
|inactive|Count Sliggoo II has 210 seconds left.
|inactive|Count Sliggoo II has 180 seconds left.
|
|t:|1727876824
|switch|p2a: Draco|Salamence, F|99/100
|-ability|p2a: Draco|Intimidate|boost
|-unboost|p1a: Aerodactyl|atk|1
|
|-heal|p2a: Draco|100/100|[from] item: Leftovers
|upkeep
|turn|50
|inactive|RevivalTyp has 270 seconds left.
|
|t:|1727876838
|switch|p1a: Blissey|Blissey, F|93/100
|move|p2a: Draco|Brick Break|p1a: Blissey
|-supereffective|p1a: Blissey
|-damage|p1a: Blissey|48/100
|
|-heal|p1a: Blissey|54/100|[from] item: Leftovers
|upkeep
|turn|51
|inactive|RevivalTyp has 270 seconds left.
|inactive|Count Sliggoo II has 180 seconds left.
|
|t:|1727876866
|switch|p2a: Gigaton|Metagross, shiny|100/100
|-damage|p2a: Gigaton|88/100|[from] Spikes
|move|p1a: Blissey|Protect||[still]
|-fail|p1a: Blissey
|
|-heal|p2a: Gigaton|94/100|[from] item: Leftovers
|-heal|p1a: Blissey|60/100|[from] item: Leftovers
|upkeep
|turn|52
|inactive|RevivalTyp has 270 seconds left.
|
|t:|1727876875
|move|p1a: Blissey|Protect|p1a: Blissey
|-singleturn|p1a: Blissey|Protect
|move|p2a: Gigaton|Agility|p2a: Gigaton
|-boost|p2a: Gigaton|spe|2
|
|-heal|p2a: Gigaton|100/100|[from] item: Leftovers
|-heal|p1a: Blissey|66/100|[from] item: Leftovers
|upkeep
|turn|53
|inactive|RevivalTyp has 270 seconds left.
|
|t:|1727876895
|switch|p1a: Swampert|Swampert, F|84/100
|move|p2a: Gigaton|Meteor Mash|p1a: Swampert
|-resisted|p1a: Swampert
|-damage|p1a: Swampert|65/100
|-boost|p2a: Gigaton|atk|1
|
|-heal|p1a: Swampert|71/100|[from] item: Leftovers
|upkeep
|turn|54
|inactive|RevivalTyp has 270 seconds left.
|inactive|Count Sliggoo II has 180 seconds left.
|
|t:|1727876929
|move|p1a: Swampert|Protect|p1a: Swampert
|-singleturn|p1a: Swampert|Protect
|move|p2a: Gigaton|Earthquake|p1a: Swampert
|-activate|p1a: Swampert|Protect
|
|-heal|p1a: Swampert|78/100|[from] item: Leftovers
|upkeep
|turn|55
|
|t:|1727876938
|move|p2a: Gigaton|Earthquake|p1a: Swampert
|-crit|p1a: Swampert
|-damage|p1a: Swampert|0 fnt
|faint|p1a: Swampert
|c|☆Count Sliggoo II|Sorry.
|
|t:|1727876945
|switch|p1a: Skarmory|Skarmory, F|32/100
|
|-heal|p1a: Skarmory|38/100|[from] item: Leftovers
|upkeep
|turn|56
|
|t:|1727876955
|move|p1a: Skarmory|Protect|p1a: Skarmory
|-singleturn|p1a: Skarmory|Protect
|move|p2a: Gigaton|Rock Slide|p1a: Skarmory
|-activate|p1a: Skarmory|Protect
|
|-heal|p1a: Skarmory|44/100|[from] item: Leftovers
|upkeep
|turn|57
|
|t:|1727876964
|move|p2a: Gigaton|Rock Slide|p1a: Skarmory
|-damage|p1a: Skarmory|12/100
|cant|p1a: Skarmory|flinch
|
|-heal|p1a: Skarmory|18/100|[from] item: Leftovers
|upkeep
|turn|58
|
|t:|1727876971
|move|p1a: Skarmory|Protect|p1a: Skarmory
|-singleturn|p1a: Skarmory|Protect
|move|p2a: Gigaton|Rock Slide|p1a: Skarmory|[miss]
|-miss|p2a: Gigaton|p1a: Skarmory
|
|-heal|p1a: Skarmory|24/100|[from] item: Leftovers
|upkeep
|turn|59
|
|t:|1727876998
|switch|p1a: Metagross|Metagross|42/100
|move|p2a: Gigaton|Rock Slide|p1a: Metagross
|-resisted|p1a: Metagross
|-damage|p1a: Metagross|26/100
|
|upkeep
|turn|60
|
|t:|1727877013
|switch|p1a: Skarmory|Skarmory, F|24/100
|move|p2a: Gigaton|Earthquake|p1a: Skarmory
|-immune|p1a: Skarmory
|
|-heal|p1a: Skarmory|30/100|[from] item: Leftovers
|upkeep
|turn|61
|
|t:|1727877021
|move|p1a: Skarmory|Protect|p1a: Skarmory
|-singleturn|p1a: Skarmory|Protect
|move|p2a: Gigaton|Rock Slide|p1a: Skarmory
|-activate|p1a: Skarmory|Protect
|
|-heal|p1a: Skarmory|36/100|[from] item: Leftovers
|upkeep
|turn|62
|
|t:|1727877035
|switch|p1a: Metagross|Metagross|26/100
|move|p2a: Gigaton|Rock Slide|p1a: Metagross
|-resisted|p1a: Metagross
|-damage|p1a: Metagross|8/100
|
|upkeep
|turn|63
|
|t:|1727877048
|move|p2a: Gigaton|Meteor Mash|p1a: Metagross
|-resisted|p1a: Metagross
|-damage|p1a: Metagross|0 fnt
|-boost|p2a: Gigaton|atk|1
|faint|p1a: Metagross
|
|t:|1727877056
|switch|p1a: Skarmory|Skarmory, F|36/100
|
|-heal|p1a: Skarmory|42/100|[from] item: Leftovers
|upkeep
|turn|64
|
|t:|1727877064
|move|p1a: Skarmory|Protect|p1a: Skarmory
|-singleturn|p1a: Skarmory|Protect
|move|p2a: Gigaton|Rock Slide|p1a: Skarmory
|-activate|p1a: Skarmory|Protect
|
|-heal|p1a: Skarmory|48/100|[from] item: Leftovers
|upkeep
|turn|65
|
|t:|1727877085
|switch|p1a: Blissey|Blissey, F|66/100
|move|p2a: Gigaton|Rock Slide|p1a: Blissey
|-damage|p1a: Blissey|4/100
|
|-heal|p1a: Blissey|10/100|[from] item: Leftovers
|upkeep
|turn|66
|inactive|Count Sliggoo II has 270 seconds left.
|inactive|RevivalTyp has 270 seconds left.
|
|t:|1727877101
|move|p1a: Blissey|Protect|p1a: Blissey
|-singleturn|p1a: Blissey|Protect
|move|p2a: Gigaton|Meteor Mash|p1a: Blissey
|-activate|p1a: Blissey|Protect
|
|-heal|p1a: Blissey|16/100|[from] item: Leftovers
|upkeep
|turn|67
|inactive|RevivalTyp has 270 seconds left.
|
|t:|1727877117
|move|p2a: Gigaton|Meteor Mash|p1a: Blissey
|-damage|p1a: Blissey|0 fnt
|faint|p1a: Blissey
|
|t:|1727877121
|switch|p1a: Skarmory|Skarmory, F|48/100
|
|-heal|p1a: Skarmory|54/100|[from] item: Leftovers
|upkeep
|turn|68
|
|t:|1727877127
|move|p1a: Skarmory|Protect|p1a: Skarmory
|-singleturn|p1a: Skarmory|Protect
|move|p2a: Gigaton|Meteor Mash|p1a: Skarmory
|-activate|p1a: Skarmory|Protect
|
|-heal|p1a: Skarmory|60/100|[from] item: Leftovers
|upkeep
|turn|69
|
|t:|1727877135
|move|p2a: Gigaton|Rock Slide|p1a: Skarmory
|-crit|p1a: Skarmory
|-damage|p1a: Skarmory|0 fnt
|faint|p1a: Skarmory
|
|t:|1727877144
|switch|p1a: Aerodactyl|Aerodactyl, F|100/100
|
|upkeep
|turn|70
|
|t:|1727877154
|move|p2a: Gigaton|Rock Slide|p1a: Aerodactyl
|-supereffective|p1a: Aerodactyl
|-damage|p1a: Aerodactyl|0 fnt
|faint|p1a: Aerodactyl
|
|win|Count Sliggoo II
|player|p1|

</script>
<script type="application/json" class="data" id="replaydata-smogtours-gen3ou-793929">
{"id":"smogtours-gen3ou-793929","format":"[Gen 3] OU","players":["RevivalTyp","Count Sliggoo II"],"uploadtime":1727877154,"views":102,"formatid":"gen3ou","rating":null,"private":0,"password":null}
</script>

<script defer src="js/replays.js?9d40a366"></script>
