<!DOCTYPE html>
<meta charset="utf-8" />
<meta name="viewport" content="width=device-width" />

<title>[Gen 3] OU: kaboom64 vs. Ghost Melone - Replays - Pok&eacute;mon Showdown!</title>

<meta name="description" content="Watch a replay of a Pok&eacute;mon battle between kaboom64 and Ghost Melone! Format: [Gen 3] OU; Date: Oct 27, 2024" />
<!--

Hey, you! Looking in the source for the replay log?

You can find them in JSON format, just add `.json` at the end of a replay URL.

https://replay.pokemonshowdown.com/gen7randomdoublesbattle-865046831.json

Or, if you only need the log itself, add `.log` instead:

https://replay.pokemonshowdown.com/gen7randomdoublesbattle-865046831.log

-->

<link rel="stylesheet" href="//pokemonshowdown.com/style/global.css?0.023195364461161105" />
<link rel="stylesheet" href="//play.pokemonshowdown.com/style/font-awesome.css?0.13261647063804238" />
<link rel="stylesheet" href="//play.pokemonshowdown.com/style/battle.css?0.8753245789963631" />
<link rel="stylesheet" href="//play.pokemonshowdown.com/style/utilichart.css?0.8627959624976733" />

<!-- Global site tag (gtag.js) - Google Analytics -->
<script async src="https://www.googletagmanager.com/gtag/js?id=UA-26211653-1"></script>
<script>
  window.dataLayer = window.dataLayer || [];
  function gtag(){dataLayer.push(arguments);}
  gtag('js', new Date());

  gtag('config', 'UA-26211653-1');
</script>
<!-- End Google Analytics -->
<!-- Venatus Ad Manager - Install in <HEAD> of page -->
	<script src="https://hb.vntsm.com/v3/live/ad-manager.min.js" type="text/javascript" data-site-id="642aba63ec9a7b11c3c9c1be" data-mode="scan" async></script>
<!-- / Venatus Ad Manager -->

<style>
	@media (max-width:820px) {
		.battle {
			margin: 0 auto;
		}
		.battle-log {
			margin: 7px auto 0;
			max-width: 640px;
			height: 300px;
			position: static;
		}
	}
	.optgroup {
		display: inline-block;
		line-height: 22px;
		font-size: 10pt;
	}
	.optgroup .button {
		height: 25px;
		padding-top: 0;
		padding-bottom: 0;
	}
	.optgroup button.button {
		padding-left: 12px;
		padding-right: 12px;
	}
	.linklist {
		list-style: none;
		margin: 0.5em 0;
		padding: 0;
	}
	.linklist li {
		padding: 2px 0;
	}
	.sidebar {
		float: left;
		width: 320px;
	}
	.bar-wrapper {
		max-width: 1100px;
		margin: 0 auto;
	}
	.bar-wrapper.has-sidebar {
		max-width: 1430px;
	}
	.mainbar {
		margin: 0;
		padding-right: 1px;
	}
	.mainbar.has-sidebar {
		margin-left: 330px;
	}
	@media (min-width: 1511px) {
		.sidebar {
			width: 400px;
		}
		.bar-wrapper.has-sidebar {
			max-width: 1510px;
		}
		.mainbar.has-sidebar {
			margin-left: 410px;
		}
	}
	.section.first-section {
		margin-top: 9px;
	}
	.blocklink small {
		white-space: normal;
	}
	.button {
		vertical-align: middle;
	}
	.replay-controls {
		padding-top: 10px;
	}
	.replay-controls h1 {
		font-size: 16pt;
		font-weight: normal;
		color: #CCC;
	}
	.pagelink {
		text-align: center;
	}
	.pagelink a {
		width: 150px;
	}
	.textbox, .button {
		font-size: 11pt;
		vertical-align: middle;
	}
	@media (max-width: 450px) {
		.button {
			font-size: 9pt;
		}
	}
</style>

<div>

	<header>
		<div class="nav-wrapper"><ul class="nav">
			<li><a class="button nav-first" href="//pokemonshowdown.com/"><img src="//pokemonshowdown.com/images/pokemonshowdownbeta.png" srcset="//pokemonshowdown.com/images/pokemonshowdownbeta.png 1x, //pokemonshowdown.com/images/pokemonshowdownbeta@2x.png 2x" alt="Pok&eacute;mon Showdown" width="146" height="44" /> Home</a></li>
			<li><a class="button" href="//pokemonshowdown.com/dex/">Pok&eacute;dex</a></li>
			<li><a class="button cur" href="/">Replays</a></li>
			<li><a class="button" href="//pokemonshowdown.com/ladder/">Ladder</a></li>
			<li><a class="button nav-last" href="//pokemonshowdown.com/forums/">Forum</a></li>
			<li><a class="button greenbutton nav-first nav-last" href="//play.pokemonshowdown.com/">Play</a></li>
		</ul></div>
	</header>

	<div class="main" id="main">

		<noscript><section class="section">You need to enable JavaScript to use this page; sorry!</section></noscript>

	</div>

</div>

<script defer nomodule src="//play.pokemonshowdown.com/js/lib/ps-polyfill.js"></script>
<script defer src="//play.pokemonshowdown.com/js/lib/preact.min.js"></script>

<script defer src="//play.pokemonshowdown.com/config/config.js?2bddbc15"></script>
<script defer src="//play.pokemonshowdown.com/js/lib/jquery-1.11.0.min.js"></script>
<script defer src="//play.pokemonshowdown.com/js/lib/html-sanitizer-minified.js"></script>
<script defer src="//play.pokemonshowdown.com/js/battle-sound.js"></script>
<script defer src="//play.pokemonshowdown.com/js/battledata.js?0.7209276989879541"></script>
<script defer src="//play.pokemonshowdown.com/data/pokedex-mini.js?0.6111056340867951"></script>
<script defer src="//play.pokemonshowdown.com/data/pokedex-mini-bw.js?0.3532142036491459"></script>
<script defer src="//play.pokemonshowdown.com/data/graphics.js?0.24223875632456182"></script>
<script defer src="//play.pokemonshowdown.com/data/pokedex.js?0.38839984266356864"></script>
<script defer src="//play.pokemonshowdown.com/data/moves.js?0.21866028504024015"></script>
<script defer src="//play.pokemonshowdown.com/data/abilities.js?0.2005157953846628"></script>
<script defer src="//play.pokemonshowdown.com/data/items.js?0.9894211263848525"></script>
<script defer src="//play.pokemonshowdown.com/data/teambuilder-tables.js?0.6008791140282215"></script>
<script defer src="//play.pokemonshowdown.com/js/battle-tooltips.js?0.7580118955022959"></script>
<script defer src="//play.pokemonshowdown.com/js/battle.js?0.6057722274234274"></script>

<script defer src="js/utils.js?e31f9a17"></script>
<script defer src="js/replays-battle.js?7008c182"></script>

<!-- don't scrape this data! just add .json or .log after the URL!
Full API docs: https://github.com/smogon/pokemon-showdown-client/blob/master/WEB-API.md -->
<script type="text/plain" class="log" id="replaylog-smogtours-gen3ou-802757">
|inactive|Battle timer is ON: inactive players will automatically lose when time's up.
|badge|p1|bronze|gen9lc|100-3
|uhtml|medal-msg|<div class="broadcast-blue">Curious what those medals under the avatar are? PS now has Ladder Seasons! For more information, check out the <a href="https://www.smogon.com/forums/threads/3740067/">thread on Smogon.<\/a><\/div>
|t:|1730063573
|gametype|singles
|player|p1|kaboom64|#lcplxiiipipluppatrol|
|player|p2|Ghost Melone|169|
|teamsize|p1|6
|teamsize|p2|6
|gen|3
|tier|[Gen 3] OU
|rule|Sleep Clause Mod: Limit one foe put to sleep
|rule|Switch Priority Clause Mod: Faster Pokémon switch first
|rule|Species Clause: Limit one of each Pokémon
|rule|OHKO Clause: OHKO moves are banned
|rule|Evasion Items Clause: Evasion items are banned
|rule|Evasion Moves Clause: Evasion moves are banned
|rule|Endless Battle Clause: Forcing endless battles is banned
|rule|HP Percentage Mod: HP is shown in percentages
|rule|One Boost Passer Clause: Limit one Baton Passer that has a way to boost its stats
|rule|Freeze Clause Mod: Limit one foe frozen
|
|t:|1730063573
|start
|switch|p1a: Skarmory|Skarmory, M|100/100
|switch|p2a: Tyranitar|Tyranitar, F|100/100
|-weather|Sandstorm|[from] ability: Sand Stream|[of] p2a: Tyranitar
|turn|1
|
|t:|1730063578
|-singleturn|p2a: Tyranitar|move: Focus Punch
|move|p1a: Skarmory|Spikes|p2a: Tyranitar
|-sidestart|p2: Ghost Melone|Spikes
|move|p2a: Tyranitar|Focus Punch|p1a: Skarmory
|-damage|p1a: Skarmory|31/100
|
|-weather|Sandstorm|[upkeep]
|-heal|p1a: Skarmory|37/100|[from] item: Leftovers
|upkeep
|turn|2
|
|t:|1730063597
|-singleturn|p2a: Tyranitar|move: Focus Punch
|move|p1a: Skarmory|Protect|p1a: Skarmory
|-singleturn|p1a: Skarmory|Protect
|move|p2a: Tyranitar|Focus Punch|p1a: Skarmory
|-activate|p1a: Skarmory|Protect
|
|-weather|Sandstorm|[upkeep]
|-heal|p1a: Skarmory|43/100|[from] item: Leftovers
|upkeep
|turn|3
|
|t:|1730063605
|-singleturn|p2a: Tyranitar|move: Focus Punch
|move|p1a: Skarmory|Drill Peck|p2a: Tyranitar
|-resisted|p2a: Tyranitar
|-damage|p2a: Tyranitar|91/100
|move|p2a: Tyranitar|Focus Punch||[still]
|cant|p2a: Tyranitar|Focus Punch|Focus Punch
|
|-weather|Sandstorm|[upkeep]
|-heal|p1a: Skarmory|49/100|[from] item: Leftovers
|upkeep
|turn|4
|
|t:|1730063610
|switch|p2a: Skarmory|Skarmory, F|100/100
|move|p1a: Skarmory|Drill Peck|p2a: Skarmory
|-resisted|p2a: Skarmory
|-damage|p2a: Skarmory|92/100
|
|-weather|Sandstorm|[upkeep]
|-heal|p2a: Skarmory|98/100|[from] item: Leftovers
|-heal|p1a: Skarmory|55/100|[from] item: Leftovers
|upkeep
|turn|5
|
|t:|1730063614
|move|p2a: Skarmory|Taunt|p1a: Skarmory
|-start|p1a: Skarmory|move: Taunt
|cant|p1a: Skarmory|move: Taunt|Spikes
|
|-weather|Sandstorm|[upkeep]
|-heal|p2a: Skarmory|100/100|[from] item: Leftovers
|-heal|p1a: Skarmory|61/100|[from] item: Leftovers
|upkeep
|turn|6
|
|t:|1730063621
|switch|p1a: Blastoise|Blastoise, M|100/100
|move|p2a: Skarmory|Spikes|p1a: Blastoise
|-sidestart|p1: kaboom64|Spikes
|
|-weather|Sandstorm|[upkeep]
|-damage|p1a: Blastoise|94/100|[from] Sandstorm
|-heal|p1a: Blastoise|100/100|[from] item: Leftovers
|upkeep
|turn|7
|
|t:|1730063627
|move|p2a: Skarmory|Toxic|p1a: Blastoise
|-status|p1a: Blastoise|tox
|move|p1a: Blastoise|Surf|p2a: Skarmory
|-damage|p2a: Skarmory|71/100
|
|-weather|Sandstorm|[upkeep]
|-damage|p1a: Blastoise|94/100 tox|[from] Sandstorm
|-heal|p2a: Skarmory|77/100|[from] item: Leftovers
|-heal|p1a: Blastoise|100/100 tox|[from] item: Leftovers
|-damage|p1a: Blastoise|94/100 tox|[from] psn
|upkeep
|turn|8
|
|t:|1730063633
|switch|p2a: Gengar|Gengar, F|100/100
|move|p1a: Blastoise|Refresh|p1a: Blastoise
|-curestatus|p1a: Blastoise|tox|[msg]
|
|-weather|Sandstorm|[upkeep]
|-damage|p2a: Gengar|95/100|[from] Sandstorm
|-damage|p1a: Blastoise|88/100|[from] Sandstorm
|-heal|p2a: Gengar|100/100|[from] item: Leftovers
|-heal|p1a: Blastoise|94/100|[from] item: Leftovers
|upkeep
|turn|9
|
|t:|1730063653
|switch|p1a: Venusaur|Venusaur, M|100/100
|-damage|p1a: Venusaur|88/100|[from] Spikes
|move|p2a: Gengar|Giga Drain|p1a: Venusaur
|-resisted|p1a: Venusaur
|-damage|p1a: Venusaur|84/100
|
|-weather|Sandstorm|[upkeep]
|-damage|p2a: Gengar|95/100|[from] Sandstorm
|-damage|p1a: Venusaur|78/100|[from] Sandstorm
|-heal|p2a: Gengar|100/100|[from] item: Leftovers
|-heal|p1a: Venusaur|84/100|[from] item: Leftovers
|upkeep
|turn|10
|
|t:|1730063665
|move|p2a: Gengar|Will-O-Wisp|p1a: Venusaur
|-status|p1a: Venusaur|brn
|move|p1a: Venusaur|Sleep Powder|p2a: Gengar|[miss]
|-miss|p1a: Venusaur|p2a: Gengar
|
|-weather|Sandstorm|[upkeep]
|-damage|p2a: Gengar|95/100|[from] Sandstorm
|-damage|p1a: Venusaur|78/100 brn|[from] Sandstorm
|-heal|p2a: Gengar|100/100|[from] item: Leftovers
|-heal|p1a: Venusaur|84/100 brn|[from] item: Leftovers
|-damage|p1a: Venusaur|72/100 brn|[from] brn
|upkeep
|turn|11
|inactive|Ghost Melone has 270 seconds left.
|
|t:|1730063699
|switch|p2a: Blissey|Blissey, F|100/100
|-damage|p2a: Blissey|88/100|[from] Spikes
|move|p1a: Venusaur|Leech Seed|p2a: Blissey
|-start|p2a: Blissey|move: Leech Seed
|
|-weather|Sandstorm|[upkeep]
|-damage|p1a: Venusaur|66/100 brn|[from] Sandstorm
|-damage|p2a: Blissey|82/100|[from] Sandstorm
|-heal|p1a: Venusaur|72/100 brn|[from] item: Leftovers
|-damage|p1a: Venusaur|59/100 brn|[from] brn
|-heal|p2a: Blissey|88/100|[from] item: Leftovers
|-damage|p2a: Blissey|76/100|[from] Leech Seed|[of] p1a: Venusaur
|-heal|p1a: Venusaur|83/100 brn|[silent]
|upkeep
|turn|12
|
|t:|1730063710
|switch|p2a: Gengar|Gengar, F|100/100
|move|p1a: Venusaur|Sleep Powder|p2a: Gengar
|-status|p2a: Gengar|slp|[from] move: Sleep Powder
|
|-weather|Sandstorm|[upkeep]
|-damage|p2a: Gengar|95/100 slp|[from] Sandstorm
|-damage|p1a: Venusaur|77/100 brn|[from] Sandstorm
|-heal|p2a: Gengar|100/100 slp|[from] item: Leftovers
|-heal|p1a: Venusaur|83/100 brn|[from] item: Leftovers
|-damage|p1a: Venusaur|70/100 brn|[from] brn
|upkeep
|turn|13
|
|t:|1730063723
|cant|p2a: Gengar|slp
|move|p1a: Venusaur|Leech Seed|p2a: Gengar
|-start|p2a: Gengar|move: Leech Seed
|
|-weather|Sandstorm|[upkeep]
|-damage|p2a: Gengar|95/100 slp|[from] Sandstorm
|-damage|p1a: Venusaur|64/100 brn|[from] Sandstorm
|-heal|p2a: Gengar|100/100 slp|[from] item: Leftovers
|-damage|p2a: Gengar|88/100 slp|[from] Leech Seed|[of] p1a: Venusaur
|-heal|p1a: Venusaur|75/100 brn|[silent]
|-heal|p1a: Venusaur|81/100 brn|[from] item: Leftovers
|-damage|p1a: Venusaur|69/100 brn|[from] brn
|upkeep
|turn|14
|inactive|kaboom64 has 270 seconds left.
|inactive|kaboom64 has 240 seconds left.
|inactive|Ghost Melone has 270 seconds left.
|
|t:|1730063788
|switch|p2a: Skarmory|Skarmory, F|77/100
|switch|p1a: Blastoise|Blastoise, M|94/100
|-damage|p1a: Blastoise|82/100|[from] Spikes
|
|-weather|Sandstorm|[upkeep]
|-damage|p1a: Blastoise|76/100|[from] Sandstorm
|-heal|p2a: Skarmory|83/100|[from] item: Leftovers
|-heal|p1a: Blastoise|82/100|[from] item: Leftovers
|upkeep
|turn|15
|inactive|Ghost Melone has 270 seconds left.
|
|t:|1730063798
|move|p1a: Blastoise|Surf|p2a: Skarmory
|-damage|p2a: Skarmory|53/100
|move|p2a: Skarmory|Roar|p1a: Blastoise
|drag|p1a: Charizard|Charizard, M|100/100
|
|-weather|Sandstorm|[upkeep]
|-damage|p1a: Charizard|94/100|[from] Sandstorm
|-heal|p1a: Charizard|100/100|[from] item: Leftovers
|-heal|p2a: Skarmory|59/100|[from] item: Leftovers
|upkeep
|turn|16
|inactive|Ghost Melone has 270 seconds left.
|
|t:|1730063820
|switch|p2a: Aerodactyl|Aerodactyl, M|100/100
|move|p1a: Charizard|Substitute|p1a: Charizard
|-start|p1a: Charizard|Substitute
|-damage|p1a: Charizard|76/100
|
|-weather|Sandstorm|[upkeep]
|-damage|p1a: Charizard|70/100|[from] Sandstorm
|-heal|p1a: Charizard|76/100|[from] item: Leftovers
|upkeep
|turn|17
|
|t:|1730063826
|-singleturn|p1a: Charizard|move: Focus Punch
|move|p2a: Aerodactyl|Rock Slide|p1a: Charizard
|-supereffective|p1a: Charizard
|-end|p1a: Charizard|Substitute
|move|p1a: Charizard|Focus Punch|p2a: Aerodactyl
|-damage|p2a: Aerodactyl|52/100
|
|-weather|Sandstorm|[upkeep]
|-damage|p1a: Charizard|70/100|[from] Sandstorm
|-heal|p1a: Charizard|76/100|[from] item: Leftovers
|upkeep
|turn|18
|
|t:|1730063833
|switch|p1a: Metagross|Metagross|100/100
|-damage|p1a: Metagross|88/100|[from] Spikes
|move|p2a: Aerodactyl|Rock Slide|p1a: Metagross
|-resisted|p1a: Metagross
|-damage|p1a: Metagross|67/100
|
|-weather|Sandstorm|[upkeep]
|-heal|p1a: Metagross|73/100|[from] item: Leftovers
|upkeep
|turn|19
|
|t:|1730063844
|switch|p2a: Swampert|Swampert, M|100/100
|-damage|p2a: Swampert|88/100|[from] Spikes
|move|p1a: Metagross|Meteor Mash|p2a: Swampert
|-resisted|p2a: Swampert
|-damage|p2a: Swampert|67/100
|
|-weather|Sandstorm|[upkeep]
|-heal|p1a: Metagross|79/100|[from] item: Leftovers
|-heal|p2a: Swampert|74/100|[from] item: Leftovers
|upkeep
|turn|20
|
|t:|1730063865
|move|p2a: Swampert|Protect|p2a: Swampert
|-singleturn|p2a: Swampert|Protect
|move|p1a: Metagross|Meteor Mash|p2a: Swampert|[miss]
|-miss|p1a: Metagross|p2a: Swampert
|
|-weather|Sandstorm|[upkeep]
|-heal|p1a: Metagross|85/100|[from] item: Leftovers
|-heal|p2a: Swampert|80/100|[from] item: Leftovers
|upkeep
|turn|21
|
|t:|1730063876
|switch|p1a: Blastoise|Blastoise, M|82/100
|-damage|p1a: Blastoise|70/100|[from] Spikes
|move|p2a: Swampert|Surf|p1a: Blastoise
|-resisted|p1a: Blastoise
|-damage|p1a: Blastoise|56/100
|
|-weather|Sandstorm|[upkeep]
|-damage|p1a: Blastoise|50/100|[from] Sandstorm
|-heal|p1a: Blastoise|56/100|[from] item: Leftovers
|-heal|p2a: Swampert|86/100|[from] item: Leftovers
|upkeep
|turn|22
|
|t:|1730063887
|move|p1a: Blastoise|Surf|p2a: Swampert
|-damage|p2a: Swampert|60/100
|move|p2a: Swampert|Roar|p1a: Blastoise
|drag|p1a: Venusaur|Venusaur, M|69/100 brn
|-damage|p1a: Venusaur|56/100 brn|[from] Spikes
|
|-weather|Sandstorm|[upkeep]
|-damage|p1a: Venusaur|50/100 brn|[from] Sandstorm
|-heal|p1a: Venusaur|56/100 brn|[from] item: Leftovers
|-damage|p1a: Venusaur|44/100 brn|[from] brn
|-heal|p2a: Swampert|66/100|[from] item: Leftovers
|upkeep
|turn|23
|
|t:|1730063905
|switch|p1a: Blastoise|Blastoise, M|56/100
|-damage|p1a: Blastoise|44/100|[from] Spikes
|move|p2a: Swampert|Ice Beam|p1a: Blastoise
|-resisted|p1a: Blastoise
|-damage|p1a: Blastoise|36/100
|-status|p1a: Blastoise|frz
|
|-weather|Sandstorm|[upkeep]
|-damage|p1a: Blastoise|30/100 frz|[from] Sandstorm
|-heal|p1a: Blastoise|36/100 frz|[from] item: Leftovers
|-heal|p2a: Swampert|72/100|[from] item: Leftovers
|upkeep
|turn|24
|
|t:|1730063911
|-curestatus|p1a: Blastoise|frz|[msg]
|move|p1a: Blastoise|Rapid Spin|p2a: Swampert
|-damage|p2a: Swampert|70/100
|-sideend|p1: kaboom64|Spikes|[from] move: Rapid Spin|[of] p1a: Blastoise
|move|p2a: Swampert|Surf|p1a: Blastoise
|-resisted|p1a: Blastoise
|-damage|p1a: Blastoise|23/100
|
|-weather|Sandstorm|[upkeep]
|-damage|p1a: Blastoise|17/100|[from] Sandstorm
|-heal|p1a: Blastoise|23/100|[from] item: Leftovers
|-heal|p2a: Swampert|76/100|[from] item: Leftovers
|upkeep
|turn|25
|
|t:|1730063927
|switch|p1a: Skarmory|Skarmory, M|61/100
|move|p2a: Swampert|Ice Beam|p1a: Skarmory
|-damage|p1a: Skarmory|45/100
|-status|p1a: Skarmory|frz
|
|-weather|Sandstorm|[upkeep]
|-heal|p1a: Skarmory|51/100 frz|[from] item: Leftovers
|-heal|p2a: Swampert|82/100|[from] item: Leftovers
|upkeep
|turn|26
|
|t:|1730063931
|-curestatus|p1a: Skarmory|frz|[msg]
|move|p1a: Skarmory|Spikes|p2a: Swampert
|-sidestart|p2: Ghost Melone|Spikes
|move|p2a: Swampert|Surf|p1a: Skarmory
|-damage|p1a: Skarmory|24/100
|
|-weather|Sandstorm|[upkeep]
|-heal|p1a: Skarmory|30/100|[from] item: Leftovers
|-heal|p2a: Swampert|89/100|[from] item: Leftovers
|upkeep
|turn|27
|
|t:|1730063940
|move|p1a: Skarmory|Protect|p1a: Skarmory
|-singleturn|p1a: Skarmory|Protect
|move|p2a: Swampert|Surf|p1a: Skarmory
|-activate|p1a: Skarmory|Protect
|
|-weather|Sandstorm|[upkeep]
|-heal|p1a: Skarmory|36/100|[from] item: Leftovers
|-heal|p2a: Swampert|95/100|[from] item: Leftovers
|upkeep
|turn|28
|
|t:|1730063944
|move|p1a: Skarmory|Spikes|p2a: Swampert
|-sidestart|p2: Ghost Melone|Spikes
|move|p2a: Swampert|Surf|p1a: Skarmory
|-damage|p1a: Skarmory|9/100
|
|-weather|Sandstorm|[upkeep]
|-heal|p1a: Skarmory|15/100|[from] item: Leftovers
|-heal|p2a: Swampert|100/100|[from] item: Leftovers
|upkeep
|turn|29
|
|t:|1730063951
|move|p1a: Skarmory|Protect|p1a: Skarmory
|-singleturn|p1a: Skarmory|Protect
|move|p2a: Swampert|Surf|p1a: Skarmory
|-activate|p1a: Skarmory|Protect
|
|-weather|Sandstorm|[upkeep]
|-heal|p1a: Skarmory|21/100|[from] item: Leftovers
|upkeep
|turn|30
|inactive|kaboom64 has 240 seconds left.
|inactive|kaboom64 has 210 seconds left.
|
|t:|1730063996
|move|p2a: Swampert|Surf|p1a: Skarmory
|-damage|p1a: Skarmory|0 fnt
|faint|p1a: Skarmory
|
|t:|1730064000
|switch|p1a: Venusaur|Venusaur, M|44/100 brn
|
|-weather|Sandstorm|[upkeep]
|-damage|p1a: Venusaur|38/100 brn|[from] Sandstorm
|-heal|p1a: Venusaur|44/100 brn|[from] item: Leftovers
|-damage|p1a: Venusaur|31/100 brn|[from] brn
|upkeep
|turn|31
|
|t:|1730064003
|move|p2a: Swampert|Protect|p2a: Swampert
|-singleturn|p2a: Swampert|Protect
|move|p1a: Venusaur|Giga Drain|p2a: Swampert
|-activate|p2a: Swampert|Protect
|
|-weather|Sandstorm|[upkeep]
|-damage|p1a: Venusaur|25/100 brn|[from] Sandstorm
|-heal|p1a: Venusaur|31/100 brn|[from] item: Leftovers
|-damage|p1a: Venusaur|19/100 brn|[from] brn
|upkeep
|turn|32
|
|t:|1730064016
|switch|p2a: Skarmory|Skarmory, F|59/100
|move|p1a: Venusaur|Giga Drain|p2a: Skarmory
|-resisted|p2a: Skarmory
|-damage|p2a: Skarmory|50/100
|-heal|p1a: Venusaur|24/100 brn|[from] drain|[of] p2a: Skarmory
|
|-weather|Sandstorm|[upkeep]
|-damage|p1a: Venusaur|18/100 brn|[from] Sandstorm
|-heal|p1a: Venusaur|24/100 brn|[from] item: Leftovers
|-damage|p1a: Venusaur|11/100 brn|[from] brn
|-heal|p2a: Skarmory|56/100|[from] item: Leftovers
|upkeep
|turn|33
|
|t:|1730064022
|switch|p1a: Jolteon|Jolteon, M|100/100
|move|p2a: Skarmory|Spikes|p1a: Jolteon
|-sidestart|p1: kaboom64|Spikes
|
|-weather|Sandstorm|[upkeep]
|-damage|p1a: Jolteon|94/100|[from] Sandstorm
|-heal|p1a: Jolteon|100/100|[from] item: Leftovers
|-heal|p2a: Skarmory|62/100|[from] item: Leftovers
|upkeep
|turn|34
|
|t:|1730064029
|move|p1a: Jolteon|Wish|p1a: Jolteon
|move|p2a: Skarmory|Roar|p1a: Jolteon
|drag|p1a: Venusaur|Venusaur, M|11/100 brn
|-damage|p1a: Venusaur|0 fnt|[from] Spikes
|faint|p1a: Venusaur
|
|t:|1730064034
|switch|p1a: Blastoise|Blastoise, M|23/100
|-damage|p1a: Blastoise|10/100|[from] Spikes
|
|-weather|Sandstorm|[upkeep]
|-damage|p1a: Blastoise|4/100|[from] Sandstorm
|-heal|p2a: Skarmory|68/100|[from] item: Leftovers
|-heal|p1a: Blastoise|10/100|[from] item: Leftovers
|upkeep
|turn|35
|inactive|kaboom64 has 240 seconds left.
|
|t:|1730064056
|move|p2a: Skarmory|Roar|p1a: Blastoise
|drag|p1a: Metagross|Metagross|85/100
|-damage|p1a: Metagross|73/100|[from] Spikes
|
|-heal|p1a: Metagross|100/100|[from] move: Wish|[wisher] Jolteon
|-weather|Sandstorm|[upkeep]
|-heal|p2a: Skarmory|74/100|[from] item: Leftovers
|upkeep
|turn|36
|
|t:|1730064067
|move|p2a: Skarmory|Spikes|p1a: Metagross
|-sidestart|p1: kaboom64|Spikes
|move|p1a: Metagross|Meteor Mash|p2a: Skarmory|[miss]
|-miss|p1a: Metagross|p2a: Skarmory
|
|-weather|Sandstorm|[upkeep]
|-heal|p2a: Skarmory|80/100|[from] item: Leftovers
|upkeep
|turn|37
|
|t:|1730064071
|move|p2a: Skarmory|Spikes|p1a: Metagross
|-sidestart|p1: kaboom64|Spikes
|move|p1a: Metagross|Meteor Mash|p2a: Skarmory
|-resisted|p2a: Skarmory
|-damage|p2a: Skarmory|59/100
|-boost|p1a: Metagross|atk|1
|
|-weather|Sandstorm|[upkeep]
|-heal|p2a: Skarmory|65/100|[from] item: Leftovers
|upkeep
|turn|38
|
|t:|1730064078
|move|p1a: Metagross|Meteor Mash|p2a: Skarmory
|-resisted|p2a: Skarmory
|-crit|p2a: Skarmory
|-damage|p2a: Skarmory|0 fnt
|faint|p2a: Skarmory
|
|t:|1730064084
|switch|p2a: Swampert|Swampert, M|100/100
|-damage|p2a: Swampert|76/100|[from] Spikes
|
|-weather|Sandstorm|[upkeep]
|-heal|p2a: Swampert|82/100|[from] item: Leftovers
|upkeep
|turn|39
|inactive|kaboom64 has 240 seconds left.
|
|t:|1730064110
|move|p2a: Swampert|Protect|p2a: Swampert
|-singleturn|p2a: Swampert|Protect
|move|p1a: Metagross|Meteor Mash|p2a: Swampert
|-activate|p2a: Swampert|Protect
|
|-weather|Sandstorm|[upkeep]
|-heal|p2a: Swampert|88/100|[from] item: Leftovers
|upkeep
|turn|40
|
|t:|1730064120
|move|p1a: Metagross|Meteor Mash|p2a: Swampert
|-resisted|p2a: Swampert
|-damage|p2a: Swampert|59/100
|move|p2a: Swampert|Surf|p1a: Metagross
|-damage|p1a: Metagross|69/100
|
|-weather|Sandstorm|[upkeep]
|-heal|p1a: Metagross|75/100|[from] item: Leftovers
|-heal|p2a: Swampert|65/100|[from] item: Leftovers
|upkeep
|turn|41
|
|t:|1730064133
|switch|p1a: Charizard|Charizard, M|76/100
|move|p2a: Swampert|Protect||[still]
|-fail|p2a: Swampert
|
|-weather|Sandstorm|[upkeep]
|-damage|p1a: Charizard|70/100|[from] Sandstorm
|-heal|p1a: Charizard|76/100|[from] item: Leftovers
|-heal|p2a: Swampert|71/100|[from] item: Leftovers
|upkeep
|turn|42
|inactive|kaboom64 has 240 seconds left.
|
|t:|1730064150
|move|p1a: Charizard|Hidden Power|p2a: Swampert
|-supereffective|p2a: Swampert
|-damage|p2a: Swampert|0 fnt
|faint|p2a: Swampert
|
|t:|1730064156
|switch|p2a: Tyranitar|Tyranitar, F|91/100
|-damage|p2a: Tyranitar|67/100|[from] Spikes
|
|-weather|Sandstorm|[upkeep]
|-damage|p1a: Charizard|70/100|[from] Sandstorm
|-heal|p1a: Charizard|76/100|[from] item: Leftovers
|upkeep
|turn|43
|
|t:|1730064167
|move|p1a: Charizard|Substitute|p1a: Charizard
|-start|p1a: Charizard|Substitute
|-damage|p1a: Charizard|51/100
|move|p2a: Tyranitar|Double-Edge|p1a: Charizard
|-end|p1a: Charizard|Substitute
|-damage|p2a: Tyranitar|60/100|[from] Recoil|[of] p1a: Charizard
|
|-weather|Sandstorm|[upkeep]
|-damage|p1a: Charizard|45/100|[from] Sandstorm
|-heal|p1a: Charizard|51/100|[from] item: Leftovers
|upkeep
|turn|44
|inactive|kaboom64 has 240 seconds left.
|
|t:|1730064191
|switch|p1a: Blastoise|Blastoise, M|10/100
|-damage|p1a: Blastoise|0 fnt|[from] Spikes
|faint|p1a: Blastoise
|
|t:|1730064193
|switch|p1a: Metagross|Metagross|75/100
|-damage|p1a: Metagross|50/100|[from] Spikes
|
|-weather|Sandstorm|[upkeep]
|-heal|p1a: Metagross|56/100|[from] item: Leftovers
|upkeep
|turn|45
|
|t:|1730064200
|switch|p2a: Gengar|Gengar, F|88/100 slp
|move|p1a: Metagross|Agility|p1a: Metagross
|-boost|p1a: Metagross|spe|2
|
|-weather|Sandstorm|[upkeep]
|-damage|p2a: Gengar|82/100 slp|[from] Sandstorm
|-heal|p1a: Metagross|62/100|[from] item: Leftovers
|-heal|p2a: Gengar|88/100 slp|[from] item: Leftovers
|upkeep
|turn|46
|
|t:|1730064205
|move|p1a: Metagross|Meteor Mash|p2a: Gengar
|-damage|p2a: Gengar|0 fnt
|faint|p2a: Gengar
|
|t:|1730064211
|switch|p2a: Aerodactyl|Aerodactyl, M|52/100
|
|-weather|Sandstorm|[upkeep]
|-heal|p1a: Metagross|68/100|[from] item: Leftovers
|upkeep
|turn|47
|inactive|kaboom64 has 270 seconds left.
|inactive|kaboom64 has 240 seconds left.
|
|t:|1730064275
|move|p1a: Metagross|Meteor Mash|p2a: Aerodactyl
|-supereffective|p2a: Aerodactyl
|-damage|p2a: Aerodactyl|0 fnt
|faint|p2a: Aerodactyl
|c|☆Ghost Melone|g
|c|☆Ghost Melone|gg
|-message|Ghost Melone forfeited.
|
|win|kaboom64
|player|p2|
|c|☆kaboom64|gg

</script>
<script type="application/json" class="data" id="replaydata-smogtours-gen3ou-802757">
{"id":"smogtours-gen3ou-802757","format":"[Gen 3] OU","players":["kaboom64","Ghost Melone"],"uploadtime":1730064282,"views":66,"formatid":"gen3ou","rating":null,"private":1,"password":null}
</script>

<script defer src="js/replays.js?9d40a366"></script>
