<!DOCTYPE html>
<meta charset="utf-8" />
<meta name="viewport" content="width=device-width" />

<title>[Gen 3] OU: VyoletRayn vs. Quarante8 - Replays - Pok&eacute;mon Showdown!</title>

<meta name="description" content="Watch a replay of a Pok&eacute;mon battle between VyoletRayn and Quarante8! Format: [Gen 3] OU; Date: Nov 1, 2024" />
<!--

Hey, you! Looking in the source for the replay log?

You can find them in JSON format, just add `.json` at the end of a replay URL.

https://replay.pokemonshowdown.com/gen7randomdoublesbattle-865046831.json

Or, if you only need the log itself, add `.log` instead:

https://replay.pokemonshowdown.com/gen7randomdoublesbattle-865046831.log

-->

<link rel="stylesheet" href="//pokemonshowdown.com/style/global.css?0.023195364461161105" />
<link rel="stylesheet" href="//play.pokemonshowdown.com/style/font-awesome.css?0.13261647063804238" />
<link rel="stylesheet" href="//play.pokemonshowdown.com/style/battle.css?0.8753245789963631" />
<link rel="stylesheet" href="//play.pokemonshowdown.com/style/utilichart.css?0.8627959624976733" />

<!-- Global site tag (gtag.js) - Google Analytics -->
<script async src="https://www.googletagmanager.com/gtag/js?id=UA-26211653-1"></script>
<script>
  window.dataLayer = window.dataLayer || [];
  function gtag(){dataLayer.push(arguments);}
  gtag('js', new Date());

  gtag('config', 'UA-26211653-1');
</script>
<!-- End Google Analytics -->
<!-- Venatus Ad Manager - Install in <HEAD> of page -->
	<script src="https://hb.vntsm.com/v3/live/ad-manager.min.js" type="text/javascript" data-site-id="642aba63ec9a7b11c3c9c1be" data-mode="scan" async></script>
<!-- / Venatus Ad Manager -->

<style>
	@media (max-width:820px) {
		.battle {
			margin: 0 auto;
		}
		.battle-log {
			margin: 7px auto 0;
			max-width: 640px;
			height: 300px;
			position: static;
		}
	}
	.optgroup {
		display: inline-block;
		line-height: 22px;
		font-size: 10pt;
	}
	.optgroup .button {
		height: 25px;
		padding-top: 0;
		padding-bottom: 0;
	}
	.optgroup button.button {
		padding-left: 12px;
		padding-right: 12px;
	}
	.linklist {
		list-style: none;
		margin: 0.5em 0;
		padding: 0;
	}
	.linklist li {
		padding: 2px 0;
	}
	.sidebar {
		float: left;
		width: 320px;
	}
	.bar-wrapper {
		max-width: 1100px;
		margin: 0 auto;
	}
	.bar-wrapper.has-sidebar {
		max-width: 1430px;
	}
	.mainbar {
		margin: 0;
		padding-right: 1px;
	}
	.mainbar.has-sidebar {
		margin-left: 330px;
	}
	@media (min-width: 1511px) {
		.sidebar {
			width: 400px;
		}
		.bar-wrapper.has-sidebar {
			max-width: 1510px;
		}
		.mainbar.has-sidebar {
			margin-left: 410px;
		}
	}
	.section.first-section {
		margin-top: 9px;
	}
	.blocklink small {
		white-space: normal;
	}
	.button {
		vertical-align: middle;
	}
	.replay-controls {
		padding-top: 10px;
	}
	.replay-controls h1 {
		font-size: 16pt;
		font-weight: normal;
		color: #CCC;
	}
	.pagelink {
		text-align: center;
	}
	.pagelink a {
		width: 150px;
	}
	.textbox, .button {
		font-size: 11pt;
		vertical-align: middle;
	}
	@media (max-width: 450px) {
		.button {
			font-size: 9pt;
		}
	}
</style>

<div>

	<header>
		<div class="nav-wrapper"><ul class="nav">
			<li><a class="button nav-first" href="//pokemonshowdown.com/"><img src="//pokemonshowdown.com/images/pokemonshowdownbeta.png" srcset="//pokemonshowdown.com/images/pokemonshowdownbeta.png 1x, //pokemonshowdown.com/images/pokemonshowdownbeta@2x.png 2x" alt="Pok&eacute;mon Showdown" width="146" height="44" /> Home</a></li>
			<li><a class="button" href="//pokemonshowdown.com/dex/">Pok&eacute;dex</a></li>
			<li><a class="button cur" href="/">Replays</a></li>
			<li><a class="button" href="//pokemonshowdown.com/ladder/">Ladder</a></li>
			<li><a class="button nav-last" href="//pokemonshowdown.com/forums/">Forum</a></li>
			<li><a class="button greenbutton nav-first nav-last" href="//play.pokemonshowdown.com/">Play</a></li>
		</ul></div>
	</header>

	<div class="main" id="main">

		<noscript><section class="section">You need to enable JavaScript to use this page; sorry!</section></noscript>

	</div>

</div>

<script defer nomodule src="//play.pokemonshowdown.com/js/lib/ps-polyfill.js"></script>
<script defer src="//play.pokemonshowdown.com/js/lib/preact.min.js"></script>

<script defer src="//play.pokemonshowdown.com/config/config.js?2bddbc15"></script>
<script defer src="//play.pokemonshowdown.com/js/lib/jquery-1.11.0.min.js"></script>
<script defer src="//play.pokemonshowdown.com/js/lib/html-sanitizer-minified.js"></script>
<script defer src="//play.pokemonshowdown.com/js/battle-sound.js"></script>
<script defer src="//play.pokemonshowdown.com/js/battledata.js?0.7209276989879541"></script>
<script defer src="//play.pokemonshowdown.com/data/pokedex-mini.js?0.6111056340867951"></script>
<script defer src="//play.pokemonshowdown.com/data/pokedex-mini-bw.js?0.3532142036491459"></script>
<script defer src="//play.pokemonshowdown.com/data/graphics.js?0.24223875632456182"></script>
<script defer src="//play.pokemonshowdown.com/data/pokedex.js?0.38839984266356864"></script>
<script defer src="//play.pokemonshowdown.com/data/moves.js?0.21866028504024015"></script>
<script defer src="//play.pokemonshowdown.com/data/abilities.js?0.2005157953846628"></script>
<script defer src="//play.pokemonshowdown.com/data/items.js?0.9894211263848525"></script>
<script defer src="//play.pokemonshowdown.com/data/teambuilder-tables.js?0.6008791140282215"></script>
<script defer src="//play.pokemonshowdown.com/js/battle-tooltips.js?0.7580118955022959"></script>
<script defer src="//play.pokemonshowdown.com/js/battle.js?0.6057722274234274"></script>

<script defer src="js/utils.js?e31f9a17"></script>
<script defer src="js/replays-battle.js?7008c182"></script>

<!-- don't scrape this data! just add .json or .log after the URL!
Full API docs: https://github.com/smogon/pokemon-showdown-client/blob/master/WEB-API.md -->
<script type="text/plain" class="log" id="replaylog-smogtours-gen3ou-803769">
|inactive|Battle timer is ON: inactive players will automatically lose when time's up.
|t:|1730486158
|gametype|singles
|player|p1|VyoletRayn|wicke|
|player|p2|Quarante8|pilot|
|teamsize|p1|6
|teamsize|p2|6
|gen|3
|tier|[Gen 3] OU
|rule|Sleep Clause Mod: Limit one foe put to sleep
|rule|Switch Priority Clause Mod: Faster Pokémon switch first
|rule|Species Clause: Limit one of each Pokémon
|rule|OHKO Clause: OHKO moves are banned
|rule|Evasion Items Clause: Evasion items are banned
|rule|Evasion Moves Clause: Evasion moves are banned
|rule|Endless Battle Clause: Forcing endless battles is banned
|rule|HP Percentage Mod: HP is shown in percentages
|rule|One Boost Passer Clause: Limit one Baton Passer that has a way to boost its stats
|rule|Freeze Clause Mod: Limit one foe frozen
|
|t:|1730486158
|start
|switch|p1a: Tyranitar|Tyranitar, F|100/100
|switch|p2a: Tyranitar|Tyranitar, M|100/100
|-weather|Sandstorm|[from] ability: Sand Stream|[of] p1a: Tyranitar
|turn|1
|c|☆Quarante8|hf bro
|c|☆VyoletRayn|hf my g
|c|+AC77|let's go 48
|
|t:|1730486174
|switch|p1a: Skarmory|Skarmory, M|100/100
|move|p2a: Tyranitar|Earthquake|p1a: Skarmory
|-immune|p1a: Skarmory
|
|-weather|Sandstorm|[upkeep]
|upkeep
|turn|2
|c|☆Quarante8|no lets go broski this tour is ruining me
|inactive|Quarante8 has 270 seconds left.
|c|☆Quarante8|why tf do i have to play my friend after being lucked to sht two rounds in a row
|c|☆Quarante8|sht aint right
|c|+AC77|fr
|
|t:|1730486224
|switch|p1a: Swampert|Swampert, M|100/100
|switch|p2a: Skarmory|Skarmory, F|100/100
|
|-weather|Sandstorm|[upkeep]
|upkeep
|turn|3
|
|t:|1730486232
|switch|p1a: Gengar|Gengar, F|100/100
|move|p2a: Skarmory|Spikes|p1a: Gengar
|-sidestart|p1: VyoletRayn|Spikes
|
|-weather|Sandstorm|[upkeep]
|-damage|p1a: Gengar|94/100|[from] Sandstorm
|-heal|p1a: Gengar|100/100|[from] item: Leftovers
|upkeep
|turn|4
|
|t:|1730486236
|switch|p2a: Celebi|Celebi|100/100
|move|p1a: Gengar|Will-O-Wisp|p2a: Celebi
|-status|p2a: Celebi|brn
|
|-weather|Sandstorm|[upkeep]
|-damage|p1a: Gengar|94/100|[from] Sandstorm
|-damage|p2a: Celebi|94/100 brn|[from] Sandstorm
|-heal|p1a: Gengar|100/100|[from] item: Leftovers
|-heal|p2a: Celebi|100/100 brn|[from] item: Leftovers
|-damage|p2a: Celebi|88/100 brn|[from] brn
|upkeep
|turn|5
|
|t:|1730486240
|switch|p1a: Tyranitar|Tyranitar, F|100/100
|-damage|p1a: Tyranitar|88/100|[from] Spikes
|move|p2a: Celebi|Leech Seed|p1a: Tyranitar|[miss]
|-miss|p2a: Celebi|p1a: Tyranitar
|
|-weather|Sandstorm|[upkeep]
|-damage|p2a: Celebi|82/100 brn|[from] Sandstorm
|-heal|p2a: Celebi|88/100 brn|[from] item: Leftovers
|-damage|p2a: Celebi|76/100 brn|[from] brn
|-heal|p1a: Tyranitar|94/100|[from] item: Leftovers
|upkeep
|turn|6
|inactive|Quarante8 has 270 seconds left.
|
|t:|1730486261
|-curestatus|p2a: Celebi|brn|[from] ability: Natural Cure
|switch|p2a: Swampert|Swampert, M|100/100
|move|p1a: Tyranitar|Dragon Dance|p1a: Tyranitar
|-boost|p1a: Tyranitar|atk|1
|-boost|p1a: Tyranitar|spe|1
|
|-weather|Sandstorm|[upkeep]
|-heal|p1a: Tyranitar|100/100|[from] item: Leftovers
|upkeep
|turn|7
|
|t:|1730486267
|move|p1a: Tyranitar|Rock Slide|p2a: Swampert
|-resisted|p2a: Swampert
|-damage|p2a: Swampert|81/100
|cant|p2a: Swampert|flinch
|
|-weather|Sandstorm|[upkeep]
|-heal|p2a: Swampert|87/100|[from] item: Leftovers
|upkeep
|turn|8
|
|t:|1730486273
|switch|p1a: Skarmory|Skarmory, M|100/100
|move|p2a: Swampert|Earthquake|p1a: Skarmory
|-immune|p1a: Skarmory
|
|-weather|Sandstorm|[upkeep]
|-heal|p2a: Swampert|93/100|[from] item: Leftovers
|upkeep
|turn|9
|
|t:|1730486288
|switch|p2a: Celebi|Celebi|76/100
|move|p1a: Skarmory|Spikes|p2a: Celebi
|-sidestart|p2: Quarante8|Spikes
|
|-weather|Sandstorm|[upkeep]
|-damage|p2a: Celebi|70/100|[from] Sandstorm
|-heal|p2a: Celebi|76/100|[from] item: Leftovers
|upkeep
|turn|10
|
|t:|1730486290
|move|p2a: Celebi|Leech Seed|p1a: Skarmory
|-start|p1a: Skarmory|move: Leech Seed
|move|p1a: Skarmory|Drill Peck|p2a: Celebi
|-supereffective|p2a: Celebi
|-crit|p2a: Celebi
|-damage|p2a: Celebi|3/100
|
|-weather|Sandstorm|[upkeep]
|-damage|p2a: Celebi|0 fnt|[from] Sandstorm
|faint|p2a: Celebi
|upkeep
|
|t:|1730486295
|switch|p2a: Skarmory|Skarmory, F|100/100
|turn|11
|
|t:|1730486302
|move|p2a: Skarmory|Spikes|p1a: Skarmory
|-sidestart|p1: VyoletRayn|Spikes
|move|p1a: Skarmory|Roar|p2a: Skarmory
|drag|p2a: Claydol|Claydol|100/100
|
|-weather|Sandstorm|[upkeep]
|-damage|p1a: Skarmory|88/100|[from] Leech Seed|[of] p2a: Claydol
|upkeep
|turn|12
|
|t:|1730486307
|switch|p1a: Gengar|Gengar, F|100/100
|move|p2a: Claydol|Psychic|p1a: Gengar
|-supereffective|p1a: Gengar
|-damage|p1a: Gengar|54/100
|-unboost|p1a: Gengar|spd|1
|
|-weather|Sandstorm|[upkeep]
|-damage|p1a: Gengar|47/100|[from] Sandstorm
|-heal|p1a: Gengar|54/100|[from] item: Leftovers
|upkeep
|turn|13
|
|t:|1730486314
|switch|p1a: Swampert|Swampert, M|100/100
|-damage|p1a: Swampert|84/100|[from] Spikes
|move|p2a: Claydol|Psychic|p1a: Swampert
|-damage|p1a: Swampert|66/100
|
|-weather|Sandstorm|[upkeep]
|-heal|p1a: Swampert|73/100|[from] item: Leftovers
|upkeep
|turn|14
|
|t:|1730486329
|switch|p2a: Skarmory|Skarmory, F|100/100
|move|p1a: Swampert|Protect||[still]
|-fail|p1a: Swampert
|
|-weather|Sandstorm|[upkeep]
|-heal|p1a: Swampert|79/100|[from] item: Leftovers
|upkeep
|turn|15
|
|t:|1730486333
|move|p2a: Skarmory|Drill Peck|p1a: Swampert
|-damage|p1a: Swampert|63/100
|move|p1a: Swampert|Surf|p2a: Skarmory
|-damage|p2a: Skarmory|74/100
|
|-weather|Sandstorm|[upkeep]
|-heal|p2a: Skarmory|80/100|[from] item: Leftovers
|-heal|p1a: Swampert|69/100|[from] item: Leftovers
|upkeep
|turn|16
|
|t:|1730486337
|switch|p1a: Zapdos|Zapdos|100/100
|move|p2a: Skarmory|Spikes|p1a: Zapdos
|-sidestart|p1: VyoletRayn|Spikes
|
|-weather|Sandstorm|[upkeep]
|-damage|p1a: Zapdos|94/100|[from] Sandstorm
|-heal|p1a: Zapdos|100/100|[from] item: Leftovers
|-heal|p2a: Skarmory|86/100|[from] item: Leftovers
|upkeep
|turn|17
|
|t:|1730486343
|switch|p2a: Claydol|Claydol|100/100
|move|p1a: Zapdos|Toxic|p2a: Claydol|[miss]
|-miss|p1a: Zapdos|p2a: Claydol
|
|-weather|Sandstorm|[upkeep]
|-damage|p1a: Zapdos|94/100|[from] Sandstorm
|-heal|p1a: Zapdos|100/100|[from] item: Leftovers
|upkeep
|turn|18
|
|t:|1730486349
|switch|p1a: Swampert|Swampert, M|69/100
|-damage|p1a: Swampert|44/100|[from] Spikes
|move|p2a: Claydol|Rapid Spin|p1a: Swampert
|-damage|p1a: Swampert|40/100
|-sideend|p2: Quarante8|Spikes|[from] move: Rapid Spin|[of] p2a: Claydol
|
|-weather|Sandstorm|[upkeep]
|-heal|p1a: Swampert|46/100|[from] item: Leftovers
|upkeep
|turn|19
|
|t:|1730486356
|switch|p2a: Skarmory|Skarmory, F|86/100
|move|p1a: Swampert|Surf|p2a: Skarmory
|-damage|p2a: Skarmory|58/100
|
|-weather|Sandstorm|[upkeep]
|-heal|p2a: Skarmory|64/100|[from] item: Leftovers
|-heal|p1a: Swampert|52/100|[from] item: Leftovers
|upkeep
|turn|20
|
|t:|1730486359
|move|p1a: Swampert|Surf|p2a: Skarmory
|-damage|p2a: Skarmory|38/100
|move|p2a: Skarmory|Roar|p1a: Swampert
|drag|p1a: Zapdos|Zapdos|100/100
|
|-weather|Sandstorm|[upkeep]
|-damage|p1a: Zapdos|94/100|[from] Sandstorm
|-heal|p1a: Zapdos|100/100|[from] item: Leftovers
|-heal|p2a: Skarmory|44/100|[from] item: Leftovers
|upkeep
|turn|21
|
|t:|1730486362
|move|p2a: Skarmory|Protect|p2a: Skarmory
|-singleturn|p2a: Skarmory|Protect
|move|p1a: Zapdos|Hidden Power|p2a: Skarmory
|-activate|p2a: Skarmory|Protect
|
|-weather|Sandstorm|[upkeep]
|-damage|p1a: Zapdos|94/100|[from] Sandstorm
|-heal|p1a: Zapdos|100/100|[from] item: Leftovers
|-heal|p2a: Skarmory|50/100|[from] item: Leftovers
|upkeep
|turn|22
|
|t:|1730486365
|switch|p2a: Claydol|Claydol|100/100
|move|p1a: Zapdos|Thunderbolt|p2a: Claydol
|-immune|p2a: Claydol
|
|-weather|Sandstorm|[upkeep]
|-damage|p1a: Zapdos|94/100|[from] Sandstorm
|-heal|p1a: Zapdos|100/100|[from] item: Leftovers
|upkeep
|turn|23
|
|t:|1730486373
|switch|p2a: Tyranitar|Tyranitar, M|100/100
|move|p1a: Zapdos|Toxic|p2a: Tyranitar|[miss]
|-miss|p1a: Zapdos|p2a: Tyranitar
|
|-weather|Sandstorm|[upkeep]
|-damage|p1a: Zapdos|94/100|[from] Sandstorm
|-heal|p1a: Zapdos|100/100|[from] item: Leftovers
|upkeep
|turn|24
|
|t:|1730486378
|-singleturn|p2a: Tyranitar|move: Focus Punch
|switch|p1a: Skarmory|Skarmory, M|88/100
|move|p2a: Tyranitar|Focus Punch|p1a: Skarmory
|-damage|p1a: Skarmory|42/100
|
|-weather|Sandstorm|[upkeep]
|-heal|p1a: Skarmory|48/100|[from] item: Leftovers
|upkeep
|turn|25
|
|t:|1730486384
|move|p1a: Skarmory|Spikes|p2a: Tyranitar
|-sidestart|p2: Quarante8|Spikes
|move|p2a: Tyranitar|Rock Slide|p1a: Skarmory
|-damage|p1a: Skarmory|17/100
|
|-weather|Sandstorm|[upkeep]
|-heal|p1a: Skarmory|23/100|[from] item: Leftovers
|upkeep
|turn|26
|
|t:|1730486392
|move|p1a: Skarmory|Protect|p1a: Skarmory
|-singleturn|p1a: Skarmory|Protect
|move|p2a: Tyranitar|Rock Slide|p1a: Skarmory|[miss]
|-miss|p2a: Tyranitar|p1a: Skarmory
|
|-weather|Sandstorm|[upkeep]
|-heal|p1a: Skarmory|29/100|[from] item: Leftovers
|upkeep
|turn|27
|
|t:|1730486404
|move|p1a: Skarmory|Drill Peck|p2a: Tyranitar
|-resisted|p2a: Tyranitar
|-damage|p2a: Tyranitar|92/100
|move|p2a: Tyranitar|Rock Slide|p1a: Skarmory
|-damage|p1a: Skarmory|0 fnt
|faint|p1a: Skarmory
|
|t:|1730486409
|switch|p1a: Gengar|Gengar, F|54/100
|
|-weather|Sandstorm|[upkeep]
|-damage|p1a: Gengar|47/100|[from] Sandstorm
|-heal|p1a: Gengar|54/100|[from] item: Leftovers
|-heal|p2a: Tyranitar|99/100|[from] item: Leftovers
|upkeep
|turn|28
|
|t:|1730486428
|switch|p2a: Skarmory|Skarmory, F|50/100
|move|p1a: Gengar|Will-O-Wisp|p2a: Skarmory
|-status|p2a: Skarmory|brn
|
|-weather|Sandstorm|[upkeep]
|-damage|p1a: Gengar|47/100|[from] Sandstorm
|-heal|p1a: Gengar|54/100|[from] item: Leftovers
|-heal|p2a: Skarmory|56/100 brn|[from] item: Leftovers
|-damage|p2a: Skarmory|43/100 brn|[from] brn
|upkeep
|turn|29
|
|t:|1730486433
|move|p1a: Gengar|Thunderbolt|p2a: Skarmory
|-supereffective|p2a: Skarmory
|-damage|p2a: Skarmory|0 fnt
|faint|p2a: Skarmory
|
|t:|1730486436
|switch|p2a: Aerodactyl|Aerodactyl, F|100/100
|
|-weather|Sandstorm|[upkeep]
|-damage|p1a: Gengar|47/100|[from] Sandstorm
|-heal|p1a: Gengar|54/100|[from] item: Leftovers
|upkeep
|turn|30
|
|t:|1730486441
|switch|p1a: Swampert|Swampert, M|52/100
|-damage|p1a: Swampert|27/100|[from] Spikes
|move|p2a: Aerodactyl|Rock Slide|p1a: Swampert
|-resisted|p1a: Swampert
|-damage|p1a: Swampert|9/100
|
|-weather|Sandstorm|[upkeep]
|-heal|p1a: Swampert|15/100|[from] item: Leftovers
|upkeep
|turn|31
|
|t:|1730486444
|switch|p2a: Swampert|Swampert, M|93/100
|-damage|p2a: Swampert|81/100|[from] Spikes
|move|p1a: Swampert|Protect||[still]
|-fail|p1a: Swampert
|
|-weather|Sandstorm|[upkeep]
|-heal|p2a: Swampert|87/100|[from] item: Leftovers
|-heal|p1a: Swampert|21/100|[from] item: Leftovers
|upkeep
|turn|32
|
|t:|1730486448
|move|p2a: Swampert|Hydro Pump|p1a: Swampert
|-damage|p1a: Swampert|0 fnt
|faint|p1a: Swampert
|
|t:|1730486452
|switch|p1a: Gengar|Gengar, F|54/100
|
|-weather|Sandstorm|[upkeep]
|-damage|p1a: Gengar|47/100|[from] Sandstorm
|-heal|p1a: Gengar|54/100|[from] item: Leftovers
|-heal|p2a: Swampert|93/100|[from] item: Leftovers
|upkeep
|turn|33
|
|t:|1730486459
|move|p1a: Gengar|Giga Drain|p2a: Swampert
|-supereffective|p2a: Swampert
|-damage|p2a: Swampert|24/100
|-heal|p1a: Gengar|100/100|[from] drain|[of] p2a: Swampert
|move|p2a: Swampert|Hydro Pump|p1a: Gengar
|-damage|p1a: Gengar|42/100
|
|-weather|Sandstorm|[upkeep]
|-damage|p1a: Gengar|36/100|[from] Sandstorm
|-heal|p1a: Gengar|42/100|[from] item: Leftovers
|-heal|p2a: Swampert|30/100|[from] item: Leftovers
|upkeep
|turn|34
|
|t:|1730486468
|switch|p2a: Aerodactyl|Aerodactyl, F|100/100
|move|p1a: Gengar|Will-O-Wisp|p2a: Aerodactyl|[miss]
|-miss|p1a: Gengar|p2a: Aerodactyl
|
|-weather|Sandstorm|[upkeep]
|-damage|p1a: Gengar|36/100|[from] Sandstorm
|-heal|p1a: Gengar|42/100|[from] item: Leftovers
|upkeep
|turn|35
|
|t:|1730486477
|move|p2a: Aerodactyl|Rock Slide|p1a: Gengar
|-damage|p1a: Gengar|0 fnt
|faint|p1a: Gengar
|
|t:|1730486480
|switch|p1a: Tyranitar|Tyranitar, F|100/100
|-damage|p1a: Tyranitar|75/100|[from] Spikes
|
|-weather|Sandstorm|[upkeep]
|-heal|p1a: Tyranitar|82/100|[from] item: Leftovers
|upkeep
|turn|36
|
|t:|1730486495
|move|p2a: Aerodactyl|Rock Slide|p1a: Tyranitar
|-damage|p1a: Tyranitar|39/100
|cant|p1a: Tyranitar|flinch
|
|-weather|Sandstorm|[upkeep]
|-heal|p1a: Tyranitar|45/100|[from] item: Leftovers
|upkeep
|turn|37
|
|t:|1730486499
|switch|p2a: Claydol|Claydol|100/100
|move|p1a: Tyranitar|Rock Slide|p2a: Claydol
|-resisted|p2a: Claydol
|-damage|p2a: Claydol|82/100
|
|-weather|Sandstorm|[upkeep]
|-heal|p1a: Tyranitar|51/100|[from] item: Leftovers
|-heal|p2a: Claydol|88/100|[from] item: Leftovers
|upkeep
|turn|38
|
|t:|1730486501
|move|p1a: Tyranitar|Hidden Power|p2a: Claydol
|-supereffective|p2a: Claydol
|-damage|p2a: Claydol|35/100
|move|p2a: Claydol|Earthquake|p1a: Tyranitar
|-supereffective|p1a: Tyranitar
|-crit|p1a: Tyranitar
|-damage|p1a: Tyranitar|0 fnt
|faint|p1a: Tyranitar
|
|t:|1730486505
|switch|p1a: Aerodactyl|Aerodactyl, M|100/100
|
|-weather|Sandstorm|[upkeep]
|-heal|p2a: Claydol|41/100|[from] item: Leftovers
|upkeep
|turn|39
|
|t:|1730486510
|switch|p2a: Tyranitar|Tyranitar, M|99/100
|-damage|p2a: Tyranitar|86/100|[from] Spikes
|move|p1a: Aerodactyl|Hidden Power|p2a: Tyranitar
|-supereffective|p2a: Tyranitar
|-damage|p2a: Tyranitar|39/100
|
|-weather|Sandstorm|[upkeep]
|-heal|p2a: Tyranitar|45/100|[from] item: Leftovers
|upkeep
|turn|40
|
|t:|1730486515
|switch|p2a: Aerodactyl|Aerodactyl, F|100/100
|move|p1a: Aerodactyl|Hidden Power|p2a: Aerodactyl
|-resisted|p2a: Aerodactyl
|-damage|p2a: Aerodactyl|77/100
|
|-weather|Sandstorm|[upkeep]
|upkeep
|turn|41
|
|t:|1730486517
|switch|p1a: Zapdos|Zapdos|100/100
|move|p2a: Aerodactyl|Rock Slide|p1a: Zapdos
|-supereffective|p1a: Zapdos
|-damage|p1a: Zapdos|4/100
|
|-weather|Sandstorm|[upkeep]
|-damage|p1a: Zapdos|0 fnt|[from] Sandstorm
|faint|p1a: Zapdos
|upkeep
|
|t:|1730486519
|switch|p1a: Aerodactyl|Aerodactyl, M|100/100
|turn|42
|
|t:|1730486520
|move|p1a: Aerodactyl|Rock Slide|p2a: Aerodactyl
|-supereffective|p2a: Aerodactyl
|-damage|p2a: Aerodactyl|0 fnt
|faint|p2a: Aerodactyl
|
|t:|1730486522
|switch|p2a: Claydol|Claydol|41/100
|
|-weather|Sandstorm|[upkeep]
|-heal|p2a: Claydol|47/100|[from] item: Leftovers
|upkeep
|turn|43
|inactive|Quarante8 has 270 seconds left.
|
|t:|1730486560
|move|p1a: Aerodactyl|Rock Slide|p2a: Claydol
|-resisted|p2a: Claydol
|-damage|p2a: Claydol|21/100
|move|p2a: Claydol|Earthquake|p1a: Aerodactyl
|-immune|p1a: Aerodactyl
|
|-weather|Sandstorm|[upkeep]
|-heal|p2a: Claydol|27/100|[from] item: Leftovers
|upkeep
|turn|44
|
|t:|1730486569
|move|p1a: Aerodactyl|Rock Slide|p2a: Claydol
|-resisted|p2a: Claydol
|-damage|p2a: Claydol|0 fnt
|faint|p2a: Claydol
|
|t:|1730486572
|switch|p2a: Swampert|Swampert, M|30/100
|-damage|p2a: Swampert|17/100|[from] Spikes
|
|-weather|Sandstorm|[upkeep]
|-heal|p2a: Swampert|24/100|[from] item: Leftovers
|upkeep
|turn|45
|
|t:|1730486581
|move|p1a: Aerodactyl|Rock Slide|p2a: Swampert
|-resisted|p2a: Swampert
|-damage|p2a: Swampert|7/100
|move|p2a: Swampert|Hydro Pump|p1a: Aerodactyl
|-supereffective|p1a: Aerodactyl
|-damage|p1a: Aerodactyl|0 fnt
|faint|p1a: Aerodactyl
|
|win|Quarante8
|c|☆Quarante8|ggs
|c|☆VyoletRayn|ggs

</script>
<script type="application/json" class="data" id="replaydata-smogtours-gen3ou-803769">
{"id":"smogtours-gen3ou-803769","format":"[Gen 3] OU","players":["VyoletRayn","Quarante8"],"uploadtime":1730486581,"views":61,"formatid":"gen3ou","rating":null,"private":0,"password":null}
</script>

<script defer src="js/replays.js?9d40a366"></script>
