<!DOCTYPE html>
<meta charset="utf-8" />
<meta name="viewport" content="width=device-width" />

<title>[Gen 3] OU: MeEsSm vs. bydy2 - Replays - Pok&eacute;mon Showdown!</title>

<meta name="description" content="Watch a replay of a Pok&eacute;mon battle between MeEsSm and bydy2! Format: [Gen 3] OU; Date: Nov 5, 2024" />
<!--

Hey, you! Looking in the source for the replay log?

You can find them in JSON format, just add `.json` at the end of a replay URL.

https://replay.pokemonshowdown.com/gen7randomdoublesbattle-865046831.json

Or, if you only need the log itself, add `.log` instead:

https://replay.pokemonshowdown.com/gen7randomdoublesbattle-865046831.log

-->

<link rel="stylesheet" href="//pokemonshowdown.com/style/global.css?0.023195364461161105" />
<link rel="stylesheet" href="//play.pokemonshowdown.com/style/font-awesome.css?0.13261647063804238" />
<link rel="stylesheet" href="//play.pokemonshowdown.com/style/battle.css?0.8753245789963631" />
<link rel="stylesheet" href="//play.pokemonshowdown.com/style/utilichart.css?0.8627959624976733" />

<!-- Global site tag (gtag.js) - Google Analytics -->
<script async src="https://www.googletagmanager.com/gtag/js?id=UA-26211653-1"></script>
<script>
  window.dataLayer = window.dataLayer || [];
  function gtag(){dataLayer.push(arguments);}
  gtag('js', new Date());

  gtag('config', 'UA-26211653-1');
</script>
<!-- End Google Analytics -->
<!-- Venatus Ad Manager - Install in <HEAD> of page -->
	<script src="https://hb.vntsm.com/v3/live/ad-manager.min.js" type="text/javascript" data-site-id="642aba63ec9a7b11c3c9c1be" data-mode="scan" async></script>
<!-- / Venatus Ad Manager -->

<style>
	@media (max-width:820px) {
		.battle {
			margin: 0 auto;
		}
		.battle-log {
			margin: 7px auto 0;
			max-width: 640px;
			height: 300px;
			position: static;
		}
	}
	.optgroup {
		display: inline-block;
		line-height: 22px;
		font-size: 10pt;
	}
	.optgroup .button {
		height: 25px;
		padding-top: 0;
		padding-bottom: 0;
	}
	.optgroup button.button {
		padding-left: 12px;
		padding-right: 12px;
	}
	.linklist {
		list-style: none;
		margin: 0.5em 0;
		padding: 0;
	}
	.linklist li {
		padding: 2px 0;
	}
	.sidebar {
		float: left;
		width: 320px;
	}
	.bar-wrapper {
		max-width: 1100px;
		margin: 0 auto;
	}
	.bar-wrapper.has-sidebar {
		max-width: 1430px;
	}
	.mainbar {
		margin: 0;
		padding-right: 1px;
	}
	.mainbar.has-sidebar {
		margin-left: 330px;
	}
	@media (min-width: 1511px) {
		.sidebar {
			width: 400px;
		}
		.bar-wrapper.has-sidebar {
			max-width: 1510px;
		}
		.mainbar.has-sidebar {
			margin-left: 410px;
		}
	}
	.section.first-section {
		margin-top: 9px;
	}
	.blocklink small {
		white-space: normal;
	}
	.button {
		vertical-align: middle;
	}
	.replay-controls {
		padding-top: 10px;
	}
	.replay-controls h1 {
		font-size: 16pt;
		font-weight: normal;
		color: #CCC;
	}
	.pagelink {
		text-align: center;
	}
	.pagelink a {
		width: 150px;
	}
	.textbox, .button {
		font-size: 11pt;
		vertical-align: middle;
	}
	@media (max-width: 450px) {
		.button {
			font-size: 9pt;
		}
	}
</style>

<div>

	<header>
		<div class="nav-wrapper"><ul class="nav">
			<li><a class="button nav-first" href="//pokemonshowdown.com/"><img src="//pokemonshowdown.com/images/pokemonshowdownbeta.png" srcset="//pokemonshowdown.com/images/pokemonshowdownbeta.png 1x, //pokemonshowdown.com/images/pokemonshowdownbeta@2x.png 2x" alt="Pok&eacute;mon Showdown" width="146" height="44" /> Home</a></li>
			<li><a class="button" href="//pokemonshowdown.com/dex/">Pok&eacute;dex</a></li>
			<li><a class="button cur" href="/">Replays</a></li>
			<li><a class="button" href="//pokemonshowdown.com/ladder/">Ladder</a></li>
			<li><a class="button nav-last" href="//pokemonshowdown.com/forums/">Forum</a></li>
			<li><a class="button greenbutton nav-first nav-last" href="//play.pokemonshowdown.com/">Play</a></li>
		</ul></div>
	</header>

	<div class="main" id="main">

		<noscript><section class="section">You need to enable JavaScript to use this page; sorry!</section></noscript>

	</div>

</div>

<script defer nomodule src="//play.pokemonshowdown.com/js/lib/ps-polyfill.js"></script>
<script defer src="//play.pokemonshowdown.com/js/lib/preact.min.js"></script>

<script defer src="//play.pokemonshowdown.com/config/config.js?2bddbc15"></script>
<script defer src="//play.pokemonshowdown.com/js/lib/jquery-1.11.0.min.js"></script>
<script defer src="//play.pokemonshowdown.com/js/lib/html-sanitizer-minified.js"></script>
<script defer src="//play.pokemonshowdown.com/js/battle-sound.js"></script>
<script defer src="//play.pokemonshowdown.com/js/battledata.js?0.7209276989879541"></script>
<script defer src="//play.pokemonshowdown.com/data/pokedex-mini.js?0.6111056340867951"></script>
<script defer src="//play.pokemonshowdown.com/data/pokedex-mini-bw.js?0.3532142036491459"></script>
<script defer src="//play.pokemonshowdown.com/data/graphics.js?0.24223875632456182"></script>
<script defer src="//play.pokemonshowdown.com/data/pokedex.js?0.38839984266356864"></script>
<script defer src="//play.pokemonshowdown.com/data/moves.js?0.21866028504024015"></script>
<script defer src="//play.pokemonshowdown.com/data/abilities.js?0.2005157953846628"></script>
<script defer src="//play.pokemonshowdown.com/data/items.js?0.9894211263848525"></script>
<script defer src="//play.pokemonshowdown.com/data/teambuilder-tables.js?0.6008791140282215"></script>
<script defer src="//play.pokemonshowdown.com/js/battle-tooltips.js?0.7580118955022959"></script>
<script defer src="//play.pokemonshowdown.com/js/battle.js?0.6057722274234274"></script>

<script defer src="js/utils.js?e31f9a17"></script>
<script defer src="js/replays-battle.js?7008c182"></script>

<!-- don't scrape this data! just add .json or .log after the URL!
Full API docs: https://github.com/smogon/pokemon-showdown-client/blob/master/WEB-API.md -->
<script type="text/plain" class="log" id="replaylog-smogtours-gen3ou-804918">
|inactive|Battle timer is ON: inactive players will automatically lose when time's up.
|t:|1730837707
|gametype|singles
|player|p1|MeEsSm|#roaplxyorknewyanma|
|player|p2|bydy2|barry|
|teamsize|p1|6
|teamsize|p2|6
|gen|3
|tier|[Gen 3] OU
|rule|Sleep Clause Mod: Limit one foe put to sleep
|rule|Switch Priority Clause Mod: Faster Pokémon switch first
|rule|Species Clause: Limit one of each Pokémon
|rule|OHKO Clause: OHKO moves are banned
|rule|Evasion Items Clause: Evasion items are banned
|rule|Evasion Moves Clause: Evasion moves are banned
|rule|Endless Battle Clause: Forcing endless battles is banned
|rule|HP Percentage Mod: HP is shown in percentages
|rule|One Boost Passer Clause: Limit one Baton Passer that has a way to boost its stats
|rule|Freeze Clause Mod: Limit one foe frozen
|
|t:|1730837707
|start
|switch|p1a: Skarmory|Skarmory, M|100/100
|switch|p2a: Zapdos|Zapdos|100/100
|turn|1
|c|☆bydy2|glhf
|c|☆MeEsSm|hf
|
|t:|1730837737
|switch|p1a: Snorlax|Snorlax, F|100/100
|move|p2a: Zapdos|Substitute|p2a: Zapdos
|-start|p2a: Zapdos|Substitute
|-damage|p2a: Zapdos|76/100
|
|-heal|p2a: Zapdos|82/100|[from] item: Leftovers
|upkeep
|turn|2
|inactive|bydy2 has 270 seconds left.
|
|t:|1730837787
|move|p2a: Zapdos|Baton Pass|p2a: Zapdos
|
|t:|1730837788
|switch|p2a: Jirachi|Jirachi|100/100|[from] Baton Pass
|move|p1a: Snorlax|Earthquake|p2a: Jirachi
|-supereffective|p2a: Jirachi
|-end|p2a: Jirachi|Substitute
|
|upkeep
|turn|3
|
|t:|1730837811
|switch|p2a: Celebi|Celebi|100/100
|move|p1a: Snorlax|Body Slam|p2a: Celebi
|-crit|p2a: Celebi
|-damage|p2a: Celebi|28/100
|
|-heal|p2a: Celebi|34/100|[from] item: Leftovers
|upkeep
|turn|4
|c|+zacpz|do it for paddy V
|
|t:|1730837824
|move|p2a: Celebi|Giga Drain|p1a: Snorlax
|-damage|p1a: Snorlax|87/100
|-heal|p2a: Celebi|42/100|[from] drain|[of] p1a: Snorlax
|move|p1a: Snorlax|Shadow Ball|p2a: Celebi
|-supereffective|p2a: Celebi
|-damage|p2a: Celebi|0 fnt
|faint|p2a: Celebi
|c|☆MeEsSm|my no 4
|inactive|bydy2 has 240 seconds left.
|
|t:|1730837866
|switch|p2a: Zapdos|Zapdos|82/100
|
|-heal|p2a: Zapdos|88/100|[from] item: Leftovers
|-heal|p1a: Snorlax|93/100|[from] item: Leftovers
|upkeep
|turn|5
|
|t:|1730837873
|move|p2a: Zapdos|Thunderbolt|p1a: Snorlax
|-damage|p1a: Snorlax|64/100
|move|p1a: Snorlax|Body Slam|p2a: Zapdos
|-damage|p2a: Zapdos|38/100
|
|-heal|p2a: Zapdos|44/100|[from] item: Leftovers
|-heal|p1a: Snorlax|70/100|[from] item: Leftovers
|upkeep
|turn|6
|
|t:|1730837885
|move|p2a: Zapdos|Thunderbolt|p1a: Snorlax
|-damage|p1a: Snorlax|41/100
|-status|p1a: Snorlax|par
|move|p1a: Snorlax|Body Slam|p2a: Zapdos
|-crit|p2a: Zapdos
|-damage|p2a: Zapdos|0 fnt
|faint|p2a: Zapdos
|
|t:|1730837891
|switch|p2a: Dugtrio|Dugtrio, F, shiny|100/100
|
|-heal|p1a: Snorlax|47/100 par|[from] item: Leftovers
|upkeep
|turn|7
|
|t:|1730837900
|move|p2a: Dugtrio|Earthquake|p1a: Snorlax
|-damage|p1a: Snorlax|0 fnt
|faint|p1a: Snorlax
|
|t:|1730837908
|switch|p1a: Skarmory|Skarmory, M|100/100
|
|upkeep
|turn|8
|
|t:|1730837911
|switch|p2a: Raikou|Raikou, shiny|100/100
|move|p1a: Skarmory|Spikes|p2a: Raikou
|-sidestart|p2: bydy2|Spikes
|
|upkeep
|turn|9
|
|t:|1730837918
|move|p2a: Raikou|Substitute|p2a: Raikou
|-start|p2a: Raikou|Substitute
|-damage|p2a: Raikou|76/100
|move|p1a: Skarmory|Hidden Power|p2a: Raikou
|-supereffective|p2a: Raikou
|-end|p2a: Raikou|Substitute
|
|-heal|p2a: Raikou|82/100|[from] item: Leftovers
|upkeep
|turn|10
|
|t:|1730837929
|move|p2a: Raikou|Substitute|p2a: Raikou
|-start|p2a: Raikou|Substitute
|-damage|p2a: Raikou|57/100
|move|p1a: Skarmory|Hidden Power|p2a: Raikou
|-supereffective|p2a: Raikou
|-end|p2a: Raikou|Substitute
|
|-heal|p2a: Raikou|63/100|[from] item: Leftovers
|upkeep
|turn|11
|
|t:|1730837936
|move|p2a: Raikou|Thunderbolt|p1a: Skarmory
|-supereffective|p1a: Skarmory
|-damage|p1a: Skarmory|0 fnt
|faint|p1a: Skarmory
|
|t:|1730837957
|switch|p1a: Celebi|Celebi|100/100
|
|-heal|p2a: Raikou|69/100|[from] item: Leftovers
|upkeep
|turn|12
|
|t:|1730837973
|switch|p2a: Jirachi|Jirachi|100/100
|-damage|p2a: Jirachi|88/100|[from] Spikes
|move|p1a: Celebi|Swords Dance|p1a: Celebi
|-boost|p1a: Celebi|atk|2
|
|-heal|p2a: Jirachi|94/100|[from] item: Leftovers
|upkeep
|turn|13
|
|t:|1730837994
|move|p1a: Celebi|Swords Dance|p1a: Celebi
|-boost|p1a: Celebi|atk|2
|move|p2a: Jirachi|Substitute|p2a: Jirachi
|-start|p2a: Jirachi|Substitute
|-damage|p2a: Jirachi|69/100
|
|-heal|p2a: Jirachi|75/100|[from] item: Leftovers
|upkeep
|turn|14
|
|t:|1730838000
|move|p1a: Celebi|Hidden Power|p2a: Jirachi
|-end|p2a: Jirachi|Substitute
|move|p2a: Jirachi|Fire Punch|p1a: Celebi
|-supereffective|p1a: Celebi
|-damage|p1a: Celebi|65/100
|-status|p1a: Celebi|brn
|
|-heal|p1a: Celebi|71/100 brn|[from] item: Leftovers
|-damage|p1a: Celebi|59/100 brn|[from] brn
|-heal|p2a: Jirachi|82/100|[from] item: Leftovers
|upkeep
|turn|15
|
|t:|1730838009
|move|p1a: Celebi|Baton Pass|p1a: Celebi
|
|t:|1730838032
|-curestatus|p1a: Celebi|brn|[from] ability: Natural Cure
|switch|p1a: Suicune|Suicune|100/100|[from] Baton Pass
|move|p2a: Jirachi|Fire Punch|p1a: Suicune
|-resisted|p1a: Suicune
|-damage|p1a: Suicune|93/100
|-status|p1a: Suicune|brn
|
|-heal|p2a: Jirachi|88/100|[from] item: Leftovers
|-heal|p1a: Suicune|99/100 brn|[from] item: Leftovers
|-damage|p1a: Suicune|87/100 brn|[from] brn
|upkeep
|turn|16
|
|t:|1730838049
|move|p2a: Jirachi|Calm Mind|p2a: Jirachi
|-boost|p2a: Jirachi|spa|1
|-boost|p2a: Jirachi|spd|1
|move|p1a: Suicune|Calm Mind|p1a: Suicune
|-boost|p1a: Suicune|spa|1
|-boost|p1a: Suicune|spd|1
|
|-heal|p2a: Jirachi|94/100|[from] item: Leftovers
|-heal|p1a: Suicune|93/100 brn|[from] item: Leftovers
|-damage|p1a: Suicune|81/100 brn|[from] brn
|upkeep
|turn|17
|
|t:|1730838058
|move|p2a: Jirachi|Substitute|p2a: Jirachi
|-start|p2a: Jirachi|Substitute
|-damage|p2a: Jirachi|69/100
|move|p1a: Suicune|Calm Mind|p1a: Suicune
|-boost|p1a: Suicune|spa|1
|-boost|p1a: Suicune|spd|1
|
|-heal|p2a: Jirachi|75/100|[from] item: Leftovers
|-heal|p1a: Suicune|87/100 brn|[from] item: Leftovers
|-damage|p1a: Suicune|75/100 brn|[from] brn
|upkeep
|turn|18
|
|t:|1730838061
|move|p2a: Jirachi|Calm Mind|p2a: Jirachi
|-boost|p2a: Jirachi|spa|1
|-boost|p2a: Jirachi|spd|1
|move|p1a: Suicune|Roar|p2a: Jirachi
|drag|p2a: Dugtrio|Dugtrio, F, shiny|100/100
|-damage|p2a: Dugtrio|88/100|[from] Spikes
|
|-heal|p1a: Suicune|81/100 brn|[from] item: Leftovers
|-damage|p1a: Suicune|69/100 brn|[from] brn
|upkeep
|turn|19
|
|t:|1730838072
|move|p2a: Dugtrio|Earthquake|p1a: Suicune
|-damage|p1a: Suicune|26/100 brn
|move|p1a: Suicune|Surf|p2a: Dugtrio
|-supereffective|p2a: Dugtrio
|-damage|p2a: Dugtrio|0 fnt
|faint|p2a: Dugtrio
|
|t:|1730838074
|switch|p2a: Raikou|Raikou, shiny|69/100
|-damage|p2a: Raikou|57/100|[from] Spikes
|
|-heal|p2a: Raikou|63/100|[from] item: Leftovers
|-heal|p1a: Suicune|32/100 brn|[from] item: Leftovers
|-damage|p1a: Suicune|20/100 brn|[from] brn
|upkeep
|turn|20
|
|t:|1730838079
|move|p2a: Raikou|Thunderbolt|p1a: Suicune
|-supereffective|p1a: Suicune
|-damage|p1a: Suicune|0 fnt
|faint|p1a: Suicune
|
|t:|1730838087
|switch|p1a: Celebi|Celebi|59/100
|
|-heal|p2a: Raikou|69/100|[from] item: Leftovers
|-heal|p1a: Celebi|65/100|[from] item: Leftovers
|upkeep
|turn|21
|
|t:|1730838096
|move|p2a: Raikou|Substitute|p2a: Raikou
|-start|p2a: Raikou|Substitute
|-damage|p2a: Raikou|45/100
|move|p1a: Celebi|Swords Dance|p1a: Celebi
|-boost|p1a: Celebi|atk|2
|
|-heal|p2a: Raikou|51/100|[from] item: Leftovers
|-heal|p1a: Celebi|71/100|[from] item: Leftovers
|upkeep
|turn|22
|
|t:|1730838103
|move|p2a: Raikou|Calm Mind|p2a: Raikou
|-boost|p2a: Raikou|spa|1
|-boost|p2a: Raikou|spd|1
|move|p1a: Celebi|Ancient Power|p2a: Raikou
|-end|p2a: Raikou|Substitute
|
|-heal|p2a: Raikou|57/100|[from] item: Leftovers
|-heal|p1a: Celebi|77/100|[from] item: Leftovers
|upkeep
|turn|23
|inactive|bydy2 has 270 seconds left.
|
|t:|1730838140
|switch|p2a: Jirachi|Jirachi|75/100
|-damage|p2a: Jirachi|63/100|[from] Spikes
|move|p1a: Celebi|Ancient Power|p2a: Jirachi
|-resisted|p2a: Jirachi
|-damage|p2a: Jirachi|50/100
|
|-heal|p1a: Celebi|83/100|[from] item: Leftovers
|-heal|p2a: Jirachi|56/100|[from] item: Leftovers
|upkeep
|turn|24
|
|t:|1730838147
|move|p1a: Celebi|Hidden Power|p2a: Jirachi
|-damage|p2a: Jirachi|30/100
|move|p2a: Jirachi|Fire Punch|p1a: Celebi
|-supereffective|p1a: Celebi
|-damage|p1a: Celebi|51/100
|
|-heal|p1a: Celebi|57/100|[from] item: Leftovers
|-heal|p2a: Jirachi|36/100|[from] item: Leftovers
|upkeep
|turn|25
|
|t:|1730838154
|move|p1a: Celebi|Hidden Power|p2a: Jirachi
|-damage|p2a: Jirachi|10/100
|move|p2a: Jirachi|Fire Punch|p1a: Celebi
|-supereffective|p1a: Celebi
|-damage|p1a: Celebi|24/100
|
|-heal|p1a: Celebi|30/100|[from] item: Leftovers
|-heal|p2a: Jirachi|16/100|[from] item: Leftovers
|upkeep
|turn|26
|
|t:|1730838165
|move|p1a: Celebi|Hidden Power|p2a: Jirachi
|-damage|p2a: Jirachi|0 fnt
|faint|p2a: Jirachi
|
|t:|1730838168
|switch|p2a: Suicune|Suicune, shiny|100/100
|-damage|p2a: Suicune|88/100|[from] Spikes
|
|-heal|p1a: Celebi|37/100|[from] item: Leftovers
|-heal|p2a: Suicune|94/100|[from] item: Leftovers
|upkeep
|turn|27
|
|t:|1730838172
|move|p1a: Celebi|Baton Pass|p1a: Celebi
|
|t:|1730838174
|switch|p1a: Zapdos|Zapdos|100/100|[from] Baton Pass
|move|p2a: Suicune|Ice Beam|p1a: Zapdos
|-supereffective|p1a: Zapdos
|-damage|p1a: Zapdos|34/100
|
|-heal|p1a: Zapdos|40/100|[from] item: Leftovers
|-heal|p2a: Suicune|99/100|[from] item: Leftovers
|upkeep
|turn|28
|
|t:|1730838185
|move|p1a: Zapdos|Thunderbolt|p2a: Suicune
|-supereffective|p2a: Suicune
|-damage|p2a: Suicune|29/100
|move|p2a: Suicune|Ice Beam|p1a: Zapdos
|-supereffective|p1a: Zapdos
|-damage|p1a: Zapdos|0 fnt
|faint|p1a: Zapdos
|inactive|MeEsSm has 270 seconds left.
|
|t:|1730838232
|switch|p1a: Celebi|Celebi|37/100
|
|-heal|p1a: Celebi|43/100|[from] item: Leftovers
|-heal|p2a: Suicune|35/100|[from] item: Leftovers
|upkeep
|turn|29
|
|t:|1730838239
|move|p1a: Celebi|Ancient Power|p2a: Suicune
|-damage|p2a: Suicune|23/100
|move|p2a: Suicune|Ice Beam|p1a: Celebi
|-supereffective|p1a: Celebi
|-crit|p1a: Celebi
|-damage|p1a: Celebi|0 fnt
|faint|p1a: Celebi
|
|t:|1730838244
|switch|p1a: Scizor|Scizor, M|100/100
|
|-heal|p2a: Suicune|29/100|[from] item: Leftovers
|upkeep
|turn|30
|inactive|MeEsSm has 270 seconds left.
|
|t:|1730838266
|move|p2a: Suicune|Hydro Pump|p1a: Scizor
|-damage|p1a: Scizor|34/100
|move|p1a: Scizor|Agility|p1a: Scizor
|-boost|p1a: Scizor|spe|2
|
|-heal|p2a: Suicune|35/100|[from] item: Leftovers
|upkeep
|turn|31
|
|t:|1730838287
|move|p1a: Scizor|Silver Wind|p2a: Suicune
|-damage|p2a: Suicune|3/100
|move|p2a: Suicune|Calm Mind|p2a: Suicune
|-boost|p2a: Suicune|spa|1
|-boost|p2a: Suicune|spd|1
|
|-heal|p2a: Suicune|9/100|[from] item: Leftovers
|upkeep
|turn|32
|
|t:|1730838298
|move|p1a: Scizor|Silver Wind|p2a: Suicune
|-damage|p2a: Suicune|0 fnt
|faint|p2a: Suicune
|
|t:|1730838300
|switch|p2a: Raikou|Raikou, shiny|57/100
|-damage|p2a: Raikou|45/100|[from] Spikes
|
|-heal|p2a: Raikou|51/100|[from] item: Leftovers
|upkeep
|turn|33
|
|t:|1730838308
|move|p1a: Scizor|Silver Wind|p2a: Raikou
|-damage|p2a: Raikou|5/100
|move|p2a: Raikou|Thunderbolt|p1a: Scizor
|-damage|p1a: Scizor|0 fnt
|faint|p1a: Scizor
|
|win|bydy2

</script>
<script type="application/json" class="data" id="replaydata-smogtours-gen3ou-804918">
{"id":"smogtours-gen3ou-804918","format":"[Gen 3] OU","players":["MeEsSm","bydy2"],"uploadtime":1730838308,"views":50,"formatid":"gen3ou","rating":null,"private":0,"password":null}
</script>

<script defer src="js/replays.js?9d40a366"></script>
