<!DOCTYPE html>
<meta charset="utf-8" />
<meta name="viewport" content="width=device-width" />

<title>[Gen 3] OU: Dastardlydwarf vs. AutumnWailord - Replays - Pok&eacute;mon Showdown!</title>

<meta name="description" content="Watch a replay of a Pok&eacute;mon battle between Dastardlydwarf and AutumnWailord! Format: [Gen 3] OU; Date: Oct 13, 2024" />
<!--

Hey, you! Looking in the source for the replay log?

You can find them in JSON format, just add `.json` at the end of a replay URL.

https://replay.pokemonshowdown.com/gen7randomdoublesbattle-865046831.json

Or, if you only need the log itself, add `.log` instead:

https://replay.pokemonshowdown.com/gen7randomdoublesbattle-865046831.log

-->

<link rel="stylesheet" href="//pokemonshowdown.com/style/global.css?0.023195364461161105" />
<link rel="stylesheet" href="//play.pokemonshowdown.com/style/font-awesome.css?0.13261647063804238" />
<link rel="stylesheet" href="//play.pokemonshowdown.com/style/battle.css?0.8753245789963631" />
<link rel="stylesheet" href="//play.pokemonshowdown.com/style/utilichart.css?0.8627959624976733" />

<!-- Global site tag (gtag.js) - Google Analytics -->
<script async src="https://www.googletagmanager.com/gtag/js?id=UA-26211653-1"></script>
<script>
  window.dataLayer = window.dataLayer || [];
  function gtag(){dataLayer.push(arguments);}
  gtag('js', new Date());

  gtag('config', 'UA-26211653-1');
</script>
<!-- End Google Analytics -->
<!-- Venatus Ad Manager - Install in <HEAD> of page -->
	<script src="https://hb.vntsm.com/v3/live/ad-manager.min.js" type="text/javascript" data-site-id="642aba63ec9a7b11c3c9c1be" data-mode="scan" async></script>
<!-- / Venatus Ad Manager -->

<style>
	@media (max-width:820px) {
		.battle {
			margin: 0 auto;
		}
		.battle-log {
			margin: 7px auto 0;
			max-width: 640px;
			height: 300px;
			position: static;
		}
	}
	.optgroup {
		display: inline-block;
		line-height: 22px;
		font-size: 10pt;
	}
	.optgroup .button {
		height: 25px;
		padding-top: 0;
		padding-bottom: 0;
	}
	.optgroup button.button {
		padding-left: 12px;
		padding-right: 12px;
	}
	.linklist {
		list-style: none;
		margin: 0.5em 0;
		padding: 0;
	}
	.linklist li {
		padding: 2px 0;
	}
	.sidebar {
		float: left;
		width: 320px;
	}
	.bar-wrapper {
		max-width: 1100px;
		margin: 0 auto;
	}
	.bar-wrapper.has-sidebar {
		max-width: 1430px;
	}
	.mainbar {
		margin: 0;
		padding-right: 1px;
	}
	.mainbar.has-sidebar {
		margin-left: 330px;
	}
	@media (min-width: 1511px) {
		.sidebar {
			width: 400px;
		}
		.bar-wrapper.has-sidebar {
			max-width: 1510px;
		}
		.mainbar.has-sidebar {
			margin-left: 410px;
		}
	}
	.section.first-section {
		margin-top: 9px;
	}
	.blocklink small {
		white-space: normal;
	}
	.button {
		vertical-align: middle;
	}
	.replay-controls {
		padding-top: 10px;
	}
	.replay-controls h1 {
		font-size: 16pt;
		font-weight: normal;
		color: #CCC;
	}
	.pagelink {
		text-align: center;
	}
	.pagelink a {
		width: 150px;
	}
	.textbox, .button {
		font-size: 11pt;
		vertical-align: middle;
	}
	@media (max-width: 450px) {
		.button {
			font-size: 9pt;
		}
	}
</style>

<div>

	<header>
		<div class="nav-wrapper"><ul class="nav">
			<li><a class="button nav-first" href="//pokemonshowdown.com/"><img src="//pokemonshowdown.com/images/pokemonshowdownbeta.png" srcset="//pokemonshowdown.com/images/pokemonshowdownbeta.png 1x, //pokemonshowdown.com/images/pokemonshowdownbeta@2x.png 2x" alt="Pok&eacute;mon Showdown" width="146" height="44" /> Home</a></li>
			<li><a class="button" href="//pokemonshowdown.com/dex/">Pok&eacute;dex</a></li>
			<li><a class="button cur" href="/">Replays</a></li>
			<li><a class="button" href="//pokemonshowdown.com/ladder/">Ladder</a></li>
			<li><a class="button nav-last" href="//pokemonshowdown.com/forums/">Forum</a></li>
			<li><a class="button greenbutton nav-first nav-last" href="//play.pokemonshowdown.com/">Play</a></li>
		</ul></div>
	</header>

	<div class="main" id="main">

		<noscript><section class="section">You need to enable JavaScript to use this page; sorry!</section></noscript>

	</div>

</div>

<script defer nomodule src="//play.pokemonshowdown.com/js/lib/ps-polyfill.js"></script>
<script defer src="//play.pokemonshowdown.com/js/lib/preact.min.js"></script>

<script defer src="//play.pokemonshowdown.com/config/config.js?2bddbc15"></script>
<script defer src="//play.pokemonshowdown.com/js/lib/jquery-1.11.0.min.js"></script>
<script defer src="//play.pokemonshowdown.com/js/lib/html-sanitizer-minified.js"></script>
<script defer src="//play.pokemonshowdown.com/js/battle-sound.js"></script>
<script defer src="//play.pokemonshowdown.com/js/battledata.js?0.7209276989879541"></script>
<script defer src="//play.pokemonshowdown.com/data/pokedex-mini.js?0.6111056340867951"></script>
<script defer src="//play.pokemonshowdown.com/data/pokedex-mini-bw.js?0.3532142036491459"></script>
<script defer src="//play.pokemonshowdown.com/data/graphics.js?0.24223875632456182"></script>
<script defer src="//play.pokemonshowdown.com/data/pokedex.js?0.38839984266356864"></script>
<script defer src="//play.pokemonshowdown.com/data/moves.js?0.21866028504024015"></script>
<script defer src="//play.pokemonshowdown.com/data/abilities.js?0.2005157953846628"></script>
<script defer src="//play.pokemonshowdown.com/data/items.js?0.9894211263848525"></script>
<script defer src="//play.pokemonshowdown.com/data/teambuilder-tables.js?0.6008791140282215"></script>
<script defer src="//play.pokemonshowdown.com/js/battle-tooltips.js?0.7580118955022959"></script>
<script defer src="//play.pokemonshowdown.com/js/battle.js?0.6057722274234274"></script>

<script defer src="js/utils.js?e31f9a17"></script>
<script defer src="js/replays-battle.js?7008c182"></script>

<!-- don't scrape this data! just add .json or .log after the URL!
Full API docs: https://github.com/smogon/pokemon-showdown-client/blob/master/WEB-API.md -->
<script type="text/plain" class="log" id="replaylog-smogtours-gen3ou-798126">
|inactive|Battle timer is ON: inactive players will automatically lose when time's up.
|t:|1728836038
|gametype|singles
|player|p1|Dastardlydwarf|lacey|
|player|p2|AutumnWailord|skyla-masters2|
|teamsize|p1|6
|teamsize|p2|6
|gen|3
|tier|[Gen 3] OU
|rule|Sleep Clause Mod: Limit one foe put to sleep
|rule|Switch Priority Clause Mod: Faster Pokémon switch first
|rule|Species Clause: Limit one of each Pokémon
|rule|OHKO Clause: OHKO moves are banned
|rule|Evasion Items Clause: Evasion items are banned
|rule|Evasion Moves Clause: Evasion moves are banned
|rule|Endless Battle Clause: Forcing endless battles is banned
|rule|HP Percentage Mod: HP is shown in percentages
|rule|One Boost Passer Clause: Limit one Baton Passer that has a way to boost its stats
|rule|Freeze Clause Mod: Limit one foe frozen
|
|t:|1728836038
|start
|switch|p1a: Tyranitar|Tyranitar, F|100/100
|switch|p2a: Red|Breloom, M, shiny|100/100
|-weather|Sandstorm|[from] ability: Sand Stream|[of] p1a: Tyranitar
|turn|1
|
|t:|1728836052
|switch|p1a: Zapdos|Zapdos|100/100
|move|p2a: Red|Spore|p1a: Zapdos
|-status|p1a: Zapdos|slp|[from] move: Spore
|
|-weather|Sandstorm|[upkeep]
|-damage|p1a: Zapdos|94/100 slp|[from] Sandstorm
|-damage|p2a: Red|94/100|[from] Sandstorm
|-heal|p1a: Zapdos|100/100 slp|[from] item: Leftovers
|-heal|p2a: Red|100/100|[from] item: Leftovers
|upkeep
|turn|2
|
|t:|1728836067
|switch|p1a: Gengar|Gengar, M|100/100
|move|p2a: Red|Substitute|p2a: Red
|-start|p2a: Red|Substitute
|-damage|p2a: Red|76/100
|
|-weather|Sandstorm|[upkeep]
|-damage|p1a: Gengar|94/100|[from] Sandstorm
|-damage|p2a: Red|69/100|[from] Sandstorm
|-heal|p1a: Gengar|100/100|[from] item: Leftovers
|-heal|p2a: Red|76/100|[from] item: Leftovers
|upkeep
|turn|3
|
|t:|1728836077
|move|p1a: Gengar|Taunt|p2a: Red
|-start|p2a: Red|move: Taunt
|move|p2a: Red|Hidden Power|p1a: Gengar
|-supereffective|p1a: Gengar
|-damage|p1a: Gengar|6/100
|
|-weather|Sandstorm|[upkeep]
|-damage|p1a: Gengar|0 fnt|[from] Sandstorm
|-damage|p2a: Red|69/100|[from] Sandstorm
|faint|p1a: Gengar
|-heal|p2a: Red|76/100|[from] item: Leftovers
|upkeep
|
|t:|1728836089
|switch|p1a: Skarmory|Skarmory, F|100/100
|turn|4
|
|t:|1728836092
|-singleturn|p2a: Red|move: Focus Punch
|move|p1a: Skarmory|Spikes|p2a: Red
|-sidestart|p2: AutumnWailord|Spikes
|move|p2a: Red|Focus Punch|p1a: Skarmory
|-crit|p1a: Skarmory
|-damage|p1a: Skarmory|0 fnt
|faint|p1a: Skarmory
|
|t:|1728836110
|switch|p1a: Aerodactyl|Aerodactyl, M|100/100
|
|-weather|Sandstorm|[upkeep]
|-damage|p2a: Red|69/100|[from] Sandstorm
|-heal|p2a: Red|76/100|[from] item: Leftovers
|-end|p2a: Red|move: Taunt|[silent]
|upkeep
|turn|5
|
|t:|1728836115
|-singleturn|p2a: Red|move: Focus Punch
|move|p1a: Aerodactyl|Hidden Power|p2a: Red
|-supereffective|p2a: Red
|-end|p2a: Red|Substitute
|move|p2a: Red|Focus Punch|p1a: Aerodactyl
|-damage|p1a: Aerodactyl|0 fnt
|faint|p1a: Aerodactyl
|
|t:|1728836127
|switch|p1a: Tyranitar|Tyranitar, F|100/100
|
|-weather|Sandstorm|[upkeep]
|-damage|p2a: Red|69/100|[from] Sandstorm
|-heal|p2a: Red|76/100|[from] item: Leftovers
|upkeep
|turn|6
|
|t:|1728836136
|switch|p2a: Violet|Swampert, M, shiny|100/100
|-damage|p2a: Violet|88/100|[from] Spikes
|move|p1a: Tyranitar|Hidden Power|p2a: Violet
|-damage|p2a: Violet|70/100
|
|-weather|Sandstorm|[upkeep]
|-heal|p2a: Violet|77/100|[from] item: Leftovers
|upkeep
|turn|7
|
|t:|1728836145
|switch|p1a: Swampert|Swampert, F|100/100
|move|p2a: Violet|Earthquake|p1a: Swampert
|-damage|p1a: Swampert|76/100
|
|-weather|Sandstorm|[upkeep]
|-heal|p2a: Violet|83/100|[from] item: Leftovers
|-heal|p1a: Swampert|82/100|[from] item: Leftovers
|upkeep
|turn|8
|
|t:|1728836153
|move|p2a: Violet|Toxic|p1a: Swampert
|-status|p1a: Swampert|tox
|move|p1a: Swampert|Toxic|p2a: Violet
|-status|p2a: Violet|tox
|
|-weather|Sandstorm|[upkeep]
|-heal|p2a: Violet|89/100 tox|[from] item: Leftovers
|-damage|p2a: Violet|83/100 tox|[from] psn
|-heal|p1a: Swampert|88/100 tox|[from] item: Leftovers
|-damage|p1a: Swampert|82/100 tox|[from] psn
|upkeep
|turn|9
|
|t:|1728836165
|move|p2a: Violet|Earthquake|p1a: Swampert
|-damage|p1a: Swampert|56/100 tox
|move|p1a: Swampert|Refresh|p1a: Swampert
|-curestatus|p1a: Swampert|tox|[msg]
|
|-weather|Sandstorm|[upkeep]
|-heal|p2a: Violet|89/100 tox|[from] item: Leftovers
|-damage|p2a: Violet|77/100 tox|[from] psn
|-heal|p1a: Swampert|62/100|[from] item: Leftovers
|upkeep
|turn|10
|
|t:|1728836174
|move|p2a: Violet|Toxic|p1a: Swampert
|-status|p1a: Swampert|tox
|move|p1a: Swampert|Surf|p2a: Violet
|-damage|p2a: Violet|50/100 tox
|
|-weather|Sandstorm|[upkeep]
|-heal|p2a: Violet|56/100 tox|[from] item: Leftovers
|-damage|p2a: Violet|37/100 tox|[from] psn
|-heal|p1a: Swampert|68/100 tox|[from] item: Leftovers
|-damage|p1a: Swampert|62/100 tox|[from] psn
|upkeep
|turn|11
|
|t:|1728836184
|move|p2a: Violet|Earthquake|p1a: Swampert
|-damage|p1a: Swampert|37/100 tox
|move|p1a: Swampert|Refresh|p1a: Swampert
|-curestatus|p1a: Swampert|tox|[msg]
|
|-weather|Sandstorm|[upkeep]
|-heal|p2a: Violet|43/100 tox|[from] item: Leftovers
|-damage|p2a: Violet|19/100 tox|[from] psn
|-heal|p1a: Swampert|43/100|[from] item: Leftovers
|upkeep
|turn|12
|
|t:|1728836195
|switch|p1a: Zapdos|Zapdos|100/100 slp
|move|p2a: Violet|Toxic||[still]
|-fail|p2a: Violet
|
|-weather|Sandstorm|[upkeep]
|-damage|p1a: Zapdos|94/100 slp|[from] Sandstorm
|-heal|p1a: Zapdos|100/100 slp|[from] item: Leftovers
|-heal|p2a: Violet|25/100 tox|[from] item: Leftovers
|-damage|p2a: Violet|0 fnt|[from] psn
|faint|p2a: Violet
|upkeep
|
|t:|1728836203
|switch|p2a: Green|Tyranitar, M|100/100
|-damage|p2a: Green|88/100|[from] Spikes
|turn|13
|
|t:|1728836208
|switch|p1a: Swampert|Swampert, F|43/100
|move|p2a: Green|Dragon Dance|p2a: Green
|-boost|p2a: Green|atk|1
|-boost|p2a: Green|spe|1
|
|-weather|Sandstorm|[upkeep]
|-heal|p2a: Green|94/100|[from] item: Leftovers
|-heal|p1a: Swampert|49/100|[from] item: Leftovers
|upkeep
|turn|14
|
|t:|1728836216
|move|p2a: Green|Dragon Dance|p2a: Green
|-boost|p2a: Green|atk|1
|-boost|p2a: Green|spe|1
|move|p1a: Swampert|Surf|p2a: Green
|-supereffective|p2a: Green
|-damage|p2a: Green|48/100
|
|-weather|Sandstorm|[upkeep]
|-heal|p2a: Green|54/100|[from] item: Leftovers
|-heal|p1a: Swampert|55/100|[from] item: Leftovers
|upkeep
|turn|15
|
|t:|1728836233
|move|p2a: Green|Dragon Dance|p2a: Green
|-boost|p2a: Green|atk|1
|-boost|p2a: Green|spe|1
|move|p1a: Swampert|Surf|p2a: Green
|-supereffective|p2a: Green
|-damage|p2a: Green|2/100
|
|-weather|Sandstorm|[upkeep]
|-heal|p2a: Green|9/100|[from] item: Leftovers
|-heal|p1a: Swampert|62/100|[from] item: Leftovers
|upkeep
|turn|16
|
|t:|1728836247
|move|p1a: Swampert|Protect|p1a: Swampert
|-singleturn|p1a: Swampert|Protect
|move|p2a: Green|Earthquake|p1a: Swampert
|-activate|p1a: Swampert|Protect
|
|-weather|Sandstorm|[upkeep]
|-heal|p2a: Green|15/100|[from] item: Leftovers
|-heal|p1a: Swampert|68/100|[from] item: Leftovers
|upkeep
|turn|17
|
|t:|1728836255
|move|p2a: Green|Earthquake|p1a: Swampert
|-damage|p1a: Swampert|8/100
|move|p1a: Swampert|Surf|p2a: Green
|-supereffective|p2a: Green
|-damage|p2a: Green|0 fnt
|faint|p2a: Green
|
|t:|1728836266
|switch|p2a: Orange|Charizard, M|100/100
|
|-weather|Sandstorm|[upkeep]
|-damage|p2a: Orange|94/100|[from] Sandstorm
|-heal|p2a: Orange|100/100|[from] item: Leftovers
|-heal|p1a: Swampert|14/100|[from] item: Leftovers
|upkeep
|turn|18
|
|t:|1728836272
|move|p2a: Orange|Substitute|p2a: Orange
|-start|p2a: Orange|Substitute
|-damage|p2a: Orange|76/100
|move|p1a: Swampert|Surf|p2a: Orange
|-supereffective|p2a: Orange
|-end|p2a: Orange|Substitute
|
|-weather|Sandstorm|[upkeep]
|-damage|p2a: Orange|70/100|[from] Sandstorm
|-heal|p2a: Orange|76/100|[from] item: Leftovers
|-heal|p1a: Swampert|21/100|[from] item: Leftovers
|upkeep
|turn|19
|
|t:|1728836282
|move|p2a: Orange|Fire Blast|p1a: Swampert
|-resisted|p1a: Swampert
|-damage|p1a: Swampert|0 fnt
|faint|p1a: Swampert
|
|t:|1728836287
|switch|p1a: Tyranitar|Tyranitar, F|100/100
|
|-weather|Sandstorm|[upkeep]
|-damage|p2a: Orange|70/100|[from] Sandstorm
|-heal|p2a: Orange|76/100|[from] item: Leftovers
|upkeep
|turn|20
|
|t:|1728836299
|move|p2a: Orange|Substitute|p2a: Orange
|-start|p2a: Orange|Substitute
|-damage|p2a: Orange|51/100
|move|p1a: Tyranitar|Rock Slide|p2a: Orange
|-supereffective|p2a: Orange
|-end|p2a: Orange|Substitute
|
|-weather|Sandstorm|[upkeep]
|-damage|p2a: Orange|45/100|[from] Sandstorm
|-heal|p2a: Orange|51/100|[from] item: Leftovers
|upkeep
|turn|21
|
|t:|1728836308
|move|p2a: Orange|Substitute|p2a: Orange
|-start|p2a: Orange|Substitute
|-damage|p2a: Orange|26/100
|move|p1a: Tyranitar|Rock Slide|p2a: Orange
|-supereffective|p2a: Orange
|-end|p2a: Orange|Substitute
|
|-weather|Sandstorm|[upkeep]
|-damage|p2a: Orange|20/100|[from] Sandstorm
|-heal|p2a: Orange|26/100|[from] item: Leftovers
|upkeep
|turn|22
|
|t:|1728836318
|move|p2a: Orange|Fire Blast|p1a: Tyranitar
|-resisted|p1a: Tyranitar
|-crit|p1a: Tyranitar
|-damage|p1a: Tyranitar|34/100
|move|p1a: Tyranitar|Rock Slide|p2a: Orange
|-supereffective|p2a: Orange
|-damage|p2a: Orange|0 fnt
|faint|p2a: Orange
|
|t:|1728836326
|switch|p2a: Yelow|Jolteon, M|100/100
|-damage|p2a: Yelow|88/100|[from] Spikes
|
|-weather|Sandstorm|[upkeep]
|-damage|p2a: Yelow|82/100|[from] Sandstorm
|-heal|p2a: Yelow|88/100|[from] item: Leftovers
|-heal|p1a: Tyranitar|40/100|[from] item: Leftovers
|upkeep
|turn|23
|
|t:|1728836335
|move|p2a: Yelow|Thunderbolt|p1a: Tyranitar
|-damage|p1a: Tyranitar|2/100
|move|p1a: Tyranitar|Earthquake|p2a: Yelow
|-supereffective|p2a: Yelow
|-damage|p2a: Yelow|0 fnt
|faint|p2a: Yelow
|
|t:|1728836347
|switch|p2a: Red|Breloom, M, shiny|76/100
|-damage|p2a: Red|63/100|[from] Spikes
|
|-weather|Sandstorm|[upkeep]
|-damage|p2a: Red|57/100|[from] Sandstorm
|-heal|p2a: Red|63/100|[from] item: Leftovers
|-heal|p1a: Tyranitar|8/100|[from] item: Leftovers
|upkeep
|turn|24
|
|t:|1728836357
|move|p2a: Red|Hidden Power|p1a: Tyranitar
|-resisted|p1a: Tyranitar
|-damage|p1a: Tyranitar|0 fnt
|faint|p1a: Tyranitar
|
|t:|1728836361
|switch|p1a: Zapdos|Zapdos|100/100 slp
|
|-weather|Sandstorm|[upkeep]
|-damage|p1a: Zapdos|94/100 slp|[from] Sandstorm
|-damage|p2a: Red|57/100|[from] Sandstorm
|-heal|p1a: Zapdos|100/100 slp|[from] item: Leftovers
|-heal|p2a: Red|63/100|[from] item: Leftovers
|upkeep
|turn|25
|
|t:|1728836369
|cant|p1a: Zapdos|slp
|move|p2a: Red|Substitute|p2a: Red
|-start|p2a: Red|Substitute
|-damage|p2a: Red|38/100
|
|-weather|Sandstorm|[upkeep]
|-damage|p1a: Zapdos|94/100 slp|[from] Sandstorm
|-damage|p2a: Red|32/100|[from] Sandstorm
|-heal|p1a: Zapdos|100/100 slp|[from] item: Leftovers
|-heal|p2a: Red|38/100|[from] item: Leftovers
|upkeep
|turn|26
|
|t:|1728836378
|-singleturn|p2a: Red|move: Focus Punch
|cant|p1a: Zapdos|slp
|move|p2a: Red|Focus Punch|p1a: Zapdos
|-resisted|p1a: Zapdos
|-damage|p1a: Zapdos|61/100 slp
|
|-weather|Sandstorm|[upkeep]
|-damage|p1a: Zapdos|55/100 slp|[from] Sandstorm
|-damage|p2a: Red|32/100|[from] Sandstorm
|-heal|p1a: Zapdos|61/100 slp|[from] item: Leftovers
|-heal|p2a: Red|38/100|[from] item: Leftovers
|upkeep
|turn|27
|
|t:|1728836392
|-singleturn|p2a: Red|move: Focus Punch
|cant|p1a: Zapdos|slp
|move|p2a: Red|Focus Punch|p1a: Zapdos
|-resisted|p1a: Zapdos
|-damage|p1a: Zapdos|18/100 slp
|
|-weather|Sandstorm|[upkeep]
|-damage|p1a: Zapdos|12/100 slp|[from] Sandstorm
|-damage|p2a: Red|32/100|[from] Sandstorm
|-heal|p1a: Zapdos|18/100 slp|[from] item: Leftovers
|-heal|p2a: Red|38/100|[from] item: Leftovers
|upkeep
|turn|28
|-message|Dastardlydwarf forfeited.
|
|win|AutumnWailord

</script>
<script type="application/json" class="data" id="replaydata-smogtours-gen3ou-798126">
{"id":"smogtours-gen3ou-798126","format":"[Gen 3] OU","players":["Dastardlydwarf","AutumnWailord"],"uploadtime":1728836401,"views":89,"formatid":"gen3ou","rating":null,"private":0,"password":null}
</script>

<script defer src="js/replays.js?9d40a366"></script>
