<!DOCTYPE html>
<meta charset="utf-8" />
<meta name="viewport" content="width=device-width" />

<title>[Gen 3] OU: 3 blades vs. prof clue - Replays - Pok&eacute;mon Showdown!</title>

<meta name="description" content="Watch a replay of a Pok&eacute;mon battle between 3 blades and prof clue! Format: [Gen 3] OU; Date: Oct 18, 2024" />
<!--

Hey, you! Looking in the source for the replay log?

You can find them in JSON format, just add `.json` at the end of a replay URL.

https://replay.pokemonshowdown.com/gen7randomdoublesbattle-865046831.json

Or, if you only need the log itself, add `.log` instead:

https://replay.pokemonshowdown.com/gen7randomdoublesbattle-865046831.log

-->

<link rel="stylesheet" href="//pokemonshowdown.com/style/global.css?0.023195364461161105" />
<link rel="stylesheet" href="//play.pokemonshowdown.com/style/font-awesome.css?0.13261647063804238" />
<link rel="stylesheet" href="//play.pokemonshowdown.com/style/battle.css?0.8753245789963631" />
<link rel="stylesheet" href="//play.pokemonshowdown.com/style/utilichart.css?0.8627959624976733" />

<!-- Global site tag (gtag.js) - Google Analytics -->
<script async src="https://www.googletagmanager.com/gtag/js?id=UA-26211653-1"></script>
<script>
  window.dataLayer = window.dataLayer || [];
  function gtag(){dataLayer.push(arguments);}
  gtag('js', new Date());

  gtag('config', 'UA-26211653-1');
</script>
<!-- End Google Analytics -->
<!-- Venatus Ad Manager - Install in <HEAD> of page -->
	<script src="https://hb.vntsm.com/v3/live/ad-manager.min.js" type="text/javascript" data-site-id="642aba63ec9a7b11c3c9c1be" data-mode="scan" async></script>
<!-- / Venatus Ad Manager -->

<style>
	@media (max-width:820px) {
		.battle {
			margin: 0 auto;
		}
		.battle-log {
			margin: 7px auto 0;
			max-width: 640px;
			height: 300px;
			position: static;
		}
	}
	.optgroup {
		display: inline-block;
		line-height: 22px;
		font-size: 10pt;
	}
	.optgroup .button {
		height: 25px;
		padding-top: 0;
		padding-bottom: 0;
	}
	.optgroup button.button {
		padding-left: 12px;
		padding-right: 12px;
	}
	.linklist {
		list-style: none;
		margin: 0.5em 0;
		padding: 0;
	}
	.linklist li {
		padding: 2px 0;
	}
	.sidebar {
		float: left;
		width: 320px;
	}
	.bar-wrapper {
		max-width: 1100px;
		margin: 0 auto;
	}
	.bar-wrapper.has-sidebar {
		max-width: 1430px;
	}
	.mainbar {
		margin: 0;
		padding-right: 1px;
	}
	.mainbar.has-sidebar {
		margin-left: 330px;
	}
	@media (min-width: 1511px) {
		.sidebar {
			width: 400px;
		}
		.bar-wrapper.has-sidebar {
			max-width: 1510px;
		}
		.mainbar.has-sidebar {
			margin-left: 410px;
		}
	}
	.section.first-section {
		margin-top: 9px;
	}
	.blocklink small {
		white-space: normal;
	}
	.button {
		vertical-align: middle;
	}
	.replay-controls {
		padding-top: 10px;
	}
	.replay-controls h1 {
		font-size: 16pt;
		font-weight: normal;
		color: #CCC;
	}
	.pagelink {
		text-align: center;
	}
	.pagelink a {
		width: 150px;
	}
	.textbox, .button {
		font-size: 11pt;
		vertical-align: middle;
	}
	@media (max-width: 450px) {
		.button {
			font-size: 9pt;
		}
	}
</style>

<div>

	<header>
		<div class="nav-wrapper"><ul class="nav">
			<li><a class="button nav-first" href="//pokemonshowdown.com/"><img src="//pokemonshowdown.com/images/pokemonshowdownbeta.png" srcset="//pokemonshowdown.com/images/pokemonshowdownbeta.png 1x, //pokemonshowdown.com/images/pokemonshowdownbeta@2x.png 2x" alt="Pok&eacute;mon Showdown" width="146" height="44" /> Home</a></li>
			<li><a class="button" href="//pokemonshowdown.com/dex/">Pok&eacute;dex</a></li>
			<li><a class="button cur" href="/">Replays</a></li>
			<li><a class="button" href="//pokemonshowdown.com/ladder/">Ladder</a></li>
			<li><a class="button nav-last" href="//pokemonshowdown.com/forums/">Forum</a></li>
			<li><a class="button greenbutton nav-first nav-last" href="//play.pokemonshowdown.com/">Play</a></li>
		</ul></div>
	</header>

	<div class="main" id="main">

		<noscript><section class="section">You need to enable JavaScript to use this page; sorry!</section></noscript>

	</div>

</div>

<script defer nomodule src="//play.pokemonshowdown.com/js/lib/ps-polyfill.js"></script>
<script defer src="//play.pokemonshowdown.com/js/lib/preact.min.js"></script>

<script defer src="//play.pokemonshowdown.com/config/config.js?2bddbc15"></script>
<script defer src="//play.pokemonshowdown.com/js/lib/jquery-1.11.0.min.js"></script>
<script defer src="//play.pokemonshowdown.com/js/lib/html-sanitizer-minified.js"></script>
<script defer src="//play.pokemonshowdown.com/js/battle-sound.js"></script>
<script defer src="//play.pokemonshowdown.com/js/battledata.js?0.7209276989879541"></script>
<script defer src="//play.pokemonshowdown.com/data/pokedex-mini.js?0.6111056340867951"></script>
<script defer src="//play.pokemonshowdown.com/data/pokedex-mini-bw.js?0.3532142036491459"></script>
<script defer src="//play.pokemonshowdown.com/data/graphics.js?0.24223875632456182"></script>
<script defer src="//play.pokemonshowdown.com/data/pokedex.js?0.38839984266356864"></script>
<script defer src="//play.pokemonshowdown.com/data/moves.js?0.21866028504024015"></script>
<script defer src="//play.pokemonshowdown.com/data/abilities.js?0.2005157953846628"></script>
<script defer src="//play.pokemonshowdown.com/data/items.js?0.9894211263848525"></script>
<script defer src="//play.pokemonshowdown.com/data/teambuilder-tables.js?0.6008791140282215"></script>
<script defer src="//play.pokemonshowdown.com/js/battle-tooltips.js?0.7580118955022959"></script>
<script defer src="//play.pokemonshowdown.com/js/battle.js?0.6057722274234274"></script>

<script defer src="js/utils.js?e31f9a17"></script>
<script defer src="js/replays-battle.js?7008c182"></script>

<!-- don't scrape this data! just add .json or .log after the URL!
Full API docs: https://github.com/smogon/pokemon-showdown-client/blob/master/WEB-API.md -->
<script type="text/plain" class="log" id="replaylog-smogtours-gen3ou-799728">
|inactive|Battle timer is ON: inactive players will automatically lose when time's up.
|t:|1729288549
|gametype|singles
|player|p1|3 blades|guzma|
|player|p2|prof clue|ruinmaniac-gen3rs|
|teamsize|p1|6
|teamsize|p2|6
|gen|3
|tier|[Gen 3] OU
|rule|Sleep Clause Mod: Limit one foe put to sleep
|rule|Switch Priority Clause Mod: Faster Pokémon switch first
|rule|Species Clause: Limit one of each Pokémon
|rule|OHKO Clause: OHKO moves are banned
|rule|Evasion Items Clause: Evasion items are banned
|rule|Evasion Moves Clause: Evasion moves are banned
|rule|Endless Battle Clause: Forcing endless battles is banned
|rule|HP Percentage Mod: HP is shown in percentages
|rule|One Boost Passer Clause: Limit one Baton Passer that has a way to boost its stats
|rule|Freeze Clause Mod: Limit one foe frozen
|
|t:|1729288549
|start
|switch|p1a: GOLDEN EXPERIENCE|Zapdos|100/100
|switch|p2a: Blastem|Salamence, M|100/100
|-ability|p2a: Blastem|Intimidate|boost
|-unboost|p1a: GOLDEN EXPERIENCE|atk|1
|turn|1
|c|☆prof clue|let's give it our best!
|c|☆3 blades|hfhf
|inactive|3 blades has 270 seconds left.
|
|t:|1729288595
|switch|p2a: Bluebellied|Tyranitar, M|100/100
|-weather|Sandstorm|[from] ability: Sand Stream|[of] p2a: Bluebellied
|move|p1a: GOLDEN EXPERIENCE|Toxic|p2a: Bluebellied|[miss]
|-miss|p1a: GOLDEN EXPERIENCE|p2a: Bluebellied
|
|-weather|Sandstorm|[upkeep]
|-damage|p1a: GOLDEN EXPERIENCE|94/100|[from] Sandstorm
|-heal|p1a: GOLDEN EXPERIENCE|100/100|[from] item: Leftovers
|upkeep
|turn|2
|
|t:|1729288606
|switch|p1a: D4C|Suicune|100/100
|switch|p2a: protag|Forretress, F, shiny|100/100
|
|-weather|Sandstorm|[upkeep]
|-damage|p1a: D4C|94/100|[from] Sandstorm
|-heal|p1a: D4C|100/100|[from] item: Leftovers
|upkeep
|turn|3
|inactive|3 blades has 270 seconds left.
|
|t:|1729288662
|switch|p1a: TUSK|Charizard, M|100/100
|switch|p2a: ralph|Blissey, F|100/100
|
|-weather|Sandstorm|[upkeep]
|-damage|p1a: TUSK|94/100|[from] Sandstorm
|-damage|p2a: ralph|94/100|[from] Sandstorm
|-heal|p1a: TUSK|100/100|[from] item: Leftovers
|-heal|p2a: ralph|100/100|[from] item: Leftovers
|upkeep
|turn|4
|
|t:|1729288675
|move|p1a: TUSK|Beat Up|p2a: ralph
|-damage|p2a: ralph|91/100
|-damage|p2a: ralph|76/100
|-damage|p2a: ralph|67/100
|-damage|p2a: ralph|54/100
|-damage|p2a: ralph|46/100
|-damage|p2a: ralph|32/100
|-hitcount|p2a: ralph|6
|move|p2a: ralph|Seismic Toss|p1a: TUSK
|-damage|p1a: TUSK|67/100
|
|-weather|Sandstorm|[upkeep]
|-damage|p1a: TUSK|61/100|[from] Sandstorm
|-damage|p2a: ralph|25/100|[from] Sandstorm
|-heal|p1a: TUSK|67/100|[from] item: Leftovers
|-heal|p2a: ralph|32/100|[from] item: Leftovers
|upkeep
|turn|5
|inactive|3 blades has 240 seconds left.
|
|t:|1729288702
|switch|p1a: HERMIT PURPLE|Metagross|100/100
|switch|p2a: Bluebellied|Tyranitar, M|100/100
|
|-weather|Sandstorm|[upkeep]
|upkeep
|turn|6
|
|t:|1729288711
|move|p1a: HERMIT PURPLE|Meteor Mash|p2a: Bluebellied
|-supereffective|p2a: Bluebellied
|-damage|p2a: Bluebellied|29/100
|move|p2a: Bluebellied|Fire Blast|p1a: HERMIT PURPLE
|-supereffective|p1a: HERMIT PURPLE
|-damage|p1a: HERMIT PURPLE|9/100
|
|-weather|Sandstorm|[upkeep]
|-heal|p1a: HERMIT PURPLE|15/100|[from] item: Leftovers
|-heal|p2a: Bluebellied|35/100|[from] item: Leftovers
|upkeep
|turn|7
|
|t:|1729288731
|move|p1a: HERMIT PURPLE|Meteor Mash|p2a: Bluebellied
|-supereffective|p2a: Bluebellied
|-damage|p2a: Bluebellied|0 fnt
|-boost|p1a: HERMIT PURPLE|atk|1
|faint|p2a: Bluebellied
|
|t:|1729288737
|switch|p2a: house plant|Aerodactyl, M|100/100
|
|-weather|Sandstorm|[upkeep]
|-heal|p1a: HERMIT PURPLE|21/100|[from] item: Leftovers
|upkeep
|turn|8
|
|t:|1729288742
|switch|p1a: KILLER QUEEN|Salamence, M|100/100
|-ability|p1a: KILLER QUEEN|Intimidate|boost
|-unboost|p2a: house plant|atk|1
|move|p2a: house plant|Rock Slide|p1a: KILLER QUEEN
|-supereffective|p1a: KILLER QUEEN
|-damage|p1a: KILLER QUEEN|24/100
|
|-weather|Sandstorm|[upkeep]
|-damage|p1a: KILLER QUEEN|17/100|[from] Sandstorm
|-heal|p1a: KILLER QUEEN|24/100|[from] item: Leftovers
|upkeep
|turn|9
|inactive|3 blades has 270 seconds left.
|
|t:|1729288768
|move|p2a: house plant|Rock Slide|p1a: KILLER QUEEN
|-supereffective|p1a: KILLER QUEEN
|-damage|p1a: KILLER QUEEN|0 fnt
|faint|p1a: KILLER QUEEN
|
|t:|1729288770
|switch|p1a: HERMIT PURPLE|Metagross|21/100
|
|-weather|Sandstorm|[upkeep]
|-heal|p1a: HERMIT PURPLE|28/100|[from] item: Leftovers
|upkeep
|turn|10
|
|t:|1729288779
|switch|p2a: Bwm|Jirachi|100/100
|move|p1a: HERMIT PURPLE|Hidden Power|p2a: Bwm
|-supereffective|p2a: Bwm
|-damage|p2a: Bwm|63/100
|
|-weather|Sandstorm|[upkeep]
|-heal|p2a: Bwm|70/100|[from] item: Leftovers
|-heal|p1a: HERMIT PURPLE|34/100|[from] item: Leftovers
|upkeep
|turn|11
|inactive|prof clue has 270 seconds left.
|
|t:|1729288806
|switch|p1a: GOLDEN EXPERIENCE|Zapdos|100/100
|move|p2a: Bwm|Fire Punch|p1a: GOLDEN EXPERIENCE
|-damage|p1a: GOLDEN EXPERIENCE|81/100
|
|-weather|Sandstorm|[upkeep]
|-damage|p1a: GOLDEN EXPERIENCE|75/100|[from] Sandstorm
|-heal|p1a: GOLDEN EXPERIENCE|81/100|[from] item: Leftovers
|-heal|p2a: Bwm|76/100|[from] item: Leftovers
|upkeep
|turn|12
|
|t:|1729288815
|move|p2a: Bwm|Protect|p2a: Bwm
|-singleturn|p2a: Bwm|Protect
|move|p1a: GOLDEN EXPERIENCE|Sunny Day|p1a: GOLDEN EXPERIENCE
|-weather|SunnyDay
|
|-weather|SunnyDay|[upkeep]
|-heal|p1a: GOLDEN EXPERIENCE|88/100|[from] item: Leftovers
|-heal|p2a: Bwm|82/100|[from] item: Leftovers
|upkeep
|turn|13
|
|t:|1729288823
|switch|p1a: TUSK|Charizard, M|67/100
|move|p2a: Bwm|Toxic|p1a: TUSK
|-status|p1a: TUSK|tox
|
|-weather|SunnyDay|[upkeep]
|-heal|p1a: TUSK|73/100 tox|[from] item: Leftovers
|-damage|p1a: TUSK|67/100 tox|[from] psn
|-heal|p2a: Bwm|88/100|[from] item: Leftovers
|upkeep
|turn|14
|
|t:|1729288832
|move|p2a: Bwm|Protect|p2a: Bwm
|-singleturn|p2a: Bwm|Protect
|move|p1a: TUSK|Flamethrower|p2a: Bwm
|-activate|p2a: Bwm|Protect
|
|-weather|SunnyDay|[upkeep]
|-heal|p1a: TUSK|73/100 tox|[from] item: Leftovers
|-damage|p1a: TUSK|61/100 tox|[from] psn
|-heal|p2a: Bwm|94/100|[from] item: Leftovers
|upkeep
|turn|15
|
|t:|1729288848
|switch|p2a: Blastem|Salamence, M|100/100
|-ability|p2a: Blastem|Intimidate|boost
|-unboost|p1a: TUSK|atk|1
|move|p1a: TUSK|Flamethrower|p2a: Blastem
|-resisted|p2a: Blastem
|-damage|p2a: Blastem|48/100
|-status|p2a: Blastem|brn
|
|-weather|SunnyDay|[upkeep]
|-heal|p1a: TUSK|67/100 tox|[from] item: Leftovers
|-damage|p1a: TUSK|49/100 tox|[from] psn
|-heal|p2a: Blastem|54/100 brn|[from] item: Leftovers
|-damage|p2a: Blastem|41/100 brn|[from] brn
|upkeep
|turn|16
|inactive|prof clue has 270 seconds left.
|
|t:|1729288877
|move|p1a: TUSK|Flamethrower|p2a: Blastem
|-resisted|p2a: Blastem
|-damage|p2a: Blastem|0 fnt
|faint|p2a: Blastem
|
|t:|1729288882
|switch|p2a: house plant|Aerodactyl, M|100/100
|
|-weather|none
|-heal|p1a: TUSK|55/100 tox|[from] item: Leftovers
|-damage|p1a: TUSK|30/100 tox|[from] psn
|upkeep
|turn|17
|inactive|prof clue has 270 seconds left.
|
|t:|1729288895
|switch|p1a: GOLDEN EXPERIENCE|Zapdos|88/100
|move|p2a: house plant|Rock Slide|p1a: GOLDEN EXPERIENCE|[miss]
|-miss|p2a: house plant|p1a: GOLDEN EXPERIENCE
|
|-heal|p1a: GOLDEN EXPERIENCE|94/100|[from] item: Leftovers
|upkeep
|turn|18
|inactive|prof clue has 270 seconds left.
|
|t:|1729288916
|move|p2a: house plant|Rock Slide|p1a: GOLDEN EXPERIENCE
|-supereffective|p1a: GOLDEN EXPERIENCE
|-crit|p1a: GOLDEN EXPERIENCE
|-damage|p1a: GOLDEN EXPERIENCE|0 fnt
|faint|p1a: GOLDEN EXPERIENCE
|
|t:|1729288917
|switch|p1a: D4C|Suicune|100/100
|
|upkeep
|turn|19
|
|t:|1729288925
|switch|p2a: ralph|Blissey, F|32/100
|move|p1a: D4C|Substitute|p1a: D4C
|-start|p1a: D4C|Substitute
|-damage|p1a: D4C|75/100
|
|-heal|p1a: D4C|82/100|[from] item: Leftovers
|-heal|p2a: ralph|38/100|[from] item: Leftovers
|upkeep
|turn|20
|
|t:|1729288932
|move|p1a: D4C|Calm Mind|p1a: D4C
|-boost|p1a: D4C|spa|1
|-boost|p1a: D4C|spd|1
|move|p2a: ralph|Soft-Boiled|p2a: ralph
|-heal|p2a: ralph|88/100
|
|-heal|p1a: D4C|88/100|[from] item: Leftovers
|-heal|p2a: ralph|94/100|[from] item: Leftovers
|upkeep
|turn|21
|
|t:|1729288943
|move|p1a: D4C|Calm Mind|p1a: D4C
|-boost|p1a: D4C|spa|1
|-boost|p1a: D4C|spd|1
|move|p2a: ralph|Seismic Toss|p1a: D4C
|-activate|p1a: D4C|Substitute|[damage]
|
|-heal|p1a: D4C|94/100|[from] item: Leftovers
|-heal|p2a: ralph|99/100|[from] item: Leftovers
|upkeep
|turn|22
|
|t:|1729288952
|move|p1a: D4C|Calm Mind|p1a: D4C
|-boost|p1a: D4C|spa|1
|-boost|p1a: D4C|spd|1
|move|p2a: ralph|Seismic Toss|p1a: D4C
|-end|p1a: D4C|Substitute
|
|-heal|p1a: D4C|99/100|[from] item: Leftovers
|-heal|p2a: ralph|100/100|[from] item: Leftovers
|upkeep
|turn|23
|inactive|prof clue has 270 seconds left.
|
|t:|1729288993
|switch|p2a: protag|Forretress, F, shiny|100/100
|move|p1a: D4C|Substitute|p1a: D4C
|-start|p1a: D4C|Substitute
|-damage|p1a: D4C|75/100
|
|-heal|p1a: D4C|81/100|[from] item: Leftovers
|upkeep
|turn|24
|
|t:|1729289006
|move|p1a: D4C|Surf|p2a: protag
|-damage|p2a: protag|7/100
|move|p2a: protag|Explosion|p1a: D4C
|-end|p1a: D4C|Substitute
|faint|p2a: protag
|
|t:|1729289013
|switch|p2a: house plant|Aerodactyl, M|100/100
|
|-heal|p1a: D4C|88/100|[from] item: Leftovers
|upkeep
|turn|25
|
|t:|1729289017
|move|p2a: house plant|Rock Slide|p1a: D4C
|-damage|p1a: D4C|47/100
|move|p1a: D4C|Surf|p2a: house plant
|-supereffective|p2a: house plant
|-damage|p2a: house plant|0 fnt
|faint|p2a: house plant
|inactive|prof clue has 270 seconds left.
|
|t:|1729289031
|switch|p2a: ralph|Blissey, F|100/100
|
|-heal|p1a: D4C|53/100|[from] item: Leftovers
|upkeep
|turn|26
|
|t:|1729289036
|move|p1a: D4C|Substitute|p1a: D4C
|-start|p1a: D4C|Substitute
|-damage|p1a: D4C|28/100
|move|p2a: ralph|Seismic Toss|p1a: D4C
|-activate|p1a: D4C|Substitute|[damage]
|
|-heal|p1a: D4C|34/100|[from] item: Leftovers
|upkeep
|turn|27
|
|t:|1729289043
|move|p1a: D4C|Calm Mind|p1a: D4C
|-boost|p1a: D4C|spa|1
|-boost|p1a: D4C|spd|1
|move|p2a: ralph|Seismic Toss|p1a: D4C
|-end|p1a: D4C|Substitute
|
|-heal|p1a: D4C|40/100|[from] item: Leftovers
|upkeep
|turn|28
|
|t:|1729289051
|move|p1a: D4C|Substitute|p1a: D4C
|-start|p1a: D4C|Substitute
|-damage|p1a: D4C|15/100
|move|p2a: ralph|Seismic Toss|p1a: D4C
|-activate|p1a: D4C|Substitute|[damage]
|
|-heal|p1a: D4C|21/100|[from] item: Leftovers
|upkeep
|turn|29
|inactive|3 blades has 270 seconds left.
|
|t:|1729289084
|move|p1a: D4C|Calm Mind|p1a: D4C
|-boost|p1a: D4C|spa|1
|-boost|p1a: D4C|spd|1
|move|p2a: ralph|Seismic Toss|p1a: D4C
|-end|p1a: D4C|Substitute
|
|-heal|p1a: D4C|27/100|[from] item: Leftovers
|upkeep
|turn|30
|
|t:|1729289092
|move|p1a: D4C|Substitute|p1a: D4C
|-start|p1a: D4C|Substitute
|-damage|p1a: D4C|2/100
|move|p2a: ralph|Seismic Toss|p1a: D4C
|-activate|p1a: D4C|Substitute|[damage]
|
|-heal|p1a: D4C|9/100|[from] item: Leftovers
|upkeep
|turn|31
|
|t:|1729289093
|move|p1a: D4C|Surf|p2a: ralph
|-damage|p2a: ralph|53/100
|move|p2a: ralph|Seismic Toss|p1a: D4C
|-end|p1a: D4C|Substitute
|
|-heal|p1a: D4C|15/100|[from] item: Leftovers
|-heal|p2a: ralph|59/100|[from] item: Leftovers
|upkeep
|turn|32
|
|t:|1729289107
|move|p1a: D4C|Surf|p2a: ralph
|-damage|p2a: ralph|4/100
|move|p2a: ralph|Seismic Toss|p1a: D4C
|-damage|p1a: D4C|0 fnt
|faint|p1a: D4C
|
|t:|1729289109
|switch|p1a: THE WORLD|Snorlax, F|100/100
|
|-heal|p2a: ralph|10/100|[from] item: Leftovers
|upkeep
|turn|33
|
|t:|1729289117
|move|p2a: ralph|Soft-Boiled|p2a: ralph
|-heal|p2a: ralph|60/100
|move|p1a: THE WORLD|Curse|p1a: THE WORLD
|-unboost|p1a: THE WORLD|spe|1
|-boost|p1a: THE WORLD|atk|1
|-boost|p1a: THE WORLD|def|1
|
|-heal|p2a: ralph|66/100|[from] item: Leftovers
|upkeep
|turn|34
|inactive|prof clue has 270 seconds left.
|
|t:|1729289157
|move|p2a: ralph|Soft-Boiled|p2a: ralph
|-heal|p2a: ralph|100/100
|move|p1a: THE WORLD|Curse|p1a: THE WORLD
|-unboost|p1a: THE WORLD|spe|1
|-boost|p1a: THE WORLD|atk|1
|-boost|p1a: THE WORLD|def|1
|
|upkeep
|turn|35
|inactive|prof clue has 270 seconds left.
|
|t:|1729289165
|switch|p2a: Bwm|Jirachi|94/100
|move|p1a: THE WORLD|Curse|p1a: THE WORLD
|-unboost|p1a: THE WORLD|spe|1
|-boost|p1a: THE WORLD|atk|1
|-boost|p1a: THE WORLD|def|1
|
|-heal|p2a: Bwm|100/100|[from] item: Leftovers
|upkeep
|turn|36
|
|t:|1729289172
|move|p2a: Bwm|Fire Punch|p1a: THE WORLD
|-damage|p1a: THE WORLD|91/100
|move|p1a: THE WORLD|Earthquake|p2a: Bwm
|-supereffective|p2a: Bwm
|-damage|p2a: Bwm|0 fnt
|faint|p2a: Bwm
|
|t:|1729289179
|switch|p2a: ralph|Blissey, F|100/100
|
|-heal|p1a: THE WORLD|97/100|[from] item: Leftovers
|upkeep
|turn|37
|
|t:|1729289187
|move|p1a: THE WORLD|Curse|p1a: THE WORLD
|-unboost|p1a: THE WORLD|spe|1
|-boost|p1a: THE WORLD|atk|1
|-boost|p1a: THE WORLD|def|1
|move|p2a: ralph|Counter|p1a: THE WORLD
|
|-heal|p1a: THE WORLD|100/100|[from] item: Leftovers
|upkeep
|turn|38
|c|☆3 blades|gg
|
|t:|1729289194
|move|p1a: THE WORLD|Double-Edge|p2a: ralph
|-damage|p2a: ralph|0 fnt
|-damage|p1a: THE WORLD|49/100|[from] Recoil|[of] p2a: ralph
|faint|p2a: ralph
|
|win|3 blades
|c|☆prof clue|gg'

</script>
<script type="application/json" class="data" id="replaydata-smogtours-gen3ou-799728">
{"id":"smogtours-gen3ou-799728","format":"[Gen 3] OU","players":["3 blades","prof clue"],"uploadtime":1729289194,"views":122,"formatid":"gen3ou","rating":null,"private":0,"password":null}
</script>

<script defer src="js/replays.js?9d40a366"></script>
