<!DOCTYPE html>
<meta charset="utf-8" />
<meta name="viewport" content="width=device-width" />

<title>[Gen 3] OU: denizzz vs. Rambode - Replays - Pok&eacute;mon Showdown!</title>

<meta name="description" content="Watch a replay of a Pok&eacute;mon battle between denizzz and Rambode! Format: [Gen 3] OU; Date: Oct 27, 2024" />
<!--

Hey, you! Looking in the source for the replay log?

You can find them in JSON format, just add `.json` at the end of a replay URL.

https://replay.pokemonshowdown.com/gen7randomdoublesbattle-865046831.json

Or, if you only need the log itself, add `.log` instead:

https://replay.pokemonshowdown.com/gen7randomdoublesbattle-865046831.log

-->

<link rel="stylesheet" href="//pokemonshowdown.com/style/global.css?0.023195364461161105" />
<link rel="stylesheet" href="//play.pokemonshowdown.com/style/font-awesome.css?0.13261647063804238" />
<link rel="stylesheet" href="//play.pokemonshowdown.com/style/battle.css?0.8753245789963631" />
<link rel="stylesheet" href="//play.pokemonshowdown.com/style/utilichart.css?0.8627959624976733" />

<!-- Global site tag (gtag.js) - Google Analytics -->
<script async src="https://www.googletagmanager.com/gtag/js?id=UA-26211653-1"></script>
<script>
  window.dataLayer = window.dataLayer || [];
  function gtag(){dataLayer.push(arguments);}
  gtag('js', new Date());

  gtag('config', 'UA-26211653-1');
</script>
<!-- End Google Analytics -->
<!-- Venatus Ad Manager - Install in <HEAD> of page -->
	<script src="https://hb.vntsm.com/v3/live/ad-manager.min.js" type="text/javascript" data-site-id="642aba63ec9a7b11c3c9c1be" data-mode="scan" async></script>
<!-- / Venatus Ad Manager -->

<style>
	@media (max-width:820px) {
		.battle {
			margin: 0 auto;
		}
		.battle-log {
			margin: 7px auto 0;
			max-width: 640px;
			height: 300px;
			position: static;
		}
	}
	.optgroup {
		display: inline-block;
		line-height: 22px;
		font-size: 10pt;
	}
	.optgroup .button {
		height: 25px;
		padding-top: 0;
		padding-bottom: 0;
	}
	.optgroup button.button {
		padding-left: 12px;
		padding-right: 12px;
	}
	.linklist {
		list-style: none;
		margin: 0.5em 0;
		padding: 0;
	}
	.linklist li {
		padding: 2px 0;
	}
	.sidebar {
		float: left;
		width: 320px;
	}
	.bar-wrapper {
		max-width: 1100px;
		margin: 0 auto;
	}
	.bar-wrapper.has-sidebar {
		max-width: 1430px;
	}
	.mainbar {
		margin: 0;
		padding-right: 1px;
	}
	.mainbar.has-sidebar {
		margin-left: 330px;
	}
	@media (min-width: 1511px) {
		.sidebar {
			width: 400px;
		}
		.bar-wrapper.has-sidebar {
			max-width: 1510px;
		}
		.mainbar.has-sidebar {
			margin-left: 410px;
		}
	}
	.section.first-section {
		margin-top: 9px;
	}
	.blocklink small {
		white-space: normal;
	}
	.button {
		vertical-align: middle;
	}
	.replay-controls {
		padding-top: 10px;
	}
	.replay-controls h1 {
		font-size: 16pt;
		font-weight: normal;
		color: #CCC;
	}
	.pagelink {
		text-align: center;
	}
	.pagelink a {
		width: 150px;
	}
	.textbox, .button {
		font-size: 11pt;
		vertical-align: middle;
	}
	@media (max-width: 450px) {
		.button {
			font-size: 9pt;
		}
	}
</style>

<div>

	<header>
		<div class="nav-wrapper"><ul class="nav">
			<li><a class="button nav-first" href="//pokemonshowdown.com/"><img src="//pokemonshowdown.com/images/pokemonshowdownbeta.png" srcset="//pokemonshowdown.com/images/pokemonshowdownbeta.png 1x, //pokemonshowdown.com/images/pokemonshowdownbeta@2x.png 2x" alt="Pok&eacute;mon Showdown" width="146" height="44" /> Home</a></li>
			<li><a class="button" href="//pokemonshowdown.com/dex/">Pok&eacute;dex</a></li>
			<li><a class="button cur" href="/">Replays</a></li>
			<li><a class="button" href="//pokemonshowdown.com/ladder/">Ladder</a></li>
			<li><a class="button nav-last" href="//pokemonshowdown.com/forums/">Forum</a></li>
			<li><a class="button greenbutton nav-first nav-last" href="//play.pokemonshowdown.com/">Play</a></li>
		</ul></div>
	</header>

	<div class="main" id="main">

		<noscript><section class="section">You need to enable JavaScript to use this page; sorry!</section></noscript>

	</div>

</div>

<script defer nomodule src="//play.pokemonshowdown.com/js/lib/ps-polyfill.js"></script>
<script defer src="//play.pokemonshowdown.com/js/lib/preact.min.js"></script>

<script defer src="//play.pokemonshowdown.com/config/config.js?2bddbc15"></script>
<script defer src="//play.pokemonshowdown.com/js/lib/jquery-1.11.0.min.js"></script>
<script defer src="//play.pokemonshowdown.com/js/lib/html-sanitizer-minified.js"></script>
<script defer src="//play.pokemonshowdown.com/js/battle-sound.js"></script>
<script defer src="//play.pokemonshowdown.com/js/battledata.js?0.7209276989879541"></script>
<script defer src="//play.pokemonshowdown.com/data/pokedex-mini.js?0.6111056340867951"></script>
<script defer src="//play.pokemonshowdown.com/data/pokedex-mini-bw.js?0.3532142036491459"></script>
<script defer src="//play.pokemonshowdown.com/data/graphics.js?0.24223875632456182"></script>
<script defer src="//play.pokemonshowdown.com/data/pokedex.js?0.38839984266356864"></script>
<script defer src="//play.pokemonshowdown.com/data/moves.js?0.21866028504024015"></script>
<script defer src="//play.pokemonshowdown.com/data/abilities.js?0.2005157953846628"></script>
<script defer src="//play.pokemonshowdown.com/data/items.js?0.9894211263848525"></script>
<script defer src="//play.pokemonshowdown.com/data/teambuilder-tables.js?0.6008791140282215"></script>
<script defer src="//play.pokemonshowdown.com/js/battle-tooltips.js?0.7580118955022959"></script>
<script defer src="//play.pokemonshowdown.com/js/battle.js?0.6057722274234274"></script>

<script defer src="js/utils.js?e31f9a17"></script>
<script defer src="js/replays-battle.js?7008c182"></script>

<!-- don't scrape this data! just add .json or .log after the URL!
Full API docs: https://github.com/smogon/pokemon-showdown-client/blob/master/WEB-API.md -->
<script type="text/plain" class="log" id="replaylog-smogtours-gen3ou-802672">
|inactive|Battle timer is ON: inactive players will automatically lose when time's up.
|t:|1730057990
|gametype|singles
|player|p1|denizzz|1|
|player|p2|Rambode|volkner|
|teamsize|p1|6
|teamsize|p2|6
|gen|3
|tier|[Gen 3] OU
|rule|Sleep Clause Mod: Limit one foe put to sleep
|rule|Switch Priority Clause Mod: Faster Pokémon switch first
|rule|Species Clause: Limit one of each Pokémon
|rule|OHKO Clause: OHKO moves are banned
|rule|Evasion Items Clause: Evasion items are banned
|rule|Evasion Moves Clause: Evasion moves are banned
|rule|Endless Battle Clause: Forcing endless battles is banned
|rule|HP Percentage Mod: HP is shown in percentages
|rule|One Boost Passer Clause: Limit one Baton Passer that has a way to boost its stats
|rule|Freeze Clause Mod: Limit one foe frozen
|
|t:|1730057990
|start
|switch|p1a: Tyranitar|Tyranitar, F|100/100
|switch|p2a: Suicune|Suicune|100/100
|-weather|Sandstorm|[from] ability: Sand Stream|[of] p1a: Tyranitar
|turn|1
|c|☆Rambode|gl hf
|c|☆denizzz|u2
|
|t:|1730058015
|switch|p1a: Zapdos|Zapdos|100/100
|move|p2a: Suicune|Hydro Pump|p1a: Zapdos
|-damage|p1a: Zapdos|65/100
|
|-weather|Sandstorm|[upkeep]
|-damage|p2a: Suicune|94/100|[from] Sandstorm
|-damage|p1a: Zapdos|59/100|[from] Sandstorm
|-heal|p2a: Suicune|100/100|[from] item: Leftovers
|-heal|p1a: Zapdos|65/100|[from] item: Leftovers
|upkeep
|turn|2
|
|t:|1730058024
|switch|p2a: Celebi|Celebi|100/100
|switch|p1a: Jirachi|Jirachi|100/100
|
|-weather|Sandstorm|[upkeep]
|-damage|p2a: Celebi|95/100|[from] Sandstorm
|-heal|p2a: Celebi|100/100|[from] item: Leftovers
|upkeep
|turn|3
|
|t:|1730058044
|move|p2a: Celebi|Calm Mind|p2a: Celebi
|-boost|p2a: Celebi|spa|1
|-boost|p2a: Celebi|spd|1
|move|p1a: Jirachi|Wish|p1a: Jirachi
|
|-weather|Sandstorm|[upkeep]
|-damage|p2a: Celebi|95/100|[from] Sandstorm
|-heal|p2a: Celebi|100/100|[from] item: Leftovers
|upkeep
|turn|4
|
|t:|1730058049
|switch|p1a: Zapdos|Zapdos|65/100
|move|p2a: Celebi|Calm Mind|p2a: Celebi
|-boost|p2a: Celebi|spa|1
|-boost|p2a: Celebi|spd|1
|
|-heal|p1a: Zapdos|100/100|[from] move: Wish|[wisher] Jirachi
|-weather|Sandstorm|[upkeep]
|-damage|p2a: Celebi|95/100|[from] Sandstorm
|-damage|p1a: Zapdos|94/100|[from] Sandstorm
|-heal|p2a: Celebi|100/100|[from] item: Leftovers
|-heal|p1a: Zapdos|100/100|[from] item: Leftovers
|upkeep
|turn|5
|
|t:|1730058076
|move|p2a: Celebi|Hidden Power|p1a: Zapdos
|-damage|p1a: Zapdos|71/100
|move|p1a: Zapdos|Roar|p2a: Celebi
|drag|p2a: Jirachi|Jirachi|100/100
|
|-weather|Sandstorm|[upkeep]
|-damage|p1a: Zapdos|65/100|[from] Sandstorm
|-heal|p1a: Zapdos|71/100|[from] item: Leftovers
|upkeep
|turn|6
|
|t:|1730058086
|switch|p1a: Tyranitar|Tyranitar, F|100/100
|move|p2a: Jirachi|Psychic|p1a: Tyranitar
|-immune|p1a: Tyranitar
|
|-weather|Sandstorm|[upkeep]
|upkeep
|turn|7
|
|t:|1730058094
|-singleturn|p1a: Tyranitar|move: Focus Punch
|switch|p2a: Suicune|Suicune|100/100
|move|p1a: Tyranitar|Focus Punch|p2a: Suicune
|-damage|p2a: Suicune|55/100
|
|-weather|Sandstorm|[upkeep]
|-damage|p2a: Suicune|49/100|[from] Sandstorm
|-heal|p2a: Suicune|55/100|[from] item: Leftovers
|upkeep
|turn|8
|
|t:|1730058107
|switch|p1a: Jirachi|Jirachi|100/100
|move|p2a: Suicune|Hydro Pump|p1a: Jirachi
|-damage|p1a: Jirachi|55/100
|
|-weather|Sandstorm|[upkeep]
|-damage|p2a: Suicune|49/100|[from] Sandstorm
|-heal|p2a: Suicune|55/100|[from] item: Leftovers
|-heal|p1a: Jirachi|62/100|[from] item: Leftovers
|upkeep
|turn|9
|
|t:|1730058114
|move|p2a: Suicune|Substitute|p2a: Suicune
|-start|p2a: Suicune|Substitute
|-damage|p2a: Suicune|30/100
|move|p1a: Jirachi|Wish|p1a: Jirachi
|
|-weather|Sandstorm|[upkeep]
|-damage|p2a: Suicune|24/100|[from] Sandstorm
|-heal|p2a: Suicune|30/100|[from] item: Leftovers
|-heal|p1a: Jirachi|68/100|[from] item: Leftovers
|upkeep
|turn|10
|
|t:|1730058125
|move|p2a: Suicune|Calm Mind|p2a: Suicune
|-boost|p2a: Suicune|spa|1
|-boost|p2a: Suicune|spd|1
|move|p1a: Jirachi|Calm Mind|p1a: Jirachi
|-boost|p1a: Jirachi|spa|1
|-boost|p1a: Jirachi|spd|1
|
|-heal|p1a: Jirachi|100/100|[from] move: Wish|[wisher] Jirachi
|-weather|Sandstorm|[upkeep]
|-damage|p2a: Suicune|24/100|[from] Sandstorm
|-heal|p2a: Suicune|30/100|[from] item: Leftovers
|upkeep
|turn|11
|
|t:|1730058130
|move|p2a: Suicune|Hydro Pump|p1a: Jirachi
|-damage|p1a: Jirachi|52/100
|move|p1a: Jirachi|Calm Mind|p1a: Jirachi
|-boost|p1a: Jirachi|spa|1
|-boost|p1a: Jirachi|spd|1
|
|-weather|Sandstorm|[upkeep]
|-damage|p2a: Suicune|24/100|[from] Sandstorm
|-heal|p2a: Suicune|30/100|[from] item: Leftovers
|-heal|p1a: Jirachi|58/100|[from] item: Leftovers
|upkeep
|turn|12
|
|t:|1730058136
|move|p2a: Suicune|Hydro Pump|p1a: Jirachi
|-damage|p1a: Jirachi|25/100
|move|p1a: Jirachi|Wish|p1a: Jirachi
|
|-weather|Sandstorm|[upkeep]
|-damage|p2a: Suicune|24/100|[from] Sandstorm
|-heal|p2a: Suicune|30/100|[from] item: Leftovers
|-heal|p1a: Jirachi|32/100|[from] item: Leftovers
|upkeep
|turn|13
|
|t:|1730058145
|switch|p1a: Zapdos|Zapdos|71/100
|move|p2a: Suicune|Hydro Pump|p1a: Zapdos
|-damage|p1a: Zapdos|14/100
|
|-heal|p1a: Zapdos|64/100|[from] move: Wish|[wisher] Jirachi
|-weather|Sandstorm|[upkeep]
|-damage|p2a: Suicune|24/100|[from] Sandstorm
|-damage|p1a: Zapdos|58/100|[from] Sandstorm
|-heal|p2a: Suicune|30/100|[from] item: Leftovers
|-heal|p1a: Zapdos|64/100|[from] item: Leftovers
|upkeep
|turn|14
|
|t:|1730058155
|switch|p1a: Jirachi|Jirachi|32/100
|move|p2a: Suicune|Ice Beam|p1a: Jirachi
|-resisted|p1a: Jirachi
|-damage|p1a: Jirachi|15/100
|
|-weather|Sandstorm|[upkeep]
|-damage|p2a: Suicune|24/100|[from] Sandstorm
|-heal|p2a: Suicune|30/100|[from] item: Leftovers
|-heal|p1a: Jirachi|21/100|[from] item: Leftovers
|upkeep
|turn|15
|
|t:|1730058164
|switch|p1a: Skarmory|Skarmory, M|100/100
|move|p2a: Suicune|Calm Mind|p2a: Suicune
|-boost|p2a: Suicune|spa|1
|-boost|p2a: Suicune|spd|1
|
|-weather|Sandstorm|[upkeep]
|-damage|p2a: Suicune|24/100|[from] Sandstorm
|-heal|p2a: Suicune|30/100|[from] item: Leftovers
|upkeep
|turn|16
|
|t:|1730058169
|move|p1a: Skarmory|Protect|p1a: Skarmory
|-singleturn|p1a: Skarmory|Protect
|move|p2a: Suicune|Hydro Pump|p1a: Skarmory
|-activate|p1a: Skarmory|Protect
|
|-weather|Sandstorm|[upkeep]
|-damage|p2a: Suicune|24/100|[from] Sandstorm
|-heal|p2a: Suicune|30/100|[from] item: Leftovers
|upkeep
|turn|17
|
|t:|1730058172
|move|p2a: Suicune|Ice Beam|p1a: Skarmory
|-damage|p1a: Skarmory|46/100
|move|p1a: Skarmory|Spikes|p2a: Suicune
|-sidestart|p2: Rambode|Spikes
|
|-weather|Sandstorm|[upkeep]
|-damage|p2a: Suicune|24/100|[from] Sandstorm
|-heal|p2a: Suicune|30/100|[from] item: Leftovers
|-heal|p1a: Skarmory|52/100|[from] item: Leftovers
|upkeep
|turn|18
|
|t:|1730058179
|move|p1a: Skarmory|Protect|p1a: Skarmory
|-singleturn|p1a: Skarmory|Protect
|move|p2a: Suicune|Ice Beam|p1a: Skarmory
|-activate|p1a: Skarmory|Protect
|
|-weather|Sandstorm|[upkeep]
|-damage|p2a: Suicune|24/100|[from] Sandstorm
|-heal|p2a: Suicune|30/100|[from] item: Leftovers
|-heal|p1a: Skarmory|58/100|[from] item: Leftovers
|upkeep
|turn|19
|
|t:|1730058187
|move|p2a: Suicune|Ice Beam|p1a: Skarmory
|-damage|p1a: Skarmory|6/100
|move|p1a: Skarmory|Roar|p2a: Suicune
|drag|p2a: Dugtrio|Dugtrio, F|100/100
|-damage|p2a: Dugtrio|88/100|[from] Spikes
|
|-weather|Sandstorm|[upkeep]
|-heal|p1a: Skarmory|12/100|[from] item: Leftovers
|upkeep
|turn|20
|
|t:|1730058202
|move|p1a: Skarmory|Protect|p1a: Skarmory
|-singleturn|p1a: Skarmory|Protect
|move|p2a: Dugtrio|Rock Slide|p1a: Skarmory
|-activate|p1a: Skarmory|Protect
|
|-weather|Sandstorm|[upkeep]
|-heal|p1a: Skarmory|18/100|[from] item: Leftovers
|upkeep
|turn|21
|
|t:|1730058214
|switch|p2a: Celebi|Celebi|100/100
|-damage|p2a: Celebi|88/100|[from] Spikes
|move|p1a: Skarmory|Spikes|p2a: Celebi
|-sidestart|p2: Rambode|Spikes
|
|-weather|Sandstorm|[upkeep]
|-damage|p2a: Celebi|82/100|[from] Sandstorm
|-heal|p2a: Celebi|88/100|[from] item: Leftovers
|-heal|p1a: Skarmory|24/100|[from] item: Leftovers
|upkeep
|turn|22
|
|t:|1730058220
|switch|p1a: Tyranitar|Tyranitar, F|100/100
|move|p2a: Celebi|Calm Mind|p2a: Celebi
|-boost|p2a: Celebi|spa|1
|-boost|p2a: Celebi|spd|1
|
|-weather|Sandstorm|[upkeep]
|-damage|p2a: Celebi|82/100|[from] Sandstorm
|-heal|p2a: Celebi|88/100|[from] item: Leftovers
|upkeep
|turn|23
|
|t:|1730058226
|switch|p2a: Suicune|Suicune|30/100
|-damage|p2a: Suicune|14/100|[from] Spikes
|move|p1a: Tyranitar|Hidden Power|p2a: Suicune
|-damage|p2a: Suicune|0 fnt
|faint|p2a: Suicune
|
|t:|1730058233
|switch|p2a: Dugtrio|Dugtrio, F|88/100
|-damage|p2a: Dugtrio|72/100|[from] Spikes
|
|-weather|Sandstorm|[upkeep]
|upkeep
|turn|24
|
|t:|1730058237
|move|p2a: Dugtrio|Earthquake|p1a: Tyranitar
|-supereffective|p1a: Tyranitar
|-damage|p1a: Tyranitar|0 fnt
|faint|p1a: Tyranitar
|
|t:|1730058248
|switch|p1a: Skarmory|Skarmory, M|24/100
|
|-weather|Sandstorm|[upkeep]
|-heal|p1a: Skarmory|30/100|[from] item: Leftovers
|upkeep
|turn|25
|
|t:|1730058254
|switch|p2a: Jirachi|Jirachi|100/100
|-damage|p2a: Jirachi|84/100|[from] Spikes
|move|p1a: Skarmory|Toxic|p2a: Jirachi
|-immune|p2a: Jirachi
|
|-weather|Sandstorm|[upkeep]
|-heal|p2a: Jirachi|90/100|[from] item: Leftovers
|-heal|p1a: Skarmory|36/100|[from] item: Leftovers
|upkeep
|turn|26
|
|t:|1730058262
|move|p2a: Jirachi|Calm Mind|p2a: Jirachi
|-boost|p2a: Jirachi|spa|1
|-boost|p2a: Jirachi|spd|1
|move|p1a: Skarmory|Roar|p2a: Jirachi
|drag|p2a: Raikou|Raikou|100/100
|-damage|p2a: Raikou|84/100|[from] Spikes
|
|-weather|Sandstorm|[upkeep]
|-damage|p2a: Raikou|78/100|[from] Sandstorm
|-heal|p2a: Raikou|84/100|[from] item: Leftovers
|-heal|p1a: Skarmory|42/100|[from] item: Leftovers
|upkeep
|turn|27
|
|t:|1730058268
|switch|p1a: Flygon|Flygon, M|100/100
|move|p2a: Raikou|Thunderbolt|p1a: Flygon
|-immune|p1a: Flygon
|
|-weather|Sandstorm|[upkeep]
|-damage|p2a: Raikou|78/100|[from] Sandstorm
|-heal|p2a: Raikou|84/100|[from] item: Leftovers
|upkeep
|turn|28
|
|t:|1730058273
|move|p2a: Raikou|Hidden Power|p1a: Flygon
|-supereffective|p1a: Flygon
|-damage|p1a: Flygon|10/100
|move|p1a: Flygon|Earthquake|p2a: Raikou
|-supereffective|p2a: Raikou
|-damage|p2a: Raikou|0 fnt
|faint|p2a: Raikou
|
|t:|1730058299
|switch|p2a: Jirachi|Jirachi|90/100
|-damage|p2a: Jirachi|73/100|[from] Spikes
|
|-weather|Sandstorm|[upkeep]
|-heal|p2a: Jirachi|79/100|[from] item: Leftovers
|-heal|p1a: Flygon|16/100|[from] item: Leftovers
|upkeep
|turn|29
|
|t:|1730058312
|switch|p1a: Zapdos|Zapdos|64/100
|move|p2a: Jirachi|Psychic|p1a: Zapdos
|-damage|p1a: Zapdos|39/100
|-unboost|p1a: Zapdos|spd|1
|
|-weather|Sandstorm|[upkeep]
|-damage|p1a: Zapdos|33/100|[from] Sandstorm
|-heal|p2a: Jirachi|86/100|[from] item: Leftovers
|-heal|p1a: Zapdos|39/100|[from] item: Leftovers
|upkeep
|turn|30
|
|t:|1730058321
|switch|p1a: Skarmory|Skarmory, M|42/100
|move|p2a: Jirachi|Psychic|p1a: Skarmory
|-resisted|p1a: Skarmory
|-damage|p1a: Skarmory|26/100
|
|-weather|Sandstorm|[upkeep]
|-heal|p2a: Jirachi|92/100|[from] item: Leftovers
|-heal|p1a: Skarmory|32/100|[from] item: Leftovers
|upkeep
|turn|31
|
|t:|1730058327
|switch|p1a: Flygon|Flygon, M|16/100
|move|p2a: Jirachi|Fire Punch|p1a: Flygon
|-resisted|p1a: Flygon
|-damage|p1a: Flygon|5/100
|
|-weather|Sandstorm|[upkeep]
|-heal|p2a: Jirachi|98/100|[from] item: Leftovers
|-heal|p1a: Flygon|11/100|[from] item: Leftovers
|upkeep
|turn|32
|
|t:|1730058344
|switch|p1a: Skarmory|Skarmory, M|32/100
|move|p2a: Jirachi|Psychic|p1a: Skarmory
|-resisted|p1a: Skarmory
|-crit|p1a: Skarmory
|-damage|p1a: Skarmory|0 fnt
|faint|p1a: Skarmory
|
|t:|1730058347
|switch|p1a: Zapdos|Zapdos|39/100
|
|-weather|Sandstorm|[upkeep]
|-damage|p1a: Zapdos|33/100|[from] Sandstorm
|-heal|p2a: Jirachi|100/100|[from] item: Leftovers
|-heal|p1a: Zapdos|39/100|[from] item: Leftovers
|upkeep
|turn|33
|
|t:|1730058350
|move|p2a: Jirachi|Psychic|p1a: Zapdos
|-damage|p1a: Zapdos|14/100
|move|p1a: Zapdos|Rest|p1a: Zapdos
|-status|p1a: Zapdos|slp|[from] move: Rest
|-heal|p1a: Zapdos|100/100 slp|[silent]
|
|-weather|Sandstorm|[upkeep]
|-damage|p1a: Zapdos|94/100 slp|[from] Sandstorm
|-heal|p1a: Zapdos|100/100 slp|[from] item: Leftovers
|upkeep
|turn|34
|
|t:|1730058354
|move|p2a: Jirachi|Calm Mind|p2a: Jirachi
|-boost|p2a: Jirachi|spa|1
|-boost|p2a: Jirachi|spd|1
|cant|p1a: Zapdos|slp
|move|p1a: Zapdos|Sleep Talk|p1a: Zapdos
|move|p1a: Zapdos|Roar|p2a: Jirachi|[from]Sleep Talk
|drag|p2a: Porygon2|Porygon2|100/100
|-damage|p2a: Porygon2|84/100|[from] Spikes
|-ability|p2a: Porygon2|Pressure|[from] ability: Trace|[of] p1a: Zapdos
|
|-weather|Sandstorm|[upkeep]
|-damage|p1a: Zapdos|94/100 slp|[from] Sandstorm
|-damage|p2a: Porygon2|78/100|[from] Sandstorm
|-heal|p1a: Zapdos|100/100 slp|[from] item: Leftovers
|-heal|p2a: Porygon2|84/100|[from] item: Leftovers
|upkeep
|turn|35
|
|t:|1730058362
|cant|p1a: Zapdos|slp
|move|p1a: Zapdos|Sleep Talk|p1a: Zapdos
|move|p1a: Zapdos|Rest|p1a: Zapdos|[from]Sleep Talk
|move|p2a: Porygon2|Ice Beam|p1a: Zapdos
|-supereffective|p1a: Zapdos
|-damage|p1a: Zapdos|65/100 slp
|
|-weather|Sandstorm|[upkeep]
|-damage|p1a: Zapdos|59/100 slp|[from] Sandstorm
|-damage|p2a: Porygon2|78/100|[from] Sandstorm
|-heal|p1a: Zapdos|65/100 slp|[from] item: Leftovers
|-heal|p2a: Porygon2|84/100|[from] item: Leftovers
|upkeep
|turn|36
|
|t:|1730058367
|-curestatus|p1a: Zapdos|slp|[msg]
|move|p1a: Zapdos|Thunderbolt|p2a: Porygon2
|-damage|p2a: Porygon2|49/100
|move|p2a: Porygon2|Ice Beam|p1a: Zapdos
|-supereffective|p1a: Zapdos
|-damage|p1a: Zapdos|33/100
|
|-weather|Sandstorm|[upkeep]
|-damage|p1a: Zapdos|27/100|[from] Sandstorm
|-damage|p2a: Porygon2|43/100|[from] Sandstorm
|-heal|p1a: Zapdos|33/100|[from] item: Leftovers
|-heal|p2a: Porygon2|49/100|[from] item: Leftovers
|upkeep
|turn|37
|
|t:|1730058372
|move|p1a: Zapdos|Rest|p1a: Zapdos
|-status|p1a: Zapdos|slp|[from] move: Rest
|-heal|p1a: Zapdos|100/100 slp|[silent]
|move|p2a: Porygon2|Recover|p2a: Porygon2
|-heal|p2a: Porygon2|99/100
|
|-weather|Sandstorm|[upkeep]
|-damage|p1a: Zapdos|94/100 slp|[from] Sandstorm
|-damage|p2a: Porygon2|93/100|[from] Sandstorm
|-heal|p1a: Zapdos|100/100 slp|[from] item: Leftovers
|-heal|p2a: Porygon2|99/100|[from] item: Leftovers
|upkeep
|turn|38
|
|t:|1730058376
|switch|p1a: Jirachi|Jirachi|21/100
|move|p2a: Porygon2|Ice Beam|p1a: Jirachi
|-resisted|p1a: Jirachi
|-damage|p1a: Jirachi|11/100
|
|-weather|Sandstorm|[upkeep]
|-damage|p2a: Porygon2|93/100|[from] Sandstorm
|-heal|p1a: Jirachi|18/100|[from] item: Leftovers
|-heal|p2a: Porygon2|99/100|[from] item: Leftovers
|upkeep
|turn|39
|
|t:|1730058379
|move|p1a: Jirachi|Wish|p1a: Jirachi
|move|p2a: Porygon2|Thunderbolt|p1a: Jirachi
|-damage|p1a: Jirachi|0 fnt
|faint|p1a: Jirachi
|
|t:|1730058384
|switch|p1a: Flygon|Flygon, M|11/100
|
|-weather|Sandstorm|[upkeep]
|-damage|p2a: Porygon2|93/100|[from] Sandstorm
|-heal|p1a: Flygon|17/100|[from] item: Leftovers
|-heal|p2a: Porygon2|99/100|[from] item: Leftovers
|upkeep
|turn|40
|
|t:|1730058386
|move|p1a: Flygon|Protect|p1a: Flygon
|-singleturn|p1a: Flygon|Protect
|move|p2a: Porygon2|Ice Beam|p1a: Flygon
|-activate|p1a: Flygon|Protect
|
|-heal|p1a: Flygon|67/100|[from] move: Wish|[wisher] Jirachi
|-weather|Sandstorm|[upkeep]
|-damage|p2a: Porygon2|93/100|[from] Sandstorm
|-heal|p1a: Flygon|73/100|[from] item: Leftovers
|-heal|p2a: Porygon2|99/100|[from] item: Leftovers
|upkeep
|turn|41
|
|t:|1730058394
|switch|p1a: Gengar|Gengar, M|100/100
|move|p2a: Porygon2|Ice Beam|p1a: Gengar
|-damage|p1a: Gengar|71/100
|
|-weather|Sandstorm|[upkeep]
|-damage|p1a: Gengar|65/100|[from] Sandstorm
|-damage|p2a: Porygon2|93/100|[from] Sandstorm
|-heal|p1a: Gengar|71/100|[from] item: Leftovers
|-heal|p2a: Porygon2|99/100|[from] item: Leftovers
|upkeep
|turn|42
|
|t:|1730058403
|switch|p2a: Dugtrio|Dugtrio, F|72/100
|-damage|p2a: Dugtrio|55/100|[from] Spikes
|move|p1a: Gengar|Will-O-Wisp|p2a: Dugtrio
|-status|p2a: Dugtrio|brn
|
|-weather|Sandstorm|[upkeep]
|-damage|p1a: Gengar|65/100|[from] Sandstorm
|-damage|p2a: Dugtrio|43/100 brn|[from] brn
|-heal|p1a: Gengar|71/100|[from] item: Leftovers
|upkeep
|turn|43
|
|t:|1730058409
|switch|p1a: Flygon|Flygon, M|73/100
|move|p2a: Dugtrio|Rock Slide|p1a: Flygon
|-resisted|p1a: Flygon
|-damage|p1a: Flygon|67/100
|
|-weather|Sandstorm|[upkeep]
|-damage|p2a: Dugtrio|30/100 brn|[from] brn
|-heal|p1a: Flygon|73/100|[from] item: Leftovers
|upkeep
|turn|44
|
|t:|1730058412
|switch|p1a: Zapdos|Zapdos|100/100 slp
|move|p2a: Dugtrio|Rock Slide|p1a: Zapdos
|-supereffective|p1a: Zapdos
|-damage|p1a: Zapdos|72/100 slp
|
|-weather|Sandstorm|[upkeep]
|-damage|p1a: Zapdos|65/100 slp|[from] Sandstorm
|-damage|p2a: Dugtrio|18/100 brn|[from] brn
|-heal|p1a: Zapdos|72/100 slp|[from] item: Leftovers
|upkeep
|turn|45
|
|t:|1730058415
|move|p2a: Dugtrio|Rock Slide|p1a: Zapdos
|-supereffective|p1a: Zapdos
|-damage|p1a: Zapdos|39/100 slp
|cant|p1a: Zapdos|slp
|cant|p1a: Zapdos|flinch
|
|-weather|Sandstorm|[upkeep]
|-damage|p1a: Zapdos|33/100 slp|[from] Sandstorm
|-damage|p2a: Dugtrio|6/100 brn|[from] brn
|-heal|p1a: Zapdos|39/100 slp|[from] item: Leftovers
|upkeep
|turn|46
|
|t:|1730058422
|switch|p1a: Flygon|Flygon, M|73/100
|move|p2a: Dugtrio|Rock Slide|p1a: Flygon
|-resisted|p1a: Flygon
|-damage|p1a: Flygon|67/100
|
|-weather|Sandstorm|[upkeep]
|-damage|p2a: Dugtrio|0 fnt|[from] brn
|faint|p2a: Dugtrio
|-heal|p1a: Flygon|73/100|[from] item: Leftovers
|upkeep
|
|t:|1730058430
|switch|p2a: Porygon2|Porygon2|99/100
|-damage|p2a: Porygon2|83/100|[from] Spikes
|-ability|p2a: Porygon2|Levitate|[from] ability: Trace|[of] p1a: Flygon
|turn|47
|
|t:|1730058432
|move|p1a: Flygon|Protect|p1a: Flygon
|-singleturn|p1a: Flygon|Protect
|move|p2a: Porygon2|Ice Beam|p1a: Flygon
|-activate|p1a: Flygon|Protect
|
|-weather|Sandstorm|[upkeep]
|-damage|p2a: Porygon2|76/100|[from] Sandstorm
|-heal|p1a: Flygon|79/100|[from] item: Leftovers
|-heal|p2a: Porygon2|83/100|[from] item: Leftovers
|upkeep
|turn|48
|
|t:|1730058436
|switch|p1a: Gengar|Gengar, M|71/100
|move|p2a: Porygon2|Thunderbolt|p1a: Gengar
|-damage|p1a: Gengar|43/100
|
|-weather|Sandstorm|[upkeep]
|-damage|p1a: Gengar|37/100|[from] Sandstorm
|-damage|p2a: Porygon2|76/100|[from] Sandstorm
|-heal|p1a: Gengar|43/100|[from] item: Leftovers
|-heal|p2a: Porygon2|83/100|[from] item: Leftovers
|upkeep
|turn|49
|
|t:|1730058443
|move|p1a: Gengar|Will-O-Wisp|p2a: Porygon2
|-status|p2a: Porygon2|brn
|move|p2a: Porygon2|Toxic|p1a: Gengar
|-immune|p1a: Gengar
|
|-weather|Sandstorm|[upkeep]
|-damage|p1a: Gengar|37/100|[from] Sandstorm
|-damage|p2a: Porygon2|76/100 brn|[from] Sandstorm
|-heal|p1a: Gengar|43/100|[from] item: Leftovers
|-heal|p2a: Porygon2|83/100 brn|[from] item: Leftovers
|-damage|p2a: Porygon2|70/100 brn|[from] brn
|upkeep
|turn|50
|
|t:|1730058452
|switch|p2a: Jirachi|Jirachi|100/100
|-damage|p2a: Jirachi|84/100|[from] Spikes
|move|p1a: Gengar|Thunderbolt|p2a: Jirachi
|-damage|p2a: Jirachi|55/100
|-status|p2a: Jirachi|par
|
|-weather|Sandstorm|[upkeep]
|-damage|p1a: Gengar|37/100|[from] Sandstorm
|-heal|p1a: Gengar|43/100|[from] item: Leftovers
|-heal|p2a: Jirachi|61/100 par|[from] item: Leftovers
|upkeep
|turn|51
|
|t:|1730058460
|switch|p1a: Zapdos|Zapdos|39/100 slp
|move|p2a: Jirachi|Psychic|p1a: Zapdos
|-crit|p1a: Zapdos
|-damage|p1a: Zapdos|0 fnt
|faint|p1a: Zapdos
|
|t:|1730058462
|switch|p1a: Flygon|Flygon, M|79/100
|
|-weather|Sandstorm|[upkeep]
|-heal|p1a: Flygon|85/100|[from] item: Leftovers
|-heal|p2a: Jirachi|67/100 par|[from] item: Leftovers
|upkeep
|turn|52
|
|t:|1730058468
|switch|p2a: Celebi|Celebi|88/100
|-damage|p2a: Celebi|72/100|[from] Spikes
|move|p1a: Flygon|Earthquake|p2a: Celebi
|-resisted|p2a: Celebi
|-damage|p2a: Celebi|55/100
|
|-weather|Sandstorm|[upkeep]
|-damage|p2a: Celebi|49/100|[from] Sandstorm
|-heal|p2a: Celebi|55/100|[from] item: Leftovers
|-heal|p1a: Flygon|91/100|[from] item: Leftovers
|upkeep
|turn|53
|
|t:|1730058479
|move|p2a: Celebi|Giga Drain|p1a: Flygon
|-damage|p1a: Flygon|62/100
|-heal|p2a: Celebi|69/100|[from] drain|[of] p1a: Flygon
|move|p1a: Flygon|Toxic|p2a: Celebi
|-status|p2a: Celebi|tox
|
|-weather|Sandstorm|[upkeep]
|-damage|p2a: Celebi|63/100 tox|[from] Sandstorm
|-heal|p2a: Celebi|69/100 tox|[from] item: Leftovers
|-damage|p2a: Celebi|63/100 tox|[from] psn
|-heal|p1a: Flygon|68/100|[from] item: Leftovers
|upkeep
|turn|54
|
|t:|1730058484
|move|p1a: Flygon|Protect|p1a: Flygon
|-singleturn|p1a: Flygon|Protect
|move|p2a: Celebi|Calm Mind|p2a: Celebi
|-boost|p2a: Celebi|spa|1
|-boost|p2a: Celebi|spd|1
|
|-weather|Sandstorm|[upkeep]
|-damage|p2a: Celebi|57/100 tox|[from] Sandstorm
|-heal|p2a: Celebi|63/100 tox|[from] item: Leftovers
|-damage|p2a: Celebi|51/100 tox|[from] psn
|-heal|p1a: Flygon|74/100|[from] item: Leftovers
|upkeep
|turn|55
|
|t:|1730058491
|move|p2a: Celebi|Baton Pass|p2a: Celebi
|
|t:|1730058493
|-curestatus|p2a: Celebi|tox|[from] ability: Natural Cure
|switch|p2a: Porygon2|Porygon2|70/100 brn|[from] Baton Pass
|-damage|p2a: Porygon2|54/100 brn|[from] Spikes
|-ability|p2a: Porygon2|Levitate|[from] ability: Trace|[of] p1a: Flygon
|move|p1a: Flygon|Rock Slide|p2a: Porygon2|[miss]
|-miss|p1a: Flygon|p2a: Porygon2
|
|-weather|Sandstorm|[upkeep]
|-damage|p2a: Porygon2|48/100 brn|[from] Sandstorm
|-heal|p1a: Flygon|80/100|[from] item: Leftovers
|-heal|p2a: Porygon2|54/100 brn|[from] item: Leftovers
|-damage|p2a: Porygon2|41/100 brn|[from] brn
|upkeep
|turn|56
|
|t:|1730058498
|move|p1a: Flygon|Protect|p1a: Flygon
|-singleturn|p1a: Flygon|Protect
|move|p2a: Porygon2|Recover|p2a: Porygon2
|-heal|p2a: Porygon2|91/100 brn
|
|-weather|Sandstorm|[upkeep]
|-damage|p2a: Porygon2|85/100 brn|[from] Sandstorm
|-heal|p1a: Flygon|86/100|[from] item: Leftovers
|-heal|p2a: Porygon2|91/100 brn|[from] item: Leftovers
|-damage|p2a: Porygon2|79/100 brn|[from] brn
|upkeep
|turn|57
|
|t:|1730058501
|move|p1a: Flygon|Protect|p1a: Flygon
|-singleturn|p1a: Flygon|Protect
|move|p2a: Porygon2|Ice Beam|p1a: Flygon
|-activate|p1a: Flygon|Protect
|
|-weather|Sandstorm|[upkeep]
|-damage|p2a: Porygon2|73/100 brn|[from] Sandstorm
|-heal|p1a: Flygon|92/100|[from] item: Leftovers
|-heal|p2a: Porygon2|79/100 brn|[from] item: Leftovers
|-damage|p2a: Porygon2|67/100 brn|[from] brn
|upkeep
|turn|58
|
|t:|1730058504
|switch|p1a: Gengar|Gengar, M|43/100
|move|p2a: Porygon2|Ice Beam|p1a: Gengar
|-damage|p1a: Gengar|4/100
|-status|p1a: Gengar|frz
|
|-weather|Sandstorm|[upkeep]
|-damage|p1a: Gengar|0 fnt|[from] Sandstorm
|-damage|p2a: Porygon2|61/100 brn|[from] Sandstorm
|faint|p1a: Gengar
|-heal|p2a: Porygon2|67/100 brn|[from] item: Leftovers
|-damage|p2a: Porygon2|55/100 brn|[from] brn
|upkeep
|
|t:|1730058505
|switch|p1a: Flygon|Flygon, M|92/100
|turn|59
|
|t:|1730058507
|move|p1a: Flygon|Protect|p1a: Flygon
|-singleturn|p1a: Flygon|Protect
|move|p2a: Porygon2|Ice Beam|p1a: Flygon
|-activate|p1a: Flygon|Protect
|
|-weather|Sandstorm|[upkeep]
|-damage|p2a: Porygon2|48/100 brn|[from] Sandstorm
|-heal|p1a: Flygon|98/100|[from] item: Leftovers
|-heal|p2a: Porygon2|55/100 brn|[from] item: Leftovers
|-damage|p2a: Porygon2|42/100 brn|[from] brn
|upkeep
|turn|60
|
|t:|1730058509
|move|p1a: Flygon|Rock Slide|p2a: Porygon2
|-damage|p2a: Porygon2|29/100 brn
|cant|p2a: Porygon2|flinch
|
|-weather|Sandstorm|[upkeep]
|-damage|p2a: Porygon2|23/100 brn|[from] Sandstorm
|-heal|p1a: Flygon|100/100|[from] item: Leftovers
|-heal|p2a: Porygon2|29/100 brn|[from] item: Leftovers
|-damage|p2a: Porygon2|17/100 brn|[from] brn
|upkeep
|turn|61
|
|t:|1730058512
|move|p1a: Flygon|Rock Slide|p2a: Porygon2
|-damage|p2a: Porygon2|4/100 brn
|move|p2a: Porygon2|Ice Beam|p1a: Flygon
|-supereffective|p1a: Flygon
|-damage|p1a: Flygon|0 fnt
|faint|p1a: Flygon
|
|win|Rambode
|c|☆denizzz|gg
|c|☆Rambode|gg
|player|p2|

</script>
<script type="application/json" class="data" id="replaydata-smogtours-gen3ou-802672">
{"id":"smogtours-gen3ou-802672","format":"[Gen 3] OU","players":["denizzz","Rambode"],"uploadtime":1730058512,"views":72,"formatid":"gen3ou","rating":null,"private":0,"password":null}
</script>

<script defer src="js/replays.js?9d40a366"></script>
