<!DOCTYPE html>
<meta charset="utf-8" />
<meta name="viewport" content="width=device-width" />

<title>[Gen 3] OU: Elisy vs. Skarph☾eRiM - Replays - Pok&eacute;mon Showdown!</title>

<meta name="description" content="Watch a replay of a Pok&eacute;mon battle between Elisy and Skarph☾eRiM! Format: [Gen 3] OU; Date: Oct 3, 2024" />
<!--

Hey, you! Looking in the source for the replay log?

You can find them in JSON format, just add `.json` at the end of a replay URL.

https://replay.pokemonshowdown.com/gen7randomdoublesbattle-865046831.json

Or, if you only need the log itself, add `.log` instead:

https://replay.pokemonshowdown.com/gen7randomdoublesbattle-865046831.log

-->

<link rel="stylesheet" href="//pokemonshowdown.com/style/global.css?0.023195364461161105" />
<link rel="stylesheet" href="//play.pokemonshowdown.com/style/font-awesome.css?0.13261647063804238" />
<link rel="stylesheet" href="//play.pokemonshowdown.com/style/battle.css?0.8753245789963631" />
<link rel="stylesheet" href="//play.pokemonshowdown.com/style/utilichart.css?0.8627959624976733" />

<!-- Global site tag (gtag.js) - Google Analytics -->
<script async src="https://www.googletagmanager.com/gtag/js?id=UA-26211653-1"></script>
<script>
  window.dataLayer = window.dataLayer || [];
  function gtag(){dataLayer.push(arguments);}
  gtag('js', new Date());

  gtag('config', 'UA-26211653-1');
</script>
<!-- End Google Analytics -->
<!-- Venatus Ad Manager - Install in <HEAD> of page -->
	<script src="https://hb.vntsm.com/v3/live/ad-manager.min.js" type="text/javascript" data-site-id="642aba63ec9a7b11c3c9c1be" data-mode="scan" async></script>
<!-- / Venatus Ad Manager -->

<style>
	@media (max-width:820px) {
		.battle {
			margin: 0 auto;
		}
		.battle-log {
			margin: 7px auto 0;
			max-width: 640px;
			height: 300px;
			position: static;
		}
	}
	.optgroup {
		display: inline-block;
		line-height: 22px;
		font-size: 10pt;
	}
	.optgroup .button {
		height: 25px;
		padding-top: 0;
		padding-bottom: 0;
	}
	.optgroup button.button {
		padding-left: 12px;
		padding-right: 12px;
	}
	.linklist {
		list-style: none;
		margin: 0.5em 0;
		padding: 0;
	}
	.linklist li {
		padding: 2px 0;
	}
	.sidebar {
		float: left;
		width: 320px;
	}
	.bar-wrapper {
		max-width: 1100px;
		margin: 0 auto;
	}
	.bar-wrapper.has-sidebar {
		max-width: 1430px;
	}
	.mainbar {
		margin: 0;
		padding-right: 1px;
	}
	.mainbar.has-sidebar {
		margin-left: 330px;
	}
	@media (min-width: 1511px) {
		.sidebar {
			width: 400px;
		}
		.bar-wrapper.has-sidebar {
			max-width: 1510px;
		}
		.mainbar.has-sidebar {
			margin-left: 410px;
		}
	}
	.section.first-section {
		margin-top: 9px;
	}
	.blocklink small {
		white-space: normal;
	}
	.button {
		vertical-align: middle;
	}
	.replay-controls {
		padding-top: 10px;
	}
	.replay-controls h1 {
		font-size: 16pt;
		font-weight: normal;
		color: #CCC;
	}
	.pagelink {
		text-align: center;
	}
	.pagelink a {
		width: 150px;
	}
	.textbox, .button {
		font-size: 11pt;
		vertical-align: middle;
	}
	@media (max-width: 450px) {
		.button {
			font-size: 9pt;
		}
	}
</style>

<div>

	<header>
		<div class="nav-wrapper"><ul class="nav">
			<li><a class="button nav-first" href="//pokemonshowdown.com/"><img src="//pokemonshowdown.com/images/pokemonshowdownbeta.png" srcset="//pokemonshowdown.com/images/pokemonshowdownbeta.png 1x, //pokemonshowdown.com/images/pokemonshowdownbeta@2x.png 2x" alt="Pok&eacute;mon Showdown" width="146" height="44" /> Home</a></li>
			<li><a class="button" href="//pokemonshowdown.com/dex/">Pok&eacute;dex</a></li>
			<li><a class="button cur" href="/">Replays</a></li>
			<li><a class="button" href="//pokemonshowdown.com/ladder/">Ladder</a></li>
			<li><a class="button nav-last" href="//pokemonshowdown.com/forums/">Forum</a></li>
			<li><a class="button greenbutton nav-first nav-last" href="//play.pokemonshowdown.com/">Play</a></li>
		</ul></div>
	</header>

	<div class="main" id="main">

		<noscript><section class="section">You need to enable JavaScript to use this page; sorry!</section></noscript>

	</div>

</div>

<script defer nomodule src="//play.pokemonshowdown.com/js/lib/ps-polyfill.js"></script>
<script defer src="//play.pokemonshowdown.com/js/lib/preact.min.js"></script>

<script defer src="//play.pokemonshowdown.com/config/config.js?2bddbc15"></script>
<script defer src="//play.pokemonshowdown.com/js/lib/jquery-1.11.0.min.js"></script>
<script defer src="//play.pokemonshowdown.com/js/lib/html-sanitizer-minified.js"></script>
<script defer src="//play.pokemonshowdown.com/js/battle-sound.js"></script>
<script defer src="//play.pokemonshowdown.com/js/battledata.js?0.7209276989879541"></script>
<script defer src="//play.pokemonshowdown.com/data/pokedex-mini.js?0.6111056340867951"></script>
<script defer src="//play.pokemonshowdown.com/data/pokedex-mini-bw.js?0.3532142036491459"></script>
<script defer src="//play.pokemonshowdown.com/data/graphics.js?0.24223875632456182"></script>
<script defer src="//play.pokemonshowdown.com/data/pokedex.js?0.38839984266356864"></script>
<script defer src="//play.pokemonshowdown.com/data/moves.js?0.21866028504024015"></script>
<script defer src="//play.pokemonshowdown.com/data/abilities.js?0.2005157953846628"></script>
<script defer src="//play.pokemonshowdown.com/data/items.js?0.9894211263848525"></script>
<script defer src="//play.pokemonshowdown.com/data/teambuilder-tables.js?0.6008791140282215"></script>
<script defer src="//play.pokemonshowdown.com/js/battle-tooltips.js?0.7580118955022959"></script>
<script defer src="//play.pokemonshowdown.com/js/battle.js?0.6057722274234274"></script>

<script defer src="js/utils.js?e31f9a17"></script>
<script defer src="js/replays-battle.js?7008c182"></script>

<!-- don't scrape this data! just add .json or .log after the URL!
Full API docs: https://github.com/smogon/pokemon-showdown-client/blob/master/WEB-API.md -->
<script type="text/plain" class="log" id="replaylog-smogtours-gen3ou-794346">
|inactive|Battle timer is ON: inactive players will automatically lose when time's up.
|t:|1727985540
|gametype|singles
|player|p1|Elisy|miku-flying|
|player|p2|Skarph☾eRiM|#scl4platoon2|
|teamsize|p1|6
|teamsize|p2|6
|gen|3
|tier|[Gen 3] OU
|rule|Sleep Clause Mod: Limit one foe put to sleep
|rule|Switch Priority Clause Mod: Faster Pokémon switch first
|rule|Species Clause: Limit one of each Pokémon
|rule|OHKO Clause: OHKO moves are banned
|rule|Evasion Items Clause: Evasion items are banned
|rule|Evasion Moves Clause: Evasion moves are banned
|rule|Endless Battle Clause: Forcing endless battles is banned
|rule|HP Percentage Mod: HP is shown in percentages
|rule|One Boost Passer Clause: Limit one Baton Passer that has a way to boost its stats
|rule|Freeze Clause Mod: Limit one foe frozen
|
|t:|1727985540
|start
|switch|p1a: Zapdos|Zapdos|100/100
|switch|p2a: Zapdos|Zapdos|100/100
|turn|1
|c|☆Skarph☾eRiM|hf
|raw|<div class="broadcast-red"><strong>Moderated chat was set to ☆!<\/strong><br />Only users of rank ☆ and higher can talk.<\/div>
|c|☆Elisy|hf
|inactive|Elisy has 270 seconds left.
|inactive|Elisy has 240 seconds left.
|
|t:|1727985608
|move|p2a: Zapdos|Thunderbolt|p1a: Zapdos
|-damage|p1a: Zapdos|63/100
|move|p1a: Zapdos|Roar|p2a: Zapdos
|drag|p2a: Gengar|Gengar, M|100/100
|
|-heal|p1a: Zapdos|69/100|[from] item: Leftovers
|upkeep
|turn|2
|
|t:|1727985633
|switch|p2a: Blissey|Blissey, F|100/100
|switch|p1a: Jirachi|Jirachi|100/100
|
|upkeep
|turn|3
|
|t:|1727985651
|switch|p1a: Zapdos|Zapdos|69/100
|switch|p2a: Zapdos|Zapdos|100/100
|
|-heal|p1a: Zapdos|75/100|[from] item: Leftovers
|upkeep
|turn|4
|
|t:|1727985662
|move|p2a: Zapdos|Thunderbolt|p1a: Zapdos
|-damage|p1a: Zapdos|36/100
|move|p1a: Zapdos|Roar|p2a: Zapdos
|drag|p2a: Flygon|Flygon, F|100/100
|
|-heal|p1a: Zapdos|42/100|[from] item: Leftovers
|upkeep
|turn|5
|inactive|Skarph☾eRiM has 270 seconds left.
|
|t:|1727985687
|switch|p1a: Flygon|Flygon, F|100/100
|move|p2a: Flygon|Rock Slide|p1a: Flygon
|-resisted|p1a: Flygon
|-damage|p1a: Flygon|93/100
|
|-heal|p1a: Flygon|99/100|[from] item: Leftovers
|upkeep
|turn|6
|inactive|Skarph☾eRiM has 270 seconds left.
|
|t:|1727985709
|switch|p1a: Skarmory|Skarmory, F|100/100
|move|p2a: Flygon|Toxic|p1a: Skarmory
|-immune|p1a: Skarmory
|
|upkeep
|turn|7
|
|t:|1727985716
|switch|p2a: Gengar|Gengar, M|100/100
|move|p1a: Skarmory|Roar|p2a: Gengar
|drag|p2a: Blissey|Blissey, F|100/100
|
|upkeep
|turn|8
|inactive|Skarph☾eRiM has 270 seconds left.
|inactive|Elisy has 270 seconds left.
|
|t:|1727985742
|switch|p1a: Jirachi|Jirachi|100/100
|switch|p2a: Gengar|Gengar, M|100/100
|
|upkeep
|turn|9
|
|t:|1727985756
|move|p2a: Gengar|Will-O-Wisp|p1a: Jirachi
|-status|p1a: Jirachi|brn
|move|p1a: Jirachi|Wish|p1a: Jirachi
|
|-damage|p1a: Jirachi|88/100 brn|[from] brn
|upkeep
|turn|10
|inactive|Elisy has 270 seconds left.
|
|t:|1727985776
|move|p2a: Gengar|Will-O-Wisp|p1a: Jirachi
|-fail|p1a: Jirachi|brn
|move|p1a: Jirachi|Fire Punch|p2a: Gengar
|-damage|p2a: Gengar|79/100
|
|-heal|p1a: Jirachi|100/100 brn|[from] move: Wish|[wisher] Jirachi
|-heal|p2a: Gengar|85/100|[from] item: Leftovers
|-damage|p1a: Jirachi|88/100 brn|[from] brn
|upkeep
|turn|11
|inactive|Elisy has 270 seconds left.
|
|t:|1727985788
|move|p2a: Gengar|Taunt|p1a: Jirachi
|-start|p1a: Jirachi|move: Taunt
|cant|p1a: Jirachi|move: Taunt|Toxic
|
|-heal|p2a: Gengar|91/100|[from] item: Leftovers
|-heal|p1a: Jirachi|94/100 brn|[from] item: Leftovers
|-damage|p1a: Jirachi|82/100 brn|[from] brn
|upkeep
|turn|12
|inactive|Skarph☾eRiM has 240 seconds left.
|inactive|Elisy has 270 seconds left.
|
|t:|1727985817
|switch|p2a: Blissey|Blissey, F|100/100
|move|p1a: Jirachi|Fire Punch|p2a: Blissey
|-damage|p2a: Blissey|94/100
|
|-heal|p1a: Jirachi|88/100 brn|[from] item: Leftovers
|-damage|p1a: Jirachi|76/100 brn|[from] brn
|-end|p1a: Jirachi|move: Taunt|[silent]
|-heal|p2a: Blissey|99/100|[from] item: Leftovers
|upkeep
|turn|13
|inactive|Elisy has 270 seconds left.
|
|t:|1727985845
|switch|p2a: Dugtrio|Dugtrio, M|100/100
|move|p1a: Jirachi|Toxic|p2a: Dugtrio
|-status|p2a: Dugtrio|tox
|
|-damage|p2a: Dugtrio|94/100 tox|[from] psn
|-heal|p1a: Jirachi|82/100 brn|[from] item: Leftovers
|-damage|p1a: Jirachi|70/100 brn|[from] brn
|upkeep
|turn|14
|inactive|Elisy has 270 seconds left.
|
|t:|1727985863
|move|p1a: Jirachi|Protect|p1a: Jirachi
|-singleturn|p1a: Jirachi|Protect
|move|p2a: Dugtrio|Earthquake|p1a: Jirachi
|-activate|p1a: Jirachi|Protect
|
|-damage|p2a: Dugtrio|82/100 tox|[from] psn
|-heal|p1a: Jirachi|76/100 brn|[from] item: Leftovers
|-damage|p1a: Jirachi|63/100 brn|[from] brn
|upkeep
|turn|15
|inactive|Elisy has 270 seconds left.
|
|t:|1727985873
|move|p1a: Jirachi|Protect||[still]
|-fail|p1a: Jirachi
|move|p2a: Dugtrio|Earthquake|p1a: Jirachi
|-supereffective|p1a: Jirachi
|-damage|p1a: Jirachi|0 fnt
|faint|p1a: Jirachi
|
|t:|1727985889
|switch|p1a: Skarmory|Skarmory, F|100/100
|
|-damage|p2a: Dugtrio|64/100 tox|[from] psn
|upkeep
|turn|16
|inactive|Skarph☾eRiM has 240 seconds left.
|
|t:|1727985906
|switch|p2a: Gengar|Gengar, M|91/100
|move|p1a: Skarmory|Spikes|p2a: Gengar
|-sidestart|p2: Skarph☾eRiM|Spikes
|
|-heal|p2a: Gengar|97/100|[from] item: Leftovers
|upkeep
|turn|17
|
|t:|1727985914
|move|p1a: Skarmory|Protect|p1a: Skarmory
|-singleturn|p1a: Skarmory|Protect
|move|p2a: Gengar|Will-O-Wisp|p1a: Skarmory
|-activate|p1a: Skarmory|Protect
|
|-heal|p2a: Gengar|100/100|[from] item: Leftovers
|upkeep
|turn|18
|inactive|Elisy has 270 seconds left.
|
|t:|1727985921
|move|p2a: Gengar|Will-O-Wisp|p1a: Skarmory|[miss]
|-miss|p2a: Gengar|p1a: Skarmory
|move|p1a: Skarmory|Spikes|p2a: Gengar
|-sidestart|p2: Skarph☾eRiM|Spikes
|
|upkeep
|turn|19
|inactive|Elisy has 270 seconds left.
|
|t:|1727985938
|switch|p1a: Zapdos|Zapdos|42/100
|move|p2a: Gengar|Will-O-Wisp|p1a: Zapdos
|-status|p1a: Zapdos|brn
|
|-heal|p1a: Zapdos|48/100 brn|[from] item: Leftovers
|-damage|p1a: Zapdos|36/100 brn|[from] brn
|upkeep
|turn|20
|inactive|Elisy has 270 seconds left.
|inactive|Skarph☾eRiM has 270 seconds left.
|
|t:|1727985969
|switch|p1a: Skarmory|Skarmory, F|100/100
|move|p2a: Gengar|Thunderbolt|p1a: Skarmory
|-supereffective|p1a: Skarmory
|-damage|p1a: Skarmory|53/100
|
|-heal|p1a: Skarmory|59/100|[from] item: Leftovers
|upkeep
|turn|21
|
|t:|1727985982
|move|p1a: Skarmory|Protect|p1a: Skarmory
|-singleturn|p1a: Skarmory|Protect
|move|p2a: Gengar|Will-O-Wisp|p1a: Skarmory
|-activate|p1a: Skarmory|Protect
|
|-heal|p1a: Skarmory|65/100|[from] item: Leftovers
|upkeep
|turn|22
|
|t:|1727985995
|move|p2a: Gengar|Will-O-Wisp|p1a: Skarmory
|-status|p1a: Skarmory|brn
|move|p1a: Skarmory|Roar|p2a: Gengar
|drag|p2a: Flygon|Flygon, F|100/100
|
|-heal|p1a: Skarmory|71/100 brn|[from] item: Leftovers
|-damage|p1a: Skarmory|59/100 brn|[from] brn
|upkeep
|turn|23
|inactive|Skarph☾eRiM has 240 seconds left.
|
|t:|1727986032
|move|p2a: Flygon|Rock Slide|p1a: Skarmory
|-damage|p1a: Skarmory|46/100 brn
|move|p1a: Skarmory|Toxic|p2a: Flygon
|-status|p2a: Flygon|tox
|
|-damage|p2a: Flygon|94/100 tox|[from] psn
|-heal|p1a: Skarmory|52/100 brn|[from] item: Leftovers
|-damage|p1a: Skarmory|39/100 brn|[from] brn
|upkeep
|turn|24
|
|t:|1727986039
|switch|p2a: Blissey|Blissey, F|99/100
|-damage|p2a: Blissey|84/100|[from] Spikes
|move|p1a: Skarmory|Spikes|p2a: Blissey
|-sidestart|p2: Skarph☾eRiM|Spikes
|
|-heal|p1a: Skarmory|45/100 brn|[from] item: Leftovers
|-damage|p1a: Skarmory|33/100 brn|[from] brn
|-heal|p2a: Blissey|90/100|[from] item: Leftovers
|upkeep
|turn|25
|
|t:|1727986057
|switch|p1a: Tyranitar|Tyranitar, F|100/100
|-weather|Sandstorm|[from] ability: Sand Stream|[of] p1a: Tyranitar
|move|p2a: Blissey|Heal Bell|p2a: Blissey
|-activate|p2a: Blissey|move: Heal Bell
|-curestatus|p2: Dugtrio|tox|[silent]
|-curestatus|p2: Flygon|tox|[silent]
|
|-weather|Sandstorm|[upkeep]
|-damage|p2a: Blissey|84/100|[from] Sandstorm
|-heal|p2a: Blissey|90/100|[from] item: Leftovers
|upkeep
|turn|26
|inactive|Skarph☾eRiM has 240 seconds left.
|inactive|Elisy has 240 seconds left.
|
|t:|1727986108
|switch|p1a: Zapdos|Zapdos|36/100 brn
|switch|p2a: Flygon|Flygon, F|94/100
|
|-weather|Sandstorm|[upkeep]
|-damage|p1a: Zapdos|29/100 brn|[from] Sandstorm
|-heal|p1a: Zapdos|36/100 brn|[from] item: Leftovers
|-damage|p1a: Zapdos|23/100 brn|[from] brn
|-heal|p2a: Flygon|100/100|[from] item: Leftovers
|upkeep
|turn|27
|inactive|Skarph☾eRiM has 240 seconds left.
|inactive|Elisy has 210 seconds left.
|
|t:|1727986134
|move|p1a: Zapdos|Rest|p1a: Zapdos
|-status|p1a: Zapdos|slp|[from] move: Rest
|-heal|p1a: Zapdos|100/100 slp|[silent]
|move|p2a: Flygon|Rock Slide|p1a: Zapdos
|-supereffective|p1a: Zapdos
|-damage|p1a: Zapdos|65/100 slp
|
|-weather|Sandstorm|[upkeep]
|-damage|p1a: Zapdos|59/100 slp|[from] Sandstorm
|-heal|p1a: Zapdos|65/100 slp|[from] item: Leftovers
|upkeep
|turn|28
|inactive|Skarph☾eRiM has 240 seconds left.
|
|t:|1727986148
|switch|p1a: Flygon|Flygon, F|99/100
|move|p2a: Flygon|Toxic|p1a: Flygon|[miss]
|-miss|p2a: Flygon|p1a: Flygon
|
|-weather|Sandstorm|[upkeep]
|-heal|p1a: Flygon|100/100|[from] item: Leftovers
|upkeep
|turn|29
|
|t:|1727986162
|switch|p2a: Skarmory|Skarmory, M|100/100
|move|p1a: Flygon|Toxic|p2a: Skarmory
|-immune|p2a: Skarmory
|
|-weather|Sandstorm|[upkeep]
|upkeep
|turn|30
|
|t:|1727986170
|switch|p1a: Zapdos|Zapdos|65/100 slp
|move|p2a: Skarmory|Spikes|p1a: Zapdos
|-sidestart|p1: Elisy|Spikes
|
|-weather|Sandstorm|[upkeep]
|-damage|p1a: Zapdos|59/100 slp|[from] Sandstorm
|-heal|p1a: Zapdos|65/100 slp|[from] item: Leftovers
|upkeep
|turn|31
|inactive|Elisy has 210 seconds left.
|
|t:|1727986176
|switch|p2a: Flygon|Flygon, F|100/100
|cant|p1a: Zapdos|slp
|
|-weather|Sandstorm|[upkeep]
|-damage|p1a: Zapdos|59/100 slp|[from] Sandstorm
|-heal|p1a: Zapdos|65/100 slp|[from] item: Leftovers
|upkeep
|turn|32
|inactive|Elisy has 210 seconds left.
|inactive|Skarph☾eRiM has 270 seconds left.
|
|t:|1727986188
|cant|p1a: Zapdos|slp
|move|p2a: Flygon|Rock Slide|p1a: Zapdos
|-supereffective|p1a: Zapdos
|-damage|p1a: Zapdos|29/100 slp
|
|-weather|Sandstorm|[upkeep]
|-damage|p1a: Zapdos|22/100 slp|[from] Sandstorm
|-heal|p1a: Zapdos|29/100 slp|[from] item: Leftovers
|upkeep
|turn|33
|
|t:|1727986195
|-curestatus|p1a: Zapdos|slp|[msg]
|move|p1a: Zapdos|Rest|p1a: Zapdos
|-status|p1a: Zapdos|slp|[from] move: Rest
|-heal|p1a: Zapdos|100/100 slp|[silent]
|move|p2a: Flygon|Rock Slide|p1a: Zapdos
|-supereffective|p1a: Zapdos
|-damage|p1a: Zapdos|66/100 slp
|
|-weather|Sandstorm|[upkeep]
|-damage|p1a: Zapdos|60/100 slp|[from] Sandstorm
|-heal|p1a: Zapdos|66/100 slp|[from] item: Leftovers
|upkeep
|turn|34
|
|t:|1727986204
|switch|p1a: Flygon|Flygon, F|100/100
|move|p2a: Flygon|Rock Slide|p1a: Flygon
|-resisted|p1a: Flygon
|-damage|p1a: Flygon|94/100
|
|-weather|Sandstorm|[upkeep]
|-heal|p1a: Flygon|99/100|[from] item: Leftovers
|upkeep
|turn|35
|
|t:|1727986209
|switch|p1a: Zapdos|Zapdos|66/100 slp
|switch|p2a: Gengar|Gengar, M|100/100
|
|-weather|Sandstorm|[upkeep]
|-damage|p2a: Gengar|95/100|[from] Sandstorm
|-damage|p1a: Zapdos|60/100 slp|[from] Sandstorm
|-heal|p2a: Gengar|100/100|[from] item: Leftovers
|-heal|p1a: Zapdos|66/100 slp|[from] item: Leftovers
|upkeep
|turn|36
|
|t:|1727986232
|switch|p1a: Skarmory|Skarmory, F|33/100 brn
|move|p2a: Gengar|Thunderbolt|p1a: Skarmory
|-supereffective|p1a: Skarmory
|-damage|p1a: Skarmory|0 fnt
|faint|p1a: Skarmory
|
|t:|1727986240
|switch|p1a: Aerodactyl|Aerodactyl, F|100/100
|
|-weather|Sandstorm|[upkeep]
|-damage|p2a: Gengar|95/100|[from] Sandstorm
|-heal|p2a: Gengar|100/100|[from] item: Leftovers
|upkeep
|turn|37
|inactive|Elisy has 240 seconds left.
|inactive|Skarph☾eRiM has 270 seconds left.
|
|t:|1727986271
|switch|p2a: Flygon|Flygon, F|100/100
|move|p1a: Aerodactyl|Rock Slide|p2a: Flygon
|-resisted|p2a: Flygon
|-damage|p2a: Flygon|79/100
|
|-weather|Sandstorm|[upkeep]
|-heal|p2a: Flygon|85/100|[from] item: Leftovers
|upkeep
|turn|38
|
|t:|1727986281
|switch|p1a: Flygon|Flygon, F|99/100
|move|p2a: Flygon|Toxic|p1a: Flygon
|-status|p1a: Flygon|tox
|
|-weather|Sandstorm|[upkeep]
|-heal|p1a: Flygon|100/100 tox|[from] item: Leftovers
|-heal|p2a: Flygon|91/100|[from] item: Leftovers
|-damage|p1a: Flygon|94/100 tox|[from] psn
|upkeep
|turn|39
|inactive|Elisy has 240 seconds left.
|
|t:|1727986296
|move|p2a: Flygon|Protect|p2a: Flygon
|-singleturn|p2a: Flygon|Protect
|move|p1a: Flygon|Flamethrower|p2a: Flygon
|-activate|p2a: Flygon|Protect
|
|-weather|Sandstorm|[upkeep]
|-heal|p1a: Flygon|100/100 tox|[from] item: Leftovers
|-heal|p2a: Flygon|97/100|[from] item: Leftovers
|-damage|p1a: Flygon|88/100 tox|[from] psn
|upkeep
|turn|40
|
|t:|1727986313
|switch|p2a: Zapdos|Zapdos|100/100
|switch|p1a: Zapdos|Zapdos|66/100 slp
|
|-weather|Sandstorm|[upkeep]
|-damage|p2a: Zapdos|95/100|[from] Sandstorm
|-damage|p1a: Zapdos|60/100 slp|[from] Sandstorm
|-heal|p2a: Zapdos|100/100|[from] item: Leftovers
|-heal|p1a: Zapdos|66/100 slp|[from] item: Leftovers
|upkeep
|turn|41
|
|t:|1727986326
|move|p2a: Zapdos|Thunderbolt|p1a: Zapdos
|-damage|p1a: Zapdos|29/100 slp
|cant|p1a: Zapdos|slp
|
|-weather|Sandstorm|[upkeep]
|-damage|p2a: Zapdos|95/100|[from] Sandstorm
|-damage|p1a: Zapdos|23/100 slp|[from] Sandstorm
|-heal|p2a: Zapdos|100/100|[from] item: Leftovers
|-heal|p1a: Zapdos|29/100 slp|[from] item: Leftovers
|upkeep
|turn|42
|
|t:|1727986333
|switch|p1a: Flygon|Flygon, F|88/100 tox
|move|p2a: Zapdos|Thunderbolt|p1a: Flygon
|-immune|p1a: Flygon
|
|-weather|Sandstorm|[upkeep]
|-damage|p2a: Zapdos|95/100|[from] Sandstorm
|-heal|p2a: Zapdos|100/100|[from] item: Leftovers
|-heal|p1a: Flygon|94/100 tox|[from] item: Leftovers
|-damage|p1a: Flygon|88/100 tox|[from] psn
|upkeep
|turn|43
|
|t:|1727986345
|move|p2a: Zapdos|Hidden Power|p1a: Flygon
|-damage|p1a: Flygon|61/100 tox
|move|p1a: Flygon|Earthquake|p2a: Zapdos
|-immune|p2a: Zapdos
|
|-weather|Sandstorm|[upkeep]
|-damage|p2a: Zapdos|95/100|[from] Sandstorm
|-heal|p2a: Zapdos|100/100|[from] item: Leftovers
|-heal|p1a: Flygon|67/100 tox|[from] item: Leftovers
|-damage|p1a: Flygon|55/100 tox|[from] psn
|upkeep
|turn|44
|inactive|Elisy has 240 seconds left.
|
|t:|1727986376
|move|p2a: Zapdos|Hidden Power|p1a: Flygon
|-damage|p1a: Flygon|29/100 tox
|move|p1a: Flygon|Toxic|p2a: Zapdos|[miss]
|-miss|p1a: Flygon|p2a: Zapdos
|
|-weather|Sandstorm|[upkeep]
|-damage|p2a: Zapdos|95/100|[from] Sandstorm
|-heal|p2a: Zapdos|100/100|[from] item: Leftovers
|-heal|p1a: Flygon|35/100 tox|[from] item: Leftovers
|-damage|p1a: Flygon|17/100 tox|[from] psn
|upkeep
|turn|45
|inactive|Elisy has 240 seconds left.
|
|t:|1727986381
|switch|p1a: Tyranitar|Tyranitar, F|100/100
|-damage|p1a: Tyranitar|88/100|[from] Spikes
|move|p2a: Zapdos|Hidden Power|p1a: Tyranitar
|-supereffective|p1a: Tyranitar
|-damage|p1a: Tyranitar|38/100
|
|-weather|Sandstorm|[upkeep]
|-damage|p2a: Zapdos|95/100|[from] Sandstorm
|-heal|p2a: Zapdos|100/100|[from] item: Leftovers
|-heal|p1a: Tyranitar|44/100|[from] item: Leftovers
|upkeep
|turn|46
|
|t:|1727986392
|move|p2a: Zapdos|Thunderbolt|p1a: Tyranitar
|-damage|p1a: Tyranitar|0 fnt
|faint|p1a: Tyranitar
|
|t:|1727986396
|switch|p1a: Aerodactyl|Aerodactyl, F|100/100
|
|-weather|Sandstorm|[upkeep]
|-damage|p2a: Zapdos|95/100|[from] Sandstorm
|-heal|p2a: Zapdos|100/100|[from] item: Leftovers
|upkeep
|turn|47
|
|t:|1727986410
|switch|p1a: Zapdos|Zapdos|29/100 slp
|switch|p2a: Flygon|Flygon, F|97/100
|
|-weather|Sandstorm|[upkeep]
|-damage|p1a: Zapdos|23/100 slp|[from] Sandstorm
|-heal|p1a: Zapdos|29/100 slp|[from] item: Leftovers
|-heal|p2a: Flygon|100/100|[from] item: Leftovers
|upkeep
|turn|48
|
|t:|1727986430
|switch|p1a: Flygon|Flygon, F|17/100 tox
|move|p2a: Flygon|Rock Slide|p1a: Flygon
|-resisted|p1a: Flygon
|-damage|p1a: Flygon|10/100 tox
|
|-weather|Sandstorm|[upkeep]
|-heal|p1a: Flygon|16/100 tox|[from] item: Leftovers
|-damage|p1a: Flygon|10/100 tox|[from] psn
|upkeep
|turn|49
|
|t:|1727986443
|switch|p2a: Zapdos|Zapdos|100/100
|move|p1a: Flygon|Toxic|p2a: Zapdos|[miss]
|-miss|p1a: Flygon|p2a: Zapdos
|
|-weather|Sandstorm|[upkeep]
|-damage|p2a: Zapdos|95/100|[from] Sandstorm
|-heal|p2a: Zapdos|100/100|[from] item: Leftovers
|-heal|p1a: Flygon|16/100 tox|[from] item: Leftovers
|-damage|p1a: Flygon|4/100 tox|[from] psn
|upkeep
|turn|50
|
|t:|1727986451
|move|p2a: Zapdos|Thunderbolt|p1a: Flygon
|-immune|p1a: Flygon
|move|p1a: Flygon|Toxic|p2a: Zapdos
|-status|p2a: Zapdos|tox
|
|-weather|Sandstorm|[upkeep]
|-damage|p2a: Zapdos|95/100 tox|[from] Sandstorm
|-heal|p2a: Zapdos|100/100 tox|[from] item: Leftovers
|-damage|p2a: Zapdos|95/100 tox|[from] psn
|-heal|p1a: Flygon|10/100 tox|[from] item: Leftovers
|-damage|p1a: Flygon|0 fnt|[from] psn
|faint|p1a: Flygon
|upkeep
|
|t:|1727986457
|switch|p1a: Aerodactyl|Aerodactyl, F|100/100
|turn|51
|
|t:|1727986473
|switch|p2a: Skarmory|Skarmory, M|100/100
|move|p1a: Aerodactyl|Rock Slide|p2a: Skarmory
|-damage|p2a: Skarmory|65/100
|
|-weather|Sandstorm|[upkeep]
|-heal|p2a: Skarmory|71/100|[from] item: Leftovers
|upkeep
|turn|52
|inactive|Elisy has 270 seconds left.
|
|t:|1727986481
|switch|p2a: Flygon|Flygon, F|100/100
|move|p1a: Aerodactyl|Rock Slide|p2a: Flygon
|-resisted|p2a: Flygon
|-damage|p2a: Flygon|82/100
|
|-weather|Sandstorm|[upkeep]
|-heal|p2a: Flygon|88/100|[from] item: Leftovers
|upkeep
|turn|53
|
|t:|1727986487
|move|p1a: Aerodactyl|Rock Slide|p2a: Flygon
|-resisted|p2a: Flygon
|-damage|p2a: Flygon|66/100
|move|p2a: Flygon|Rock Slide|p1a: Aerodactyl|[miss]
|-miss|p2a: Flygon|p1a: Aerodactyl
|
|-weather|Sandstorm|[upkeep]
|-heal|p2a: Flygon|72/100|[from] item: Leftovers
|upkeep
|turn|54
|
|t:|1727986494
|move|p2a: Flygon|Protect|p2a: Flygon
|-singleturn|p2a: Flygon|Protect
|move|p1a: Aerodactyl|Rock Slide|p2a: Flygon
|-activate|p2a: Flygon|Protect
|
|-weather|Sandstorm|[upkeep]
|-heal|p2a: Flygon|78/100|[from] item: Leftovers
|upkeep
|turn|55
|
|t:|1727986498
|move|p1a: Aerodactyl|Rock Slide|p2a: Flygon
|-resisted|p2a: Flygon
|-damage|p2a: Flygon|59/100
|move|p2a: Flygon|Toxic|p1a: Aerodactyl
|-status|p1a: Aerodactyl|tox
|
|-weather|Sandstorm|[upkeep]
|-damage|p1a: Aerodactyl|95/100 tox|[from] psn
|-heal|p2a: Flygon|65/100|[from] item: Leftovers
|upkeep
|turn|56
|
|t:|1727986502
|switch|p1a: Zapdos|Zapdos|29/100 slp
|move|p2a: Flygon|Protect||[still]
|-fail|p2a: Flygon
|
|-weather|Sandstorm|[upkeep]
|-damage|p1a: Zapdos|23/100 slp|[from] Sandstorm
|-heal|p1a: Zapdos|29/100 slp|[from] item: Leftovers
|-heal|p2a: Flygon|71/100|[from] item: Leftovers
|upkeep
|turn|57
|
|t:|1727986507
|switch|p2a: Zapdos|Zapdos|95/100 tox
|cant|p1a: Zapdos|slp
|
|-weather|Sandstorm|[upkeep]
|-damage|p2a: Zapdos|89/100 tox|[from] Sandstorm
|-damage|p1a: Zapdos|23/100 slp|[from] Sandstorm
|-heal|p2a: Zapdos|95/100 tox|[from] item: Leftovers
|-damage|p2a: Zapdos|89/100 tox|[from] psn
|-heal|p1a: Zapdos|29/100 slp|[from] item: Leftovers
|upkeep
|turn|58
|
|t:|1727986515
|move|p2a: Zapdos|Thunderbolt|p1a: Zapdos
|-damage|p1a: Zapdos|0 fnt
|faint|p1a: Zapdos
|c|☆Elisy|gg
|c|☆Skarph☾eRiM|gg
|c|☆Elisy|/log Elisy made the replay of this battle unlisted.
|
|t:|1727986528
|switch|p1a: Aerodactyl|Aerodactyl, F|95/100 tox
|
|-weather|Sandstorm|[upkeep]
|-damage|p2a: Zapdos|83/100 tox|[from] Sandstorm
|-damage|p1a: Aerodactyl|89/100 tox|[from] psn
|-heal|p2a: Zapdos|89/100 tox|[from] item: Leftovers
|-damage|p2a: Zapdos|77/100 tox|[from] psn
|upkeep
|turn|59
|
|t:|1727986532
|move|p1a: Aerodactyl|Rock Slide|p2a: Zapdos
|-supereffective|p2a: Zapdos
|-damage|p2a: Zapdos|0 fnt
|faint|p2a: Zapdos
|
|t:|1727986534
|switch|p2a: Flygon|Flygon, F|71/100
|
|-weather|Sandstorm|[upkeep]
|-damage|p1a: Aerodactyl|77/100 tox|[from] psn
|-heal|p2a: Flygon|77/100|[from] item: Leftovers
|upkeep
|turn|60
|
|t:|1727986536
|move|p1a: Aerodactyl|Rock Slide|p2a: Flygon
|-resisted|p2a: Flygon
|-damage|p2a: Flygon|57/100
|cant|p2a: Flygon|flinch
|
|-weather|Sandstorm|[upkeep]
|-damage|p1a: Aerodactyl|59/100 tox|[from] psn
|-heal|p2a: Flygon|63/100|[from] item: Leftovers
|upkeep
|turn|61
|
|t:|1727986541
|move|p1a: Aerodactyl|Rock Slide|p2a: Flygon
|-resisted|p2a: Flygon
|-damage|p2a: Flygon|43/100
|cant|p2a: Flygon|flinch
|
|-weather|Sandstorm|[upkeep]
|-damage|p1a: Aerodactyl|35/100 tox|[from] psn
|-heal|p2a: Flygon|49/100|[from] item: Leftovers
|upkeep
|turn|62
|
|t:|1727986544
|move|p1a: Aerodactyl|Rock Slide|p2a: Flygon
|-resisted|p2a: Flygon
|-damage|p2a: Flygon|30/100
|move|p2a: Flygon|Rock Slide|p1a: Aerodactyl
|-supereffective|p1a: Aerodactyl
|-damage|p1a: Aerodactyl|0 fnt
|faint|p1a: Aerodactyl
|
|win|Skarph☾eRiM

</script>
<script type="application/json" class="data" id="replaydata-smogtours-gen3ou-794346">
{"id":"smogtours-gen3ou-794346","format":"[Gen 3] OU","players":["Elisy","Skarph\u263eeRiM"],"uploadtime":1727986544,"views":145,"formatid":"gen3ou","rating":null,"private":1,"password":null}
</script>

<script defer src="js/replays.js?9d40a366"></script>
