<!DOCTYPE html>
<meta charset="utf-8" />
<meta name="viewport" content="width=device-width" />

<title>[Gen 3] OU: tahat squared vs. beeoi - Replays - Pok&eacute;mon Showdown!</title>

<meta name="description" content="Watch a replay of a Pok&eacute;mon battle between tahat squared and beeoi! Format: [Gen 3] OU; Date: Oct 21, 2024" />
<!--

Hey, you! Looking in the source for the replay log?

You can find them in JSON format, just add `.json` at the end of a replay URL.

https://replay.pokemonshowdown.com/gen7randomdoublesbattle-865046831.json

Or, if you only need the log itself, add `.log` instead:

https://replay.pokemonshowdown.com/gen7randomdoublesbattle-865046831.log

-->

<link rel="stylesheet" href="//pokemonshowdown.com/style/global.css?0.023195364461161105" />
<link rel="stylesheet" href="//play.pokemonshowdown.com/style/font-awesome.css?0.13261647063804238" />
<link rel="stylesheet" href="//play.pokemonshowdown.com/style/battle.css?0.8753245789963631" />
<link rel="stylesheet" href="//play.pokemonshowdown.com/style/utilichart.css?0.8627959624976733" />

<!-- Global site tag (gtag.js) - Google Analytics -->
<script async src="https://www.googletagmanager.com/gtag/js?id=UA-26211653-1"></script>
<script>
  window.dataLayer = window.dataLayer || [];
  function gtag(){dataLayer.push(arguments);}
  gtag('js', new Date());

  gtag('config', 'UA-26211653-1');
</script>
<!-- End Google Analytics -->
<!-- Venatus Ad Manager - Install in <HEAD> of page -->
	<script src="https://hb.vntsm.com/v3/live/ad-manager.min.js" type="text/javascript" data-site-id="642aba63ec9a7b11c3c9c1be" data-mode="scan" async></script>
<!-- / Venatus Ad Manager -->

<style>
	@media (max-width:820px) {
		.battle {
			margin: 0 auto;
		}
		.battle-log {
			margin: 7px auto 0;
			max-width: 640px;
			height: 300px;
			position: static;
		}
	}
	.optgroup {
		display: inline-block;
		line-height: 22px;
		font-size: 10pt;
	}
	.optgroup .button {
		height: 25px;
		padding-top: 0;
		padding-bottom: 0;
	}
	.optgroup button.button {
		padding-left: 12px;
		padding-right: 12px;
	}
	.linklist {
		list-style: none;
		margin: 0.5em 0;
		padding: 0;
	}
	.linklist li {
		padding: 2px 0;
	}
	.sidebar {
		float: left;
		width: 320px;
	}
	.bar-wrapper {
		max-width: 1100px;
		margin: 0 auto;
	}
	.bar-wrapper.has-sidebar {
		max-width: 1430px;
	}
	.mainbar {
		margin: 0;
		padding-right: 1px;
	}
	.mainbar.has-sidebar {
		margin-left: 330px;
	}
	@media (min-width: 1511px) {
		.sidebar {
			width: 400px;
		}
		.bar-wrapper.has-sidebar {
			max-width: 1510px;
		}
		.mainbar.has-sidebar {
			margin-left: 410px;
		}
	}
	.section.first-section {
		margin-top: 9px;
	}
	.blocklink small {
		white-space: normal;
	}
	.button {
		vertical-align: middle;
	}
	.replay-controls {
		padding-top: 10px;
	}
	.replay-controls h1 {
		font-size: 16pt;
		font-weight: normal;
		color: #CCC;
	}
	.pagelink {
		text-align: center;
	}
	.pagelink a {
		width: 150px;
	}
	.textbox, .button {
		font-size: 11pt;
		vertical-align: middle;
	}
	@media (max-width: 450px) {
		.button {
			font-size: 9pt;
		}
	}
</style>

<div>

	<header>
		<div class="nav-wrapper"><ul class="nav">
			<li><a class="button nav-first" href="//pokemonshowdown.com/"><img src="//pokemonshowdown.com/images/pokemonshowdownbeta.png" srcset="//pokemonshowdown.com/images/pokemonshowdownbeta.png 1x, //pokemonshowdown.com/images/pokemonshowdownbeta@2x.png 2x" alt="Pok&eacute;mon Showdown" width="146" height="44" /> Home</a></li>
			<li><a class="button" href="//pokemonshowdown.com/dex/">Pok&eacute;dex</a></li>
			<li><a class="button cur" href="/">Replays</a></li>
			<li><a class="button" href="//pokemonshowdown.com/ladder/">Ladder</a></li>
			<li><a class="button nav-last" href="//pokemonshowdown.com/forums/">Forum</a></li>
			<li><a class="button greenbutton nav-first nav-last" href="//play.pokemonshowdown.com/">Play</a></li>
		</ul></div>
	</header>

	<div class="main" id="main">

		<noscript><section class="section">You need to enable JavaScript to use this page; sorry!</section></noscript>

	</div>

</div>

<script defer nomodule src="//play.pokemonshowdown.com/js/lib/ps-polyfill.js"></script>
<script defer src="//play.pokemonshowdown.com/js/lib/preact.min.js"></script>

<script defer src="//play.pokemonshowdown.com/config/config.js?2bddbc15"></script>
<script defer src="//play.pokemonshowdown.com/js/lib/jquery-1.11.0.min.js"></script>
<script defer src="//play.pokemonshowdown.com/js/lib/html-sanitizer-minified.js"></script>
<script defer src="//play.pokemonshowdown.com/js/battle-sound.js"></script>
<script defer src="//play.pokemonshowdown.com/js/battledata.js?0.7209276989879541"></script>
<script defer src="//play.pokemonshowdown.com/data/pokedex-mini.js?0.6111056340867951"></script>
<script defer src="//play.pokemonshowdown.com/data/pokedex-mini-bw.js?0.3532142036491459"></script>
<script defer src="//play.pokemonshowdown.com/data/graphics.js?0.24223875632456182"></script>
<script defer src="//play.pokemonshowdown.com/data/pokedex.js?0.38839984266356864"></script>
<script defer src="//play.pokemonshowdown.com/data/moves.js?0.21866028504024015"></script>
<script defer src="//play.pokemonshowdown.com/data/abilities.js?0.2005157953846628"></script>
<script defer src="//play.pokemonshowdown.com/data/items.js?0.9894211263848525"></script>
<script defer src="//play.pokemonshowdown.com/data/teambuilder-tables.js?0.6008791140282215"></script>
<script defer src="//play.pokemonshowdown.com/js/battle-tooltips.js?0.7580118955022959"></script>
<script defer src="//play.pokemonshowdown.com/js/battle.js?0.6057722274234274"></script>

<script defer src="js/utils.js?e31f9a17"></script>
<script defer src="js/replays-battle.js?7008c182"></script>

<!-- don't scrape this data! just add .json or .log after the URL!
Full API docs: https://github.com/smogon/pokemon-showdown-client/blob/master/WEB-API.md -->
<script type="text/plain" class="log" id="replaylog-smogtours-gen3ou-801051">
|inactive|Battle timer is ON: inactive players will automatically lose when time's up.
|t:|1729523118
|gametype|singles
|player|p1|tahat squared|266|
|player|p2|beeoi|mustard-master|
|teamsize|p1|6
|teamsize|p2|6
|gen|3
|tier|[Gen 3] OU
|rule|Sleep Clause Mod: Limit one foe put to sleep
|rule|Switch Priority Clause Mod: Faster Pokémon switch first
|rule|Species Clause: Limit one of each Pokémon
|rule|OHKO Clause: OHKO moves are banned
|rule|Evasion Items Clause: Evasion items are banned
|rule|Evasion Moves Clause: Evasion moves are banned
|rule|Endless Battle Clause: Forcing endless battles is banned
|rule|HP Percentage Mod: HP is shown in percentages
|rule|One Boost Passer Clause: Limit one Baton Passer that has a way to boost its stats
|rule|Freeze Clause Mod: Limit one foe frozen
|
|t:|1729523118
|start
|switch|p1a: Metagross|Metagross|100/100
|switch|p2a: Tyranitar|Tyranitar, M|100/100
|-weather|Sandstorm|[from] ability: Sand Stream|[of] p2a: Tyranitar
|turn|1
|c|☆beeoi|GLHF
|c|☆tahat squared|hf
|inactive|beeoi has 270 seconds left.
|
|t:|1729523149
|switch|p2a: Skarmory|Skarmory, M|100/100
|move|p1a: Metagross|Meteor Mash|p2a: Skarmory
|-resisted|p2a: Skarmory
|-damage|p2a: Skarmory|78/100
|
|-weather|Sandstorm|[upkeep]
|-heal|p2a: Skarmory|84/100|[from] item: Leftovers
|upkeep
|turn|2
|
|t:|1729523161
|switch|p1a: Skarmory|Skarmory, M|100/100
|move|p2a: Skarmory|Protect||[still]
|-fail|p2a: Skarmory
|
|-weather|Sandstorm|[upkeep]
|-heal|p2a: Skarmory|90/100|[from] item: Leftovers
|upkeep
|turn|3
|
|t:|1729523176
|move|p2a: Skarmory|Spikes|p1a: Skarmory
|-sidestart|p1: tahat squared|Spikes
|move|p1a: Skarmory|Spikes|p2a: Skarmory
|-sidestart|p2: beeoi|Spikes
|
|-weather|Sandstorm|[upkeep]
|-heal|p2a: Skarmory|96/100|[from] item: Leftovers
|upkeep
|turn|4
|
|t:|1729523192
|switch|p2a: Gengar|Gengar, M|100/100
|move|p1a: Skarmory|Roar|p2a: Gengar
|drag|p2a: Skarmory|Skarmory, M|96/100
|
|-weather|Sandstorm|[upkeep]
|-heal|p2a: Skarmory|100/100|[from] item: Leftovers
|upkeep
|turn|5
|
|t:|1729523202
|move|p2a: Skarmory|Spikes|p1a: Skarmory
|-sidestart|p1: tahat squared|Spikes
|move|p1a: Skarmory|Spikes|p2a: Skarmory
|-sidestart|p2: beeoi|Spikes
|
|-weather|Sandstorm|[upkeep]
|upkeep
|turn|6
|
|t:|1729523211
|switch|p2a: Gengar|Gengar, M|100/100
|move|p1a: Skarmory|Spikes|p2a: Gengar
|-sidestart|p2: beeoi|Spikes
|
|-weather|Sandstorm|[upkeep]
|-damage|p2a: Gengar|94/100|[from] Sandstorm
|-heal|p2a: Gengar|100/100|[from] item: Leftovers
|upkeep
|turn|7
|
|t:|1729523222
|switch|p1a: Blissey|Blissey, F|100/100
|-damage|p1a: Blissey|84/100|[from] Spikes
|move|p2a: Gengar|Thunderbolt|p1a: Blissey
|-damage|p1a: Blissey|74/100
|
|-weather|Sandstorm|[upkeep]
|-damage|p2a: Gengar|94/100|[from] Sandstorm
|-damage|p1a: Blissey|68/100|[from] Sandstorm
|-heal|p2a: Gengar|100/100|[from] item: Leftovers
|-heal|p1a: Blissey|74/100|[from] item: Leftovers
|upkeep
|turn|8
|
|t:|1729523246
|switch|p1a: Claydol|Claydol|100/100
|move|p2a: Gengar|Will-O-Wisp|p1a: Claydol
|-status|p1a: Claydol|brn
|
|-weather|Sandstorm|[upkeep]
|-damage|p2a: Gengar|94/100|[from] Sandstorm
|-heal|p2a: Gengar|100/100|[from] item: Leftovers
|-damage|p1a: Claydol|88/100 brn|[from] brn
|upkeep
|turn|9
|inactive|beeoi has 270 seconds left.
|
|t:|1729523266
|switch|p2a: Tyranitar|Tyranitar, M|100/100
|-damage|p2a: Tyranitar|76/100|[from] Spikes
|move|p1a: Claydol|Psychic|p2a: Tyranitar
|-immune|p2a: Tyranitar
|
|-weather|Sandstorm|[upkeep]
|-heal|p1a: Claydol|94/100 brn|[from] item: Leftovers
|-damage|p1a: Claydol|82/100 brn|[from] brn
|upkeep
|turn|10
|inactive|beeoi has 270 seconds left.
|
|t:|1729523280
|move|p2a: Tyranitar|Hidden Power|p1a: Claydol
|-supereffective|p1a: Claydol
|-damage|p1a: Claydol|32/100 brn
|move|p1a: Claydol|Psychic|p2a: Tyranitar
|-immune|p2a: Tyranitar
|
|-weather|Sandstorm|[upkeep]
|-heal|p1a: Claydol|38/100 brn|[from] item: Leftovers
|-damage|p1a: Claydol|26/100 brn|[from] brn
|upkeep
|turn|11
|inactive|beeoi has 270 seconds left.
|
|t:|1729523292
|switch|p1a: Skarmory|Skarmory, M|100/100
|move|p2a: Tyranitar|Hidden Power|p1a: Skarmory
|-resisted|p1a: Skarmory
|-damage|p1a: Skarmory|96/100
|
|-weather|Sandstorm|[upkeep]
|-heal|p1a: Skarmory|100/100|[from] item: Leftovers
|upkeep
|turn|12
|inactive|beeoi has 270 seconds left.
|
|t:|1729523313
|move|p1a: Skarmory|Drill Peck|p2a: Tyranitar
|-resisted|p2a: Tyranitar
|-damage|p2a: Tyranitar|67/100
|move|p2a: Tyranitar|Roar|p1a: Skarmory
|drag|p1a: Suicune|Suicune|100/100
|-damage|p1a: Suicune|84/100|[from] Spikes
|
|-weather|Sandstorm|[upkeep]
|-damage|p1a: Suicune|78/100|[from] Sandstorm
|-heal|p1a: Suicune|84/100|[from] item: Leftovers
|upkeep
|turn|13
|
|t:|1729523328
|move|p1a: Suicune|Surf|p2a: Tyranitar
|-supereffective|p2a: Tyranitar
|-crit|p2a: Tyranitar
|-damage|p2a: Tyranitar|0 fnt
|faint|p2a: Tyranitar
|
|t:|1729523340
|switch|p2a: Swampert|Swampert, F|100/100
|-damage|p2a: Swampert|76/100|[from] Spikes
|
|-weather|Sandstorm|[upkeep]
|-damage|p1a: Suicune|78/100|[from] Sandstorm
|-heal|p1a: Suicune|84/100|[from] item: Leftovers
|-heal|p2a: Swampert|82/100|[from] item: Leftovers
|upkeep
|turn|14
|
|t:|1729523359
|switch|p1a: Skarmory|Skarmory, M|100/100
|move|p2a: Swampert|Roar|p1a: Skarmory
|drag|p1a: Claydol|Claydol|26/100 brn
|
|-weather|Sandstorm|[upkeep]
|-heal|p1a: Claydol|32/100 brn|[from] item: Leftovers
|-damage|p1a: Claydol|20/100 brn|[from] brn
|-heal|p2a: Swampert|88/100|[from] item: Leftovers
|upkeep
|turn|15
|
|t:|1729523371
|move|p2a: Swampert|Protect|p2a: Swampert
|-singleturn|p2a: Swampert|Protect
|move|p1a: Claydol|Rapid Spin|p2a: Swampert
|-activate|p2a: Swampert|Protect
|
|-weather|Sandstorm|[upkeep]
|-heal|p1a: Claydol|26/100 brn|[from] item: Leftovers
|-damage|p1a: Claydol|14/100 brn|[from] brn
|-heal|p2a: Swampert|94/100|[from] item: Leftovers
|upkeep
|turn|16
|
|t:|1729523383
|switch|p2a: Gengar|Gengar, M|100/100
|move|p1a: Claydol|Psychic|p2a: Gengar
|-supereffective|p2a: Gengar
|-damage|p2a: Gengar|47/100
|
|-weather|Sandstorm|[upkeep]
|-damage|p2a: Gengar|40/100|[from] Sandstorm
|-heal|p2a: Gengar|47/100|[from] item: Leftovers
|-heal|p1a: Claydol|20/100 brn|[from] item: Leftovers
|-damage|p1a: Claydol|8/100 brn|[from] brn
|upkeep
|turn|17
|
|t:|1729523395
|switch|p1a: Blissey|Blissey, F|74/100
|-damage|p1a: Blissey|57/100|[from] Spikes
|move|p2a: Gengar|Ice Punch|p1a: Blissey
|-damage|p1a: Blissey|48/100
|
|-weather|Sandstorm|[upkeep]
|-damage|p2a: Gengar|40/100|[from] Sandstorm
|-damage|p1a: Blissey|42/100|[from] Sandstorm
|-heal|p2a: Gengar|47/100|[from] item: Leftovers
|-heal|p1a: Blissey|48/100|[from] item: Leftovers
|upkeep
|turn|18
|
|t:|1729523407
|move|p2a: Gengar|Explosion|p1a: Blissey
|-damage|p1a: Blissey|0 fnt
|faint|p2a: Gengar
|faint|p1a: Blissey
|
|t:|1729523424
|switch|p2a: Jirachi|Jirachi|100/100
|switch|p1a: Skarmory|Skarmory, M|100/100
|-damage|p2a: Jirachi|75/100|[from] Spikes
|
|-weather|Sandstorm|[upkeep]
|-heal|p2a: Jirachi|82/100|[from] item: Leftovers
|upkeep
|turn|19
|
|t:|1729523452
|switch|p1a: Metagross|Metagross|100/100
|-damage|p1a: Metagross|84/100|[from] Spikes
|move|p2a: Jirachi|Wish|p2a: Jirachi
|
|-weather|Sandstorm|[upkeep]
|-heal|p2a: Jirachi|88/100|[from] item: Leftovers
|-heal|p1a: Metagross|90/100|[from] item: Leftovers
|upkeep
|turn|20
|
|t:|1729523478
|switch|p2a: Swampert|Swampert, F|94/100
|-damage|p2a: Swampert|69/100|[from] Spikes
|move|p1a: Metagross|Earthquake|p2a: Swampert
|-damage|p2a: Swampert|43/100
|
|-heal|p2a: Swampert|93/100|[from] move: Wish|[wisher] Jirachi
|-weather|Sandstorm|[upkeep]
|-heal|p1a: Metagross|96/100|[from] item: Leftovers
|-heal|p2a: Swampert|99/100|[from] item: Leftovers
|upkeep
|turn|21
|inactive|beeoi has 240 seconds left.
|inactive|tahat squared has 270 seconds left.
|
|t:|1729523499
|switch|p1a: Skarmory|Skarmory, M|100/100
|move|p2a: Swampert|Surf|p1a: Skarmory
|-damage|p1a: Skarmory|76/100
|
|-weather|Sandstorm|[upkeep]
|-heal|p1a: Skarmory|82/100|[from] item: Leftovers
|-heal|p2a: Swampert|100/100|[from] item: Leftovers
|upkeep
|turn|22
|inactive|tahat squared has 270 seconds left.
|inactive|beeoi has 240 seconds left.
|
|t:|1729523523
|switch|p2a: Skarmory|Skarmory, M|100/100
|move|p1a: Skarmory|Roar|p2a: Skarmory
|drag|p2a: Blissey|Blissey, F|100/100
|-damage|p2a: Blissey|76/100|[from] Spikes
|
|-weather|Sandstorm|[upkeep]
|-damage|p2a: Blissey|69/100|[from] Sandstorm
|-heal|p1a: Skarmory|88/100|[from] item: Leftovers
|-heal|p2a: Blissey|76/100|[from] item: Leftovers
|upkeep
|turn|23
|inactive|tahat squared has 270 seconds left.
|
|t:|1729523539
|switch|p1a: Claydol|Claydol|8/100 brn
|move|p2a: Blissey|Thunder Wave|p1a: Claydol
|-immune|p1a: Claydol
|
|-weather|Sandstorm|[upkeep]
|-damage|p2a: Blissey|69/100|[from] Sandstorm
|-heal|p1a: Claydol|14/100 brn|[from] item: Leftovers
|-damage|p1a: Claydol|1/100 brn|[from] brn
|-heal|p2a: Blissey|76/100|[from] item: Leftovers
|upkeep
|turn|24
|inactive|tahat squared has 270 seconds left.
|
|t:|1729523553
|switch|p2a: Skarmory|Skarmory, M|100/100
|move|p1a: Claydol|Rapid Spin|p2a: Skarmory
|-resisted|p2a: Skarmory
|-damage|p2a: Skarmory|99/100
|-sideend|p1: tahat squared|Spikes|[from] move: Rapid Spin|[of] p1a: Claydol
|
|-weather|Sandstorm|[upkeep]
|-heal|p1a: Claydol|8/100 brn|[from] item: Leftovers
|-damage|p1a: Claydol|0 fnt|[from] brn
|faint|p1a: Claydol
|-heal|p2a: Skarmory|100/100|[from] item: Leftovers
|upkeep
|inactive|tahat squared has 270 seconds left.
|
|t:|1729523570
|switch|p1a: Gengar|Gengar, M|100/100
|turn|25
|
|t:|1729523591
|move|p2a: Skarmory|Protect|p2a: Skarmory
|-singleturn|p2a: Skarmory|Protect
|move|p1a: Gengar|Taunt|p2a: Skarmory
|-activate|p2a: Skarmory|Protect
|
|-weather|Sandstorm|[upkeep]
|-damage|p1a: Gengar|95/100|[from] Sandstorm
|-heal|p1a: Gengar|100/100|[from] item: Leftovers
|upkeep
|turn|26
|
|t:|1729523603
|move|p1a: Gengar|Will-O-Wisp|p2a: Skarmory
|-status|p2a: Skarmory|brn
|move|p2a: Skarmory|Drill Peck|p1a: Gengar
|-damage|p1a: Gengar|81/100
|
|-weather|Sandstorm|[upkeep]
|-damage|p1a: Gengar|75/100|[from] Sandstorm
|-heal|p1a: Gengar|81/100|[from] item: Leftovers
|-damage|p2a: Skarmory|88/100 brn|[from] brn
|upkeep
|turn|27
|
|t:|1729523617
|move|p2a: Skarmory|Protect|p2a: Skarmory
|-singleturn|p2a: Skarmory|Protect
|move|p1a: Gengar|Taunt|p2a: Skarmory
|-activate|p2a: Skarmory|Protect
|
|-weather|Sandstorm|[upkeep]
|-damage|p1a: Gengar|75/100|[from] Sandstorm
|-heal|p1a: Gengar|81/100|[from] item: Leftovers
|-heal|p2a: Skarmory|94/100 brn|[from] item: Leftovers
|-damage|p2a: Skarmory|82/100 brn|[from] brn
|upkeep
|turn|28
|
|t:|1729523629
|move|p1a: Gengar|Taunt|p2a: Skarmory
|-start|p2a: Skarmory|move: Taunt
|cant|p2a: Skarmory|move: Taunt|Spikes
|
|-weather|Sandstorm|[upkeep]
|-damage|p1a: Gengar|75/100|[from] Sandstorm
|-heal|p1a: Gengar|81/100|[from] item: Leftovers
|-heal|p2a: Skarmory|88/100 brn|[from] item: Leftovers
|-damage|p2a: Skarmory|76/100 brn|[from] brn
|upkeep
|turn|29
|
|t:|1729523640
|switch|p2a: Jirachi|Jirachi|88/100
|-damage|p2a: Jirachi|63/100|[from] Spikes
|move|p1a: Gengar|Will-O-Wisp|p2a: Jirachi
|-status|p2a: Jirachi|brn
|
|-weather|Sandstorm|[upkeep]
|-damage|p1a: Gengar|75/100|[from] Sandstorm
|-heal|p1a: Gengar|81/100|[from] item: Leftovers
|-heal|p2a: Jirachi|69/100 brn|[from] item: Leftovers
|-damage|p2a: Jirachi|57/100 brn|[from] brn
|upkeep
|turn|30
|inactive|tahat squared has 270 seconds left.
|
|t:|1729523666
|move|p1a: Gengar|Thunderbolt|p2a: Jirachi
|-damage|p2a: Jirachi|31/100 brn
|move|p2a: Jirachi|Wish|p2a: Jirachi
|
|-weather|Sandstorm|[upkeep]
|-damage|p1a: Gengar|75/100|[from] Sandstorm
|-heal|p1a: Gengar|81/100|[from] item: Leftovers
|-heal|p2a: Jirachi|38/100 brn|[from] item: Leftovers
|-damage|p2a: Jirachi|25/100 brn|[from] brn
|upkeep
|turn|31
|inactive|tahat squared has 270 seconds left.
|inactive|beeoi has 210 seconds left.
|
|t:|1729523686
|move|p1a: Gengar|Thunderbolt|p2a: Jirachi
|-crit|p2a: Jirachi
|-damage|p2a: Jirachi|0 fnt
|faint|p2a: Jirachi
|inactive|beeoi has 210 seconds left.
|
|t:|1729523692
|switch|p2a: Blissey|Blissey, F|76/100
|-damage|p2a: Blissey|51/100|[from] Spikes
|
|-heal|p2a: Blissey|100/100|[from] move: Wish|[wisher] Jirachi
|-weather|Sandstorm|[upkeep]
|-damage|p1a: Gengar|75/100|[from] Sandstorm
|-damage|p2a: Blissey|94/100|[from] Sandstorm
|-heal|p1a: Gengar|81/100|[from] item: Leftovers
|-heal|p2a: Blissey|100/100|[from] item: Leftovers
|upkeep
|turn|32
|inactive|beeoi has 210 seconds left.
|
|t:|1729523709
|move|p1a: Gengar|Taunt|p2a: Blissey
|-start|p2a: Blissey|move: Taunt
|cant|p2a: Blissey|move: Taunt|Thunder Wave
|
|-weather|Sandstorm|[upkeep]
|-damage|p1a: Gengar|75/100|[from] Sandstorm
|-damage|p2a: Blissey|94/100|[from] Sandstorm
|-heal|p1a: Gengar|81/100|[from] item: Leftovers
|-heal|p2a: Blissey|100/100|[from] item: Leftovers
|upkeep
|turn|33
|inactive|beeoi has 210 seconds left.
|
|t:|1729523719
|move|p1a: Gengar|Will-O-Wisp|p2a: Blissey
|-status|p2a: Blissey|brn
|move|p2a: Blissey|Ice Beam|p1a: Gengar
|-damage|p1a: Gengar|54/100
|
|-weather|Sandstorm|[upkeep]
|-damage|p1a: Gengar|48/100|[from] Sandstorm
|-damage|p2a: Blissey|94/100 brn|[from] Sandstorm
|-heal|p1a: Gengar|54/100|[from] item: Leftovers
|-heal|p2a: Blissey|100/100 brn|[from] item: Leftovers
|-damage|p2a: Blissey|88/100 brn|[from] brn
|-end|p2a: Blissey|move: Taunt|[silent]
|upkeep
|turn|34
|inactive|beeoi has 210 seconds left.
|
|t:|1729523734
|-curestatus|p2a: Blissey|brn|[from] ability: Natural Cure
|switch|p2a: Skarmory|Skarmory, M|76/100 brn
|move|p1a: Gengar|Taunt|p2a: Skarmory
|-start|p2a: Skarmory|move: Taunt
|
|-weather|Sandstorm|[upkeep]
|-damage|p1a: Gengar|48/100|[from] Sandstorm
|-heal|p1a: Gengar|54/100|[from] item: Leftovers
|-heal|p2a: Skarmory|82/100 brn|[from] item: Leftovers
|-damage|p2a: Skarmory|69/100 brn|[from] brn
|upkeep
|turn|35
|inactive|beeoi has 210 seconds left.
|
|t:|1729523750
|switch|p2a: Swampert|Swampert, F|100/100
|-damage|p2a: Swampert|76/100|[from] Spikes
|move|p1a: Gengar|Ice Punch|p2a: Swampert
|-damage|p2a: Swampert|55/100
|
|-weather|Sandstorm|[upkeep]
|-damage|p1a: Gengar|48/100|[from] Sandstorm
|-heal|p1a: Gengar|54/100|[from] item: Leftovers
|-heal|p2a: Swampert|62/100|[from] item: Leftovers
|upkeep
|turn|36
|inactive|beeoi has 210 seconds left.
|
|t:|1729523762
|move|p2a: Swampert|Protect|p2a: Swampert
|-singleturn|p2a: Swampert|Protect
|move|p1a: Gengar|Will-O-Wisp|p2a: Swampert
|-activate|p2a: Swampert|Protect
|
|-weather|Sandstorm|[upkeep]
|-damage|p1a: Gengar|48/100|[from] Sandstorm
|-heal|p1a: Gengar|54/100|[from] item: Leftovers
|-heal|p2a: Swampert|68/100|[from] item: Leftovers
|upkeep
|turn|37
|inactive|beeoi has 210 seconds left.
|
|t:|1729523773
|switch|p1a: Suicune|Suicune|84/100
|move|p2a: Swampert|Surf|p1a: Suicune
|-resisted|p1a: Suicune
|-damage|p1a: Suicune|74/100
|
|-weather|Sandstorm|[upkeep]
|-damage|p1a: Suicune|68/100|[from] Sandstorm
|-heal|p1a: Suicune|74/100|[from] item: Leftovers
|-heal|p2a: Swampert|74/100|[from] item: Leftovers
|upkeep
|turn|38
|inactive|beeoi has 210 seconds left.
|
|t:|1729523795
|move|p1a: Suicune|Calm Mind|p1a: Suicune
|-boost|p1a: Suicune|spa|1
|-boost|p1a: Suicune|spd|1
|move|p2a: Swampert|Earthquake|p1a: Suicune
|-damage|p1a: Suicune|44/100
|
|-weather|Sandstorm|[upkeep]
|-damage|p1a: Suicune|38/100|[from] Sandstorm
|-heal|p1a: Suicune|44/100|[from] item: Leftovers
|-heal|p2a: Swampert|80/100|[from] item: Leftovers
|upkeep
|turn|39
|c|☆tahat squared|wtf is this pert set lol
|
|t:|1729523815
|move|p1a: Suicune|Surf|p2a: Swampert
|-damage|p2a: Swampert|25/100
|move|p2a: Swampert|Roar|p1a: Suicune
|drag|p1a: Metagross|Metagross|96/100
|
|-weather|Sandstorm|[upkeep]
|-heal|p1a: Metagross|100/100|[from] item: Leftovers
|-heal|p2a: Swampert|32/100|[from] item: Leftovers
|upkeep
|turn|40
|inactive|beeoi has 180 seconds left.
|
|t:|1729523842
|move|p1a: Metagross|Meteor Mash|p2a: Swampert
|-resisted|p2a: Swampert
|-damage|p2a: Swampert|12/100
|move|p2a: Swampert|Roar|p1a: Metagross
|drag|p1a: Gengar|Gengar, M|54/100
|
|-weather|Sandstorm|[upkeep]
|-damage|p1a: Gengar|48/100|[from] Sandstorm
|-heal|p1a: Gengar|54/100|[from] item: Leftovers
|-heal|p2a: Swampert|19/100|[from] item: Leftovers
|upkeep
|turn|41
|inactive|beeoi has 180 seconds left.
|
|t:|1729523855
|move|p2a: Swampert|Protect|p2a: Swampert
|-singleturn|p2a: Swampert|Protect
|move|p1a: Gengar|Ice Punch|p2a: Swampert
|-activate|p2a: Swampert|Protect
|
|-weather|Sandstorm|[upkeep]
|-damage|p1a: Gengar|48/100|[from] Sandstorm
|-heal|p1a: Gengar|54/100|[from] item: Leftovers
|-heal|p2a: Swampert|25/100|[from] item: Leftovers
|upkeep
|turn|42
|inactive|beeoi has 180 seconds left.
|
|t:|1729523866
|move|p1a: Gengar|Will-O-Wisp|p2a: Swampert|[miss]
|-miss|p1a: Gengar|p2a: Swampert
|move|p2a: Swampert|Surf|p1a: Gengar
|-damage|p1a: Gengar|8/100
|
|-weather|Sandstorm|[upkeep]
|-damage|p1a: Gengar|2/100|[from] Sandstorm
|-heal|p1a: Gengar|8/100|[from] item: Leftovers
|-heal|p2a: Swampert|31/100|[from] item: Leftovers
|upkeep
|turn|43
|inactive|beeoi has 180 seconds left.
|
|t:|1729523882
|move|p1a: Gengar|Will-O-Wisp|p2a: Swampert
|-status|p2a: Swampert|brn
|move|p2a: Swampert|Surf|p1a: Gengar
|-damage|p1a: Gengar|0 fnt
|faint|p1a: Gengar
|
|t:|1729523894
|switch|p1a: Suicune|Suicune|44/100
|
|-weather|Sandstorm|[upkeep]
|-damage|p1a: Suicune|38/100|[from] Sandstorm
|-heal|p1a: Suicune|44/100|[from] item: Leftovers
|-heal|p2a: Swampert|37/100 brn|[from] item: Leftovers
|-damage|p2a: Swampert|25/100 brn|[from] brn
|upkeep
|turn|44
|inactive|beeoi has 180 seconds left.
|
|t:|1729523905
|switch|p2a: Skarmory|Skarmory, M|69/100 brn
|move|p1a: Suicune|Rest|p1a: Suicune
|-status|p1a: Suicune|slp|[from] move: Rest
|-heal|p1a: Suicune|100/100 slp|[silent]
|
|-weather|Sandstorm|[upkeep]
|-damage|p1a: Suicune|94/100 slp|[from] Sandstorm
|-heal|p1a: Suicune|100/100 slp|[from] item: Leftovers
|-heal|p2a: Skarmory|75/100 brn|[from] item: Leftovers
|-damage|p2a: Skarmory|63/100 brn|[from] brn
|upkeep
|turn|45
|inactive|beeoi has 180 seconds left.
|
|t:|1729523920
|cant|p1a: Suicune|slp
|move|p2a: Skarmory|Spikes|p1a: Suicune
|-sidestart|p1: tahat squared|Spikes
|
|-weather|Sandstorm|[upkeep]
|-damage|p1a: Suicune|94/100 slp|[from] Sandstorm
|-heal|p1a: Suicune|100/100 slp|[from] item: Leftovers
|-heal|p2a: Skarmory|69/100 brn|[from] item: Leftovers
|-damage|p2a: Skarmory|57/100 brn|[from] brn
|upkeep
|turn|46
|
|t:|1729523933
|cant|p1a: Suicune|slp
|move|p2a: Skarmory|Spikes|p1a: Suicune
|-sidestart|p1: tahat squared|Spikes
|
|-weather|Sandstorm|[upkeep]
|-damage|p1a: Suicune|94/100 slp|[from] Sandstorm
|-heal|p1a: Suicune|100/100 slp|[from] item: Leftovers
|-heal|p2a: Skarmory|63/100 brn|[from] item: Leftovers
|-damage|p2a: Skarmory|50/100 brn|[from] brn
|upkeep
|turn|47
|
|t:|1729523944
|-curestatus|p1a: Suicune|slp|[msg]
|move|p1a: Suicune|Surf|p2a: Skarmory
|-damage|p2a: Skarmory|16/100 brn
|move|p2a: Skarmory|Toxic|p1a: Suicune
|-status|p1a: Suicune|tox
|
|-weather|Sandstorm|[upkeep]
|-damage|p1a: Suicune|94/100 tox|[from] Sandstorm
|-heal|p1a: Suicune|100/100 tox|[from] item: Leftovers
|-damage|p1a: Suicune|94/100 tox|[from] psn
|-heal|p2a: Skarmory|22/100 brn|[from] item: Leftovers
|-damage|p2a: Skarmory|9/100 brn|[from] brn
|upkeep
|turn|48
|
|t:|1729523961
|switch|p2a: Swampert|Swampert, F|25/100 brn
|-damage|p2a: Swampert|0 fnt|[from] Spikes
|faint|p2a: Swampert
|
|t:|1729523965
|switch|p2a: Blissey|Blissey, F|88/100
|-damage|p2a: Blissey|63/100|[from] Spikes
|
|-weather|Sandstorm|[upkeep]
|-damage|p1a: Suicune|88/100 tox|[from] Sandstorm
|-damage|p2a: Blissey|57/100|[from] Sandstorm
|-heal|p1a: Suicune|94/100 tox|[from] item: Leftovers
|-damage|p1a: Suicune|82/100 tox|[from] psn
|-heal|p2a: Blissey|63/100|[from] item: Leftovers
|upkeep
|turn|49
|
|t:|1729523978
|move|p1a: Suicune|Calm Mind|p1a: Suicune
|-boost|p1a: Suicune|spa|1
|-boost|p1a: Suicune|spd|1
|move|p2a: Blissey|Seismic Toss|p1a: Suicune
|-damage|p1a: Suicune|57/100 tox
|
|-weather|Sandstorm|[upkeep]
|-damage|p1a: Suicune|51/100 tox|[from] Sandstorm
|-damage|p2a: Blissey|57/100|[from] Sandstorm
|-heal|p1a: Suicune|57/100 tox|[from] item: Leftovers
|-damage|p1a: Suicune|39/100 tox|[from] psn
|-heal|p2a: Blissey|63/100|[from] item: Leftovers
|upkeep
|turn|50
|
|t:|1729523991
|move|p1a: Suicune|Rest|p1a: Suicune
|-status|p1a: Suicune|slp|[from] move: Rest
|-heal|p1a: Suicune|100/100 slp|[silent]
|move|p2a: Blissey|Seismic Toss|p1a: Suicune
|-damage|p1a: Suicune|76/100 slp
|
|-weather|Sandstorm|[upkeep]
|-damage|p1a: Suicune|70/100 slp|[from] Sandstorm
|-damage|p2a: Blissey|57/100|[from] Sandstorm
|-heal|p1a: Suicune|76/100 slp|[from] item: Leftovers
|-heal|p2a: Blissey|63/100|[from] item: Leftovers
|upkeep
|turn|51
|
|t:|1729524007
|cant|p1a: Suicune|slp
|move|p1a: Suicune|Sleep Talk|p1a: Suicune
|move|p1a: Suicune|Surf|p2a: Blissey|[from]Sleep Talk
|-damage|p2a: Blissey|38/100
|move|p2a: Blissey|Soft-Boiled|p2a: Blissey
|-heal|p2a: Blissey|88/100
|
|-weather|Sandstorm|[upkeep]
|-damage|p1a: Suicune|70/100 slp|[from] Sandstorm
|-damage|p2a: Blissey|82/100|[from] Sandstorm
|-heal|p1a: Suicune|76/100 slp|[from] item: Leftovers
|-heal|p2a: Blissey|88/100|[from] item: Leftovers
|upkeep
|turn|52
|
|t:|1729524020
|cant|p1a: Suicune|slp
|move|p1a: Suicune|Sleep Talk|p1a: Suicune
|move|p1a: Suicune|Calm Mind|p1a: Suicune|[from]Sleep Talk
|-boost|p1a: Suicune|spa|1
|-boost|p1a: Suicune|spd|1
|move|p2a: Blissey|Seismic Toss|p1a: Suicune
|-damage|p1a: Suicune|51/100 slp
|
|-weather|Sandstorm|[upkeep]
|-damage|p1a: Suicune|45/100 slp|[from] Sandstorm
|-damage|p2a: Blissey|82/100|[from] Sandstorm
|-heal|p1a: Suicune|51/100 slp|[from] item: Leftovers
|-heal|p2a: Blissey|88/100|[from] item: Leftovers
|upkeep
|turn|53
|c|☆tahat squared|why is your skarm roarless btw lol
|
|t:|1729524037
|-curestatus|p1a: Suicune|slp|[msg]
|move|p1a: Suicune|Calm Mind|p1a: Suicune
|-boost|p1a: Suicune|spa|1
|-boost|p1a: Suicune|spd|1
|move|p2a: Blissey|Thunder Wave|p1a: Suicune
|-status|p1a: Suicune|par
|
|-weather|Sandstorm|[upkeep]
|-damage|p2a: Blissey|82/100|[from] Sandstorm
|-damage|p1a: Suicune|45/100 par|[from] Sandstorm
|-heal|p2a: Blissey|88/100|[from] item: Leftovers
|-heal|p1a: Suicune|51/100 par|[from] item: Leftovers
|upkeep
|turn|54
|c|☆beeoi|good question
|inactive|beeoi has 150 seconds left.
|c|☆tahat squared|uh oh
|c|☆beeoi|I had roar on tyranitar and swampert so I figured I might not need it
|
|t:|1729524064
|move|p2a: Blissey|Seismic Toss|p1a: Suicune
|-damage|p1a: Suicune|26/100 par
|cant|p1a: Suicune|par
|
|-weather|Sandstorm|[upkeep]
|-damage|p2a: Blissey|82/100|[from] Sandstorm
|-damage|p1a: Suicune|20/100 par|[from] Sandstorm
|-heal|p2a: Blissey|88/100|[from] item: Leftovers
|-heal|p1a: Suicune|26/100 par|[from] item: Leftovers
|upkeep
|turn|55
|c|☆tahat squared|i can feel my demise (metagross still wins this)
|inactive|beeoi has 150 seconds left.
|c|☆beeoi|yeah I know lol
|
|t:|1729524077
|move|p2a: Blissey|Seismic Toss|p1a: Suicune
|-damage|p1a: Suicune|1/100 par
|cant|p1a: Suicune|par
|
|-weather|Sandstorm|[upkeep]
|-damage|p2a: Blissey|82/100|[from] Sandstorm
|-damage|p1a: Suicune|0 fnt|[from] Sandstorm
|faint|p1a: Suicune
|-heal|p2a: Blissey|88/100|[from] item: Leftovers
|upkeep
|c|☆tahat squared|guh
|
|t:|1729524089
|switch|p1a: Skarmory|Skarmory, M|88/100
|turn|56
|inactive|beeoi has 150 seconds left.
|
|t:|1729524099
|move|p1a: Skarmory|Toxic|p2a: Blissey
|-status|p2a: Blissey|tox
|move|p2a: Blissey|Seismic Toss|p1a: Skarmory
|-damage|p1a: Skarmory|58/100
|
|-weather|Sandstorm|[upkeep]
|-damage|p2a: Blissey|82/100 tox|[from] Sandstorm
|-heal|p1a: Skarmory|64/100|[from] item: Leftovers
|-heal|p2a: Blissey|88/100 tox|[from] item: Leftovers
|-damage|p2a: Blissey|82/100 tox|[from] psn
|upkeep
|turn|57
|inactive|beeoi has 150 seconds left.
|
|t:|1729524112
|move|p1a: Skarmory|Drill Peck|p2a: Blissey
|-damage|p2a: Blissey|59/100 tox
|move|p2a: Blissey|Thunder Wave|p1a: Skarmory
|-status|p1a: Skarmory|par
|
|-weather|Sandstorm|[upkeep]
|-damage|p2a: Blissey|53/100 tox|[from] Sandstorm
|-heal|p2a: Blissey|59/100 tox|[from] item: Leftovers
|-damage|p2a: Blissey|47/100 tox|[from] psn
|-heal|p1a: Skarmory|70/100 par|[from] item: Leftovers
|upkeep
|turn|58
|inactive|beeoi has 150 seconds left.
|
|t:|1729524132
|switch|p1a: Metagross|Metagross|100/100
|-damage|p1a: Metagross|84/100|[from] Spikes
|move|p2a: Blissey|Soft-Boiled|p2a: Blissey
|-heal|p2a: Blissey|97/100 tox
|
|-weather|Sandstorm|[upkeep]
|-damage|p2a: Blissey|91/100 tox|[from] Sandstorm
|-heal|p1a: Metagross|90/100|[from] item: Leftovers
|-heal|p2a: Blissey|97/100 tox|[from] item: Leftovers
|-damage|p2a: Blissey|78/100 tox|[from] psn
|upkeep
|turn|59
|inactive|beeoi has 150 seconds left.
|
|t:|1729524159
|switch|p1a: Skarmory|Skarmory, M|70/100 par
|move|p2a: Blissey|Thunder Wave|p1a: Skarmory
|-fail|p1a: Skarmory|par
|
|-weather|Sandstorm|[upkeep]
|-damage|p2a: Blissey|72/100 tox|[from] Sandstorm
|-heal|p2a: Blissey|78/100 tox|[from] item: Leftovers
|-damage|p2a: Blissey|54/100 tox|[from] psn
|-heal|p1a: Skarmory|76/100 par|[from] item: Leftovers
|upkeep
|turn|60
|
|t:|1729524170
|-curestatus|p2a: Blissey|tox|[from] ability: Natural Cure
|switch|p2a: Skarmory|Skarmory, M|9/100 brn
|move|p1a: Skarmory|Roar|p2a: Skarmory
|drag|p2a: Blissey|Blissey, F|54/100
|-damage|p2a: Blissey|29/100|[from] Spikes
|
|-weather|Sandstorm|[upkeep]
|-damage|p2a: Blissey|23/100|[from] Sandstorm
|-heal|p2a: Blissey|29/100|[from] item: Leftovers
|-heal|p1a: Skarmory|82/100 par|[from] item: Leftovers
|upkeep
|turn|61
|
|t:|1729524184
|move|p2a: Blissey|Soft-Boiled|p2a: Blissey
|-heal|p2a: Blissey|79/100
|move|p1a: Skarmory|Roar|p2a: Blissey
|drag|p2a: Skarmory|Skarmory, M|9/100 brn
|
|-weather|Sandstorm|[upkeep]
|-heal|p2a: Skarmory|15/100 brn|[from] item: Leftovers
|-damage|p2a: Skarmory|3/100 brn|[from] brn
|-heal|p1a: Skarmory|88/100 par|[from] item: Leftovers
|upkeep
|turn|62
|
|t:|1729524197
|switch|p2a: Blissey|Blissey, F|79/100
|-damage|p2a: Blissey|54/100|[from] Spikes
|move|p1a: Skarmory|Roar|p2a: Blissey
|drag|p2a: Skarmory|Skarmory, M|3/100 brn
|
|-weather|Sandstorm|[upkeep]
|-heal|p2a: Skarmory|9/100 brn|[from] item: Leftovers
|-damage|p2a: Skarmory|0 fnt|[from] brn
|faint|p2a: Skarmory
|-heal|p1a: Skarmory|94/100 par|[from] item: Leftovers
|upkeep
|c|☆tahat squared|gg bro
|
|t:|1729524207
|switch|p2a: Blissey|Blissey, F|54/100
|-damage|p2a: Blissey|29/100|[from] Spikes
|turn|63
|c|☆beeoi|GG
|-message|beeoi forfeited.
|
|win|tahat squared
|player|p2|
|c|☆tahat squared|lets make g2 quick I have a dunkin order ready for pickup
|player|p2|beeoi|mustard-master|
|c|☆beeoi|got it

</script>
<script type="application/json" class="data" id="replaydata-smogtours-gen3ou-801051">
{"id":"smogtours-gen3ou-801051","format":"[Gen 3] OU","players":["tahat squared","beeoi"],"uploadtime":1729524213,"views":82,"formatid":"gen3ou","rating":null,"private":0,"password":null}
</script>

<script defer src="js/replays.js?9d40a366"></script>
