<!DOCTYPE html>
<meta charset="utf-8" />
<meta name="viewport" content="width=device-width" />

<title>[Gen 3] OU: asbolus verrucosus vs. Ramberg Buckland - Replays - Pok&eacute;mon Showdown!</title>

<meta name="description" content="Watch a replay of a Pok&eacute;mon battle between asbolus verrucosus and Ramberg Buckland! Format: [Gen 3] OU; Date: Oct 12, 2024" />
<!--

Hey, you! Looking in the source for the replay log?

You can find them in JSON format, just add `.json` at the end of a replay URL.

https://replay.pokemonshowdown.com/gen7randomdoublesbattle-865046831.json

Or, if you only need the log itself, add `.log` instead:

https://replay.pokemonshowdown.com/gen7randomdoublesbattle-865046831.log

-->

<link rel="stylesheet" href="//pokemonshowdown.com/style/global.css?0.023195364461161105" />
<link rel="stylesheet" href="//play.pokemonshowdown.com/style/font-awesome.css?0.13261647063804238" />
<link rel="stylesheet" href="//play.pokemonshowdown.com/style/battle.css?0.8753245789963631" />
<link rel="stylesheet" href="//play.pokemonshowdown.com/style/utilichart.css?0.8627959624976733" />

<!-- Global site tag (gtag.js) - Google Analytics -->
<script async src="https://www.googletagmanager.com/gtag/js?id=UA-26211653-1"></script>
<script>
  window.dataLayer = window.dataLayer || [];
  function gtag(){dataLayer.push(arguments);}
  gtag('js', new Date());

  gtag('config', 'UA-26211653-1');
</script>
<!-- End Google Analytics -->
<!-- Venatus Ad Manager - Install in <HEAD> of page -->
	<script src="https://hb.vntsm.com/v3/live/ad-manager.min.js" type="text/javascript" data-site-id="642aba63ec9a7b11c3c9c1be" data-mode="scan" async></script>
<!-- / Venatus Ad Manager -->

<style>
	@media (max-width:820px) {
		.battle {
			margin: 0 auto;
		}
		.battle-log {
			margin: 7px auto 0;
			max-width: 640px;
			height: 300px;
			position: static;
		}
	}
	.optgroup {
		display: inline-block;
		line-height: 22px;
		font-size: 10pt;
	}
	.optgroup .button {
		height: 25px;
		padding-top: 0;
		padding-bottom: 0;
	}
	.optgroup button.button {
		padding-left: 12px;
		padding-right: 12px;
	}
	.linklist {
		list-style: none;
		margin: 0.5em 0;
		padding: 0;
	}
	.linklist li {
		padding: 2px 0;
	}
	.sidebar {
		float: left;
		width: 320px;
	}
	.bar-wrapper {
		max-width: 1100px;
		margin: 0 auto;
	}
	.bar-wrapper.has-sidebar {
		max-width: 1430px;
	}
	.mainbar {
		margin: 0;
		padding-right: 1px;
	}
	.mainbar.has-sidebar {
		margin-left: 330px;
	}
	@media (min-width: 1511px) {
		.sidebar {
			width: 400px;
		}
		.bar-wrapper.has-sidebar {
			max-width: 1510px;
		}
		.mainbar.has-sidebar {
			margin-left: 410px;
		}
	}
	.section.first-section {
		margin-top: 9px;
	}
	.blocklink small {
		white-space: normal;
	}
	.button {
		vertical-align: middle;
	}
	.replay-controls {
		padding-top: 10px;
	}
	.replay-controls h1 {
		font-size: 16pt;
		font-weight: normal;
		color: #CCC;
	}
	.pagelink {
		text-align: center;
	}
	.pagelink a {
		width: 150px;
	}
	.textbox, .button {
		font-size: 11pt;
		vertical-align: middle;
	}
	@media (max-width: 450px) {
		.button {
			font-size: 9pt;
		}
	}
</style>

<div>

	<header>
		<div class="nav-wrapper"><ul class="nav">
			<li><a class="button nav-first" href="//pokemonshowdown.com/"><img src="//pokemonshowdown.com/images/pokemonshowdownbeta.png" srcset="//pokemonshowdown.com/images/pokemonshowdownbeta.png 1x, //pokemonshowdown.com/images/pokemonshowdownbeta@2x.png 2x" alt="Pok&eacute;mon Showdown" width="146" height="44" /> Home</a></li>
			<li><a class="button" href="//pokemonshowdown.com/dex/">Pok&eacute;dex</a></li>
			<li><a class="button cur" href="/">Replays</a></li>
			<li><a class="button" href="//pokemonshowdown.com/ladder/">Ladder</a></li>
			<li><a class="button nav-last" href="//pokemonshowdown.com/forums/">Forum</a></li>
			<li><a class="button greenbutton nav-first nav-last" href="//play.pokemonshowdown.com/">Play</a></li>
		</ul></div>
	</header>

	<div class="main" id="main">

		<noscript><section class="section">You need to enable JavaScript to use this page; sorry!</section></noscript>

	</div>

</div>

<script defer nomodule src="//play.pokemonshowdown.com/js/lib/ps-polyfill.js"></script>
<script defer src="//play.pokemonshowdown.com/js/lib/preact.min.js"></script>

<script defer src="//play.pokemonshowdown.com/config/config.js?2bddbc15"></script>
<script defer src="//play.pokemonshowdown.com/js/lib/jquery-1.11.0.min.js"></script>
<script defer src="//play.pokemonshowdown.com/js/lib/html-sanitizer-minified.js"></script>
<script defer src="//play.pokemonshowdown.com/js/battle-sound.js"></script>
<script defer src="//play.pokemonshowdown.com/js/battledata.js?0.7209276989879541"></script>
<script defer src="//play.pokemonshowdown.com/data/pokedex-mini.js?0.6111056340867951"></script>
<script defer src="//play.pokemonshowdown.com/data/pokedex-mini-bw.js?0.3532142036491459"></script>
<script defer src="//play.pokemonshowdown.com/data/graphics.js?0.24223875632456182"></script>
<script defer src="//play.pokemonshowdown.com/data/pokedex.js?0.38839984266356864"></script>
<script defer src="//play.pokemonshowdown.com/data/moves.js?0.21866028504024015"></script>
<script defer src="//play.pokemonshowdown.com/data/abilities.js?0.2005157953846628"></script>
<script defer src="//play.pokemonshowdown.com/data/items.js?0.9894211263848525"></script>
<script defer src="//play.pokemonshowdown.com/data/teambuilder-tables.js?0.6008791140282215"></script>
<script defer src="//play.pokemonshowdown.com/js/battle-tooltips.js?0.7580118955022959"></script>
<script defer src="//play.pokemonshowdown.com/js/battle.js?0.6057722274234274"></script>

<script defer src="js/utils.js?e31f9a17"></script>
<script defer src="js/replays-battle.js?7008c182"></script>

<!-- don't scrape this data! just add .json or .log after the URL!
Full API docs: https://github.com/smogon/pokemon-showdown-client/blob/master/WEB-API.md -->
<script type="text/plain" class="log" id="replaylog-smogtours-gen3ou-797419">
|inactive|Battle timer is ON: inactive players will automatically lose when time's up.
|t:|1728739902
|gametype|singles
|player|p1|asbolus verrucosus|bugsy-gen2|
|player|p2|Ramberg Buckland|gambler|
|teamsize|p1|6
|teamsize|p2|6
|gen|3
|tier|[Gen 3] OU
|rule|Sleep Clause Mod: Limit one foe put to sleep
|rule|Switch Priority Clause Mod: Faster Pokémon switch first
|rule|Species Clause: Limit one of each Pokémon
|rule|OHKO Clause: OHKO moves are banned
|rule|Evasion Items Clause: Evasion items are banned
|rule|Evasion Moves Clause: Evasion moves are banned
|rule|Endless Battle Clause: Forcing endless battles is banned
|rule|HP Percentage Mod: HP is shown in percentages
|rule|One Boost Passer Clause: Limit one Baton Passer that has a way to boost its stats
|rule|Freeze Clause Mod: Limit one foe frozen
|
|t:|1728739902
|start
|switch|p1a: Machamp|Machamp, M|100/100
|switch|p2a: Salamence|Salamence, F|100/100
|-ability|p2a: Salamence|Intimidate|boost
|-unboost|p1a: Machamp|atk|1
|turn|1
|
|t:|1728739928
|switch|p1a: Starmie|Starmie|100/100
|move|p2a: Salamence|Hidden Power|p1a: Starmie
|-damage|p1a: Starmie|10/100
|
|-heal|p1a: Starmie|16/100|[from] item: Leftovers
|upkeep
|turn|2
|
|t:|1728739940
|switch|p2a: Blissey|Blissey, F|100/100
|move|p1a: Starmie|Recover|p1a: Starmie
|-heal|p1a: Starmie|66/100
|
|-heal|p1a: Starmie|72/100|[from] item: Leftovers
|upkeep
|turn|3
|
|t:|1728739946
|switch|p1a: Snorlax|Snorlax, M|100/100
|move|p2a: Blissey|Thunder Wave|p1a: Snorlax
|-status|p1a: Snorlax|par
|
|upkeep
|turn|4
|
|t:|1728739951
|switch|p2a: Skarmory|Skarmory, M|100/100
|move|p1a: Snorlax|Curse|p1a: Snorlax
|-unboost|p1a: Snorlax|spe|1
|-boost|p1a: Snorlax|atk|1
|-boost|p1a: Snorlax|def|1
|
|upkeep
|turn|5
|
|t:|1728739954
|move|p2a: Skarmory|Spikes|p1a: Snorlax
|-sidestart|p1: asbolus verrucosus|Spikes
|cant|p1a: Snorlax|par
|
|upkeep
|turn|6
|
|t:|1728739960
|cant|p1a: Snorlax|par
|move|p2a: Skarmory|Roar|p1a: Snorlax
|drag|p1a: Machamp|Machamp, M|100/100
|-damage|p1a: Machamp|88/100|[from] Spikes
|
|-heal|p1a: Machamp|94/100|[from] item: Leftovers
|upkeep
|turn|7
|
|t:|1728739973
|switch|p2a: Salamence|Salamence, F|100/100
|-ability|p2a: Salamence|Intimidate|boost
|-unboost|p1a: Machamp|atk|1
|move|p1a: Machamp|Bulk Up|p1a: Machamp
|-boost|p1a: Machamp|atk|1
|-boost|p1a: Machamp|def|1
|
|-heal|p1a: Machamp|100/100|[from] item: Leftovers
|upkeep
|turn|8
|
|t:|1728739993
|switch|p1a: Salamence|Salamence, F|100/100
|-ability|p1a: Salamence|Intimidate|boost
|-unboost|p2a: Salamence|atk|1
|move|p2a: Salamence|Hidden Power|p1a: Salamence
|-damage|p1a: Salamence|54/100
|
|-heal|p1a: Salamence|60/100|[from] item: Leftovers
|upkeep
|turn|9
|inactive|Ramberg Buckland has 270 seconds left.
|
|t:|1728740029
|switch|p2a: Blissey|Blissey, F|100/100
|switch|p1a: Breloom|Breloom, F|100/100
|-damage|p1a: Breloom|88/100|[from] Spikes
|
|-heal|p1a: Breloom|94/100|[from] item: Leftovers
|upkeep
|turn|10
|inactive|Ramberg Buckland has 270 seconds left.
|
|t:|1728740047
|switch|p2a: Magneton|Magneton|100/100
|move|p1a: Breloom|Spore|p2a: Magneton
|-status|p2a: Magneton|slp|[from] move: Spore
|
|-heal|p1a: Breloom|100/100|[from] item: Leftovers
|upkeep
|turn|11
|
|t:|1728740055
|switch|p2a: Salamence|Salamence, F|100/100
|-ability|p2a: Salamence|Intimidate|boost
|-unboost|p1a: Breloom|atk|1
|switch|p1a: Salamence|Salamence, F|60/100
|-ability|p1a: Salamence|Intimidate|boost
|-unboost|p2a: Salamence|atk|1
|
|-heal|p1a: Salamence|67/100|[from] item: Leftovers
|upkeep
|turn|12
|inactive|Ramberg Buckland has 270 seconds left.
|
|t:|1728740074
|switch|p1a: Snorlax|Snorlax, M|100/100 par
|-damage|p1a: Snorlax|88/100 par|[from] Spikes
|move|p2a: Salamence|Rock Slide|p1a: Snorlax
|-damage|p1a: Snorlax|64/100 par
|
|-heal|p1a: Snorlax|71/100 par|[from] item: Leftovers
|upkeep
|turn|13
|
|t:|1728740083
|switch|p2a: Tyranitar|Tyranitar, M|100/100
|-weather|Sandstorm|[from] ability: Sand Stream|[of] p2a: Tyranitar
|cant|p1a: Snorlax|par
|
|-weather|Sandstorm|[upkeep]
|-damage|p1a: Snorlax|64/100 par|[from] Sandstorm
|-heal|p1a: Snorlax|71/100 par|[from] item: Leftovers
|upkeep
|turn|14
|inactive|Ramberg Buckland has 270 seconds left.
|
|t:|1728740095
|switch|p2a: Skarmory|Skarmory, M|100/100
|cant|p1a: Snorlax|par
|
|-weather|Sandstorm|[upkeep]
|-damage|p1a: Snorlax|64/100 par|[from] Sandstorm
|-heal|p1a: Snorlax|71/100 par|[from] item: Leftovers
|upkeep
|turn|15
|inactive|Ramberg Buckland has 270 seconds left.
|c|☆Ramberg Buckland|sorry about these paras
|
|t:|1728740112
|move|p2a: Skarmory|Drill Peck|p1a: Snorlax
|-damage|p1a: Snorlax|53/100 par
|cant|p1a: Snorlax|par
|
|-weather|Sandstorm|[upkeep]
|-damage|p1a: Snorlax|47/100 par|[from] Sandstorm
|-heal|p1a: Snorlax|53/100 par|[from] item: Leftovers
|upkeep
|turn|16
|
|t:|1728740122
|move|p1a: Snorlax|Body Slam|p2a: Skarmory
|-resisted|p2a: Skarmory
|-damage|p2a: Skarmory|87/100
|move|p2a: Skarmory|Roar|p1a: Snorlax
|drag|p1a: Machamp|Machamp, M|100/100
|-damage|p1a: Machamp|88/100|[from] Spikes
|
|-weather|Sandstorm|[upkeep]
|-damage|p1a: Machamp|82/100|[from] Sandstorm
|-heal|p1a: Machamp|88/100|[from] item: Leftovers
|-heal|p2a: Skarmory|93/100|[from] item: Leftovers
|upkeep
|turn|17
|
|t:|1728740129
|move|p1a: Machamp|Rock Slide|p2a: Skarmory
|-crit|p2a: Skarmory
|-damage|p2a: Skarmory|48/100
|cant|p2a: Skarmory|flinch
|
|-weather|Sandstorm|[upkeep]
|-damage|p1a: Machamp|82/100|[from] Sandstorm
|-heal|p1a: Machamp|88/100|[from] item: Leftovers
|-heal|p2a: Skarmory|53/100|[from] item: Leftovers
|upkeep
|turn|18
|
|t:|1728740142
|switch|p2a: Swampert|Swampert, M|100/100
|move|p1a: Machamp|Bulk Up|p1a: Machamp
|-boost|p1a: Machamp|atk|1
|-boost|p1a: Machamp|def|1
|
|-weather|Sandstorm|[upkeep]
|-damage|p1a: Machamp|82/100|[from] Sandstorm
|-heal|p1a: Machamp|88/100|[from] item: Leftovers
|upkeep
|turn|19
|inactive|Ramberg Buckland has 270 seconds left.
|
|t:|1728740170
|switch|p2a: Salamence|Salamence, F|100/100
|-ability|p2a: Salamence|Intimidate|boost
|-unboost|p1a: Machamp|atk|1
|move|p1a: Machamp|Bulk Up|p1a: Machamp
|-boost|p1a: Machamp|atk|1
|-boost|p1a: Machamp|def|1
|
|-weather|Sandstorm|[upkeep]
|-damage|p2a: Salamence|94/100|[from] Sandstorm
|-damage|p1a: Machamp|82/100|[from] Sandstorm
|-heal|p1a: Machamp|88/100|[from] item: Leftovers
|upkeep
|turn|20
|inactive|Ramberg Buckland has 240 seconds left.
|inactive|Ramberg Buckland has 210 seconds left.
|
|t:|1728740258
|switch|p2a: Swampert|Swampert, M|100/100
|move|p1a: Machamp|Rock Slide|p2a: Swampert
|-resisted|p2a: Swampert
|-damage|p2a: Swampert|87/100
|
|-weather|Sandstorm|[upkeep]
|-damage|p1a: Machamp|82/100|[from] Sandstorm
|-heal|p1a: Machamp|88/100|[from] item: Leftovers
|-heal|p2a: Swampert|93/100|[from] item: Leftovers
|upkeep
|turn|21
|
|t:|1728740266
|move|p1a: Machamp|Cross Chop|p2a: Swampert
|-damage|p2a: Swampert|31/100
|move|p2a: Swampert|Ice Beam|p1a: Machamp
|-damage|p1a: Machamp|69/100
|
|-weather|Sandstorm|[upkeep]
|-damage|p1a: Machamp|63/100|[from] Sandstorm
|-heal|p1a: Machamp|69/100|[from] item: Leftovers
|-heal|p2a: Swampert|37/100|[from] item: Leftovers
|upkeep
|turn|22
|
|t:|1728740279
|move|p1a: Machamp|Bulk Up|p1a: Machamp
|-boost|p1a: Machamp|atk|1
|-boost|p1a: Machamp|def|1
|move|p2a: Swampert|Ice Beam|p1a: Machamp
|-damage|p1a: Machamp|48/100
|
|-weather|Sandstorm|[upkeep]
|-damage|p1a: Machamp|41/100|[from] Sandstorm
|-heal|p1a: Machamp|48/100|[from] item: Leftovers
|-heal|p2a: Swampert|43/100|[from] item: Leftovers
|upkeep
|turn|23
|
|t:|1728740289
|move|p1a: Machamp|Cross Chop|p2a: Swampert
|-crit|p2a: Swampert
|-damage|p2a: Swampert|0 fnt
|faint|p2a: Swampert
|
|t:|1728740291
|switch|p2a: Salamence|Salamence, F|94/100
|-ability|p2a: Salamence|Intimidate|boost
|-unboost|p1a: Machamp|atk|1
|
|-weather|Sandstorm|[upkeep]
|-damage|p2a: Salamence|88/100|[from] Sandstorm
|-damage|p1a: Machamp|41/100|[from] Sandstorm
|-heal|p1a: Machamp|48/100|[from] item: Leftovers
|upkeep
|turn|24
|
|t:|1728740303
|move|p2a: Salamence|Hidden Power|p1a: Machamp
|-supereffective|p1a: Machamp
|-damage|p1a: Machamp|0 fnt
|faint|p1a: Machamp
|
|t:|1728740315
|switch|p1a: Starmie|Starmie|72/100
|-damage|p1a: Starmie|60/100|[from] Spikes
|
|-weather|Sandstorm|[upkeep]
|-damage|p1a: Starmie|54/100|[from] Sandstorm
|-damage|p2a: Salamence|82/100|[from] Sandstorm
|-heal|p1a: Starmie|60/100|[from] item: Leftovers
|upkeep
|turn|25
|inactive|Ramberg Buckland has 210 seconds left.
|
|t:|1728740323
|switch|p2a: Blissey|Blissey, F|100/100
|move|p1a: Starmie|Recover|p1a: Starmie
|-heal|p1a: Starmie|100/100
|
|-weather|Sandstorm|[upkeep]
|-damage|p1a: Starmie|94/100|[from] Sandstorm
|-damage|p2a: Blissey|94/100|[from] Sandstorm
|-heal|p1a: Starmie|100/100|[from] item: Leftovers
|-heal|p2a: Blissey|100/100|[from] item: Leftovers
|upkeep
|turn|26
|
|t:|1728740331
|move|p1a: Starmie|Rapid Spin|p2a: Blissey
|-damage|p2a: Blissey|98/100
|-sideend|p1: asbolus verrucosus|Spikes|[from] move: Rapid Spin|[of] p1a: Starmie
|move|p2a: Blissey|Wish|p2a: Blissey
|
|-weather|Sandstorm|[upkeep]
|-damage|p1a: Starmie|94/100|[from] Sandstorm
|-damage|p2a: Blissey|92/100|[from] Sandstorm
|-heal|p1a: Starmie|100/100|[from] item: Leftovers
|-heal|p2a: Blissey|98/100|[from] item: Leftovers
|upkeep
|turn|27
|inactive|Ramberg Buckland has 210 seconds left.
|
|t:|1728740349
|move|p1a: Starmie|Hydro Pump|p2a: Blissey
|-damage|p2a: Blissey|77/100
|move|p2a: Blissey|Seismic Toss|p1a: Starmie
|-damage|p1a: Starmie|62/100
|
|-heal|p2a: Blissey|100/100|[from] move: Wish|[wisher] Blissey
|-weather|Sandstorm|[upkeep]
|-damage|p1a: Starmie|56/100|[from] Sandstorm
|-damage|p2a: Blissey|94/100|[from] Sandstorm
|-heal|p1a: Starmie|62/100|[from] item: Leftovers
|-heal|p2a: Blissey|100/100|[from] item: Leftovers
|upkeep
|turn|28
|
|t:|1728740368
|switch|p1a: Snorlax|Snorlax, M|53/100 par
|move|p2a: Blissey|Wish|p2a: Blissey
|
|-weather|Sandstorm|[upkeep]
|-damage|p2a: Blissey|94/100|[from] Sandstorm
|-damage|p1a: Snorlax|47/100 par|[from] Sandstorm
|-heal|p2a: Blissey|100/100|[from] item: Leftovers
|-heal|p1a: Snorlax|53/100 par|[from] item: Leftovers
|upkeep
|turn|29
|
|t:|1728740375
|switch|p2a: Skarmory|Skarmory, M|53/100
|move|p1a: Snorlax|Curse|p1a: Snorlax
|-unboost|p1a: Snorlax|spe|1
|-boost|p1a: Snorlax|atk|1
|-boost|p1a: Snorlax|def|1
|
|-heal|p2a: Skarmory|100/100|[from] move: Wish|[wisher] Blissey
|-weather|Sandstorm|[upkeep]
|-damage|p1a: Snorlax|47/100 par|[from] Sandstorm
|-heal|p1a: Snorlax|53/100 par|[from] item: Leftovers
|upkeep
|turn|30
|
|t:|1728740381
|move|p1a: Snorlax|Body Slam|p2a: Skarmory
|-resisted|p2a: Skarmory
|-damage|p2a: Skarmory|81/100
|-status|p2a: Skarmory|par
|move|p2a: Skarmory|Roar|p1a: Snorlax
|drag|p1a: Houndoom|Houndoom, F|100/100
|
|-weather|Sandstorm|[upkeep]
|-damage|p1a: Houndoom|94/100|[from] Sandstorm
|-heal|p1a: Houndoom|100/100|[from] item: Leftovers
|-heal|p2a: Skarmory|87/100 par|[from] item: Leftovers
|upkeep
|turn|31
|inactive|Ramberg Buckland has 210 seconds left.
|
|t:|1728740408
|switch|p2a: Blissey|Blissey, F|100/100
|move|p1a: Houndoom|Will-O-Wisp|p2a: Blissey|[miss]
|-miss|p1a: Houndoom|p2a: Blissey
|
|-weather|Sandstorm|[upkeep]
|-damage|p1a: Houndoom|94/100|[from] Sandstorm
|-damage|p2a: Blissey|94/100|[from] Sandstorm
|-heal|p1a: Houndoom|100/100|[from] item: Leftovers
|-heal|p2a: Blissey|100/100|[from] item: Leftovers
|upkeep
|turn|32
|
|t:|1728740429
|switch|p1a: Snorlax|Snorlax, M|53/100 par
|move|p2a: Blissey|Wish|p2a: Blissey
|
|-weather|Sandstorm|[upkeep]
|-damage|p2a: Blissey|94/100|[from] Sandstorm
|-damage|p1a: Snorlax|47/100 par|[from] Sandstorm
|-heal|p2a: Blissey|100/100|[from] item: Leftovers
|-heal|p1a: Snorlax|53/100 par|[from] item: Leftovers
|upkeep
|turn|33
|inactive|Ramberg Buckland has 210 seconds left.
|
|t:|1728740447
|switch|p2a: Skarmory|Skarmory, M|87/100 par
|move|p1a: Snorlax|Body Slam|p2a: Skarmory
|-resisted|p2a: Skarmory
|-damage|p2a: Skarmory|74/100 par
|
|-heal|p2a: Skarmory|100/100 par|[from] move: Wish|[wisher] Blissey
|-weather|Sandstorm|[upkeep]
|-damage|p1a: Snorlax|47/100 par|[from] Sandstorm
|-heal|p1a: Snorlax|53/100 par|[from] item: Leftovers
|upkeep
|turn|34
|
|t:|1728740454
|switch|p1a: Houndoom|Houndoom, F|100/100
|move|p2a: Skarmory|Spikes|p1a: Houndoom
|-sidestart|p1: asbolus verrucosus|Spikes
|
|-weather|Sandstorm|[upkeep]
|-damage|p1a: Houndoom|94/100|[from] Sandstorm
|-heal|p1a: Houndoom|100/100|[from] item: Leftovers
|upkeep
|turn|35
|
|t:|1728740459
|switch|p2a: Blissey|Blissey, F|100/100
|move|p1a: Houndoom|Fire Blast|p2a: Blissey|[miss]
|-miss|p1a: Houndoom|p2a: Blissey
|
|-weather|Sandstorm|[upkeep]
|-damage|p1a: Houndoom|94/100|[from] Sandstorm
|-damage|p2a: Blissey|94/100|[from] Sandstorm
|-heal|p1a: Houndoom|100/100|[from] item: Leftovers
|-heal|p2a: Blissey|100/100|[from] item: Leftovers
|upkeep
|turn|36
|
|t:|1728740468
|move|p1a: Houndoom|Beat Up|p2a: Blissey
|-damage|p2a: Blissey|91/100
|-crit|p2a: Blissey
|-damage|p2a: Blissey|60/100
|-damage|p2a: Blissey|46/100
|-damage|p2a: Blissey|38/100
|-hitcount|p2a: Blissey|4
|move|p2a: Blissey|Seismic Toss|p1a: Houndoom
|-damage|p1a: Houndoom|66/100
|
|-weather|Sandstorm|[upkeep]
|-damage|p1a: Houndoom|60/100|[from] Sandstorm
|-damage|p2a: Blissey|32/100|[from] Sandstorm
|-heal|p1a: Houndoom|66/100|[from] item: Leftovers
|-heal|p2a: Blissey|38/100|[from] item: Leftovers
|upkeep
|turn|37
|inactive|Ramberg Buckland has 240 seconds left.
|
|t:|1728740477
|switch|p2a: Tyranitar|Tyranitar, M|100/100
|move|p1a: Houndoom|Will-O-Wisp|p2a: Tyranitar
|-status|p2a: Tyranitar|brn
|
|-weather|Sandstorm|[upkeep]
|-damage|p1a: Houndoom|60/100|[from] Sandstorm
|-heal|p1a: Houndoom|66/100|[from] item: Leftovers
|-damage|p2a: Tyranitar|88/100 brn|[from] brn
|upkeep
|turn|38
|inactive|Ramberg Buckland has 240 seconds left.
|
|t:|1728740507
|switch|p1a: Snorlax|Snorlax, M|53/100 par
|-damage|p1a: Snorlax|41/100 par|[from] Spikes
|switch|p2a: Salamence|Salamence, F|82/100
|-ability|p2a: Salamence|Intimidate|boost
|-unboost|p1a: Snorlax|atk|1
|
|-weather|Sandstorm|[upkeep]
|-damage|p2a: Salamence|76/100|[from] Sandstorm
|-damage|p1a: Snorlax|34/100 par|[from] Sandstorm
|-heal|p1a: Snorlax|41/100 par|[from] item: Leftovers
|upkeep
|turn|39
|
|t:|1728740518
|switch|p1a: Salamence|Salamence, F|67/100
|-ability|p1a: Salamence|Intimidate|boost
|-unboost|p2a: Salamence|atk|1
|move|p2a: Salamence|Hidden Power|p1a: Salamence
|-damage|p1a: Salamence|27/100
|
|-weather|Sandstorm|[upkeep]
|-damage|p2a: Salamence|70/100|[from] Sandstorm
|-damage|p1a: Salamence|20/100|[from] Sandstorm
|-heal|p1a: Salamence|27/100|[from] item: Leftovers
|upkeep
|turn|40
|
|t:|1728740529
|move|p2a: Salamence|Hidden Power|p1a: Salamence
|-damage|p1a: Salamence|0 fnt
|faint|p1a: Salamence
|
|t:|1728740536
|switch|p1a: Starmie|Starmie|62/100
|-damage|p1a: Starmie|50/100|[from] Spikes
|
|-weather|Sandstorm|[upkeep]
|-damage|p1a: Starmie|44/100|[from] Sandstorm
|-damage|p2a: Salamence|64/100|[from] Sandstorm
|-heal|p1a: Starmie|50/100|[from] item: Leftovers
|upkeep
|turn|41
|inactive|Ramberg Buckland has 240 seconds left.
|
|t:|1728740547
|switch|p2a: Blissey|Blissey, F|38/100
|move|p1a: Starmie|Hydro Pump|p2a: Blissey
|-damage|p2a: Blissey|17/100
|
|-weather|Sandstorm|[upkeep]
|-damage|p1a: Starmie|44/100|[from] Sandstorm
|-damage|p2a: Blissey|11/100|[from] Sandstorm
|-heal|p1a: Starmie|50/100|[from] item: Leftovers
|-heal|p2a: Blissey|17/100|[from] item: Leftovers
|upkeep
|turn|42
|inactive|Ramberg Buckland has 240 seconds left.
|
|t:|1728740558
|move|p1a: Starmie|Hydro Pump|p2a: Blissey|[miss]
|-miss|p1a: Starmie|p2a: Blissey
|move|p2a: Blissey|Soft-Boiled|p2a: Blissey
|-heal|p2a: Blissey|67/100
|
|-weather|Sandstorm|[upkeep]
|-damage|p1a: Starmie|44/100|[from] Sandstorm
|-damage|p2a: Blissey|61/100|[from] Sandstorm
|-heal|p1a: Starmie|50/100|[from] item: Leftovers
|-heal|p2a: Blissey|67/100|[from] item: Leftovers
|upkeep
|turn|43
|inactive|Ramberg Buckland has 240 seconds left.
|
|t:|1728740568
|move|p1a: Starmie|Recover|p1a: Starmie
|-heal|p1a: Starmie|99/100
|move|p2a: Blissey|Wish|p2a: Blissey
|
|-weather|Sandstorm|[upkeep]
|-damage|p1a: Starmie|94/100|[from] Sandstorm
|-damage|p2a: Blissey|61/100|[from] Sandstorm
|-heal|p1a: Starmie|99/100|[from] item: Leftovers
|-heal|p2a: Blissey|67/100|[from] item: Leftovers
|upkeep
|turn|44
|
|t:|1728740575
|move|p1a: Starmie|Rapid Spin|p2a: Blissey
|-damage|p2a: Blissey|65/100
|-sideend|p1: asbolus verrucosus|Spikes|[from] move: Rapid Spin|[of] p1a: Starmie
|move|p2a: Blissey|Seismic Toss|p1a: Starmie
|-damage|p1a: Starmie|62/100
|
|-heal|p2a: Blissey|100/100|[from] move: Wish|[wisher] Blissey
|-weather|Sandstorm|[upkeep]
|-damage|p1a: Starmie|56/100|[from] Sandstorm
|-damage|p2a: Blissey|94/100|[from] Sandstorm
|-heal|p1a: Starmie|62/100|[from] item: Leftovers
|-heal|p2a: Blissey|100/100|[from] item: Leftovers
|upkeep
|turn|45
|
|t:|1728740583
|switch|p1a: Breloom|Breloom, F|100/100
|move|p2a: Blissey|Wish|p2a: Blissey
|
|-weather|Sandstorm|[upkeep]
|-damage|p1a: Breloom|94/100|[from] Sandstorm
|-damage|p2a: Blissey|94/100|[from] Sandstorm
|-heal|p1a: Breloom|100/100|[from] item: Leftovers
|-heal|p2a: Blissey|100/100|[from] item: Leftovers
|upkeep
|turn|46
|
|t:|1728740591
|-singleturn|p1a: Breloom|move: Focus Punch
|switch|p2a: Salamence|Salamence, F|64/100
|-ability|p2a: Salamence|Intimidate|boost
|-unboost|p1a: Breloom|atk|1
|move|p1a: Breloom|Focus Punch|p2a: Salamence
|-resisted|p2a: Salamence
|-damage|p2a: Salamence|30/100
|
|-heal|p2a: Salamence|79/100|[from] move: Wish|[wisher] Blissey
|-weather|Sandstorm|[upkeep]
|-damage|p2a: Salamence|73/100|[from] Sandstorm
|-damage|p1a: Breloom|94/100|[from] Sandstorm
|-heal|p1a: Breloom|100/100|[from] item: Leftovers
|upkeep
|turn|47
|inactive|asbolus verrucosus has 270 seconds left.
|
|t:|1728740623
|switch|p1a: Houndoom|Houndoom, F|66/100
|move|p2a: Salamence|Hidden Power|p1a: Houndoom
|-damage|p1a: Houndoom|0 fnt
|faint|p1a: Houndoom
|inactive|asbolus verrucosus has 270 seconds left.
|
|t:|1728740633
|switch|p1a: Starmie|Starmie|62/100
|
|-weather|Sandstorm|[upkeep]
|-damage|p1a: Starmie|56/100|[from] Sandstorm
|-damage|p2a: Salamence|67/100|[from] Sandstorm
|-heal|p1a: Starmie|62/100|[from] item: Leftovers
|upkeep
|turn|48
|inactive|Ramberg Buckland has 270 seconds left.
|
|t:|1728740653
|switch|p1a: Snorlax|Snorlax, M|41/100 par
|switch|p2a: Blissey|Blissey, F|100/100
|
|-weather|Sandstorm|[upkeep]
|-damage|p2a: Blissey|94/100|[from] Sandstorm
|-damage|p1a: Snorlax|34/100 par|[from] Sandstorm
|-heal|p2a: Blissey|100/100|[from] item: Leftovers
|-heal|p1a: Snorlax|41/100 par|[from] item: Leftovers
|upkeep
|turn|49
|
|t:|1728740663
|switch|p2a: Skarmory|Skarmory, M|100/100 par
|move|p1a: Snorlax|Curse|p1a: Snorlax
|-unboost|p1a: Snorlax|spe|1
|-boost|p1a: Snorlax|atk|1
|-boost|p1a: Snorlax|def|1
|
|-weather|Sandstorm|[upkeep]
|-damage|p1a: Snorlax|34/100 par|[from] Sandstorm
|-heal|p1a: Snorlax|41/100 par|[from] item: Leftovers
|upkeep
|turn|50
|inactive|Ramberg Buckland has 270 seconds left.
|
|t:|1728740668
|move|p1a: Snorlax|Rest|p1a: Snorlax
|-status|p1a: Snorlax|slp|[from] move: Rest
|-heal|p1a: Snorlax|100/100 slp|[silent]
|move|p2a: Skarmory|Roar|p1a: Snorlax
|drag|p1a: Breloom|Breloom, F|100/100
|
|-weather|Sandstorm|[upkeep]
|-damage|p1a: Breloom|94/100|[from] Sandstorm
|-heal|p1a: Breloom|100/100|[from] item: Leftovers
|upkeep
|turn|51
|
|t:|1728740683
|switch|p1a: Snorlax|Snorlax, M|100/100 slp
|cant|p2a: Skarmory|par
|
|-weather|Sandstorm|[upkeep]
|-damage|p1a: Snorlax|94/100 slp|[from] Sandstorm
|-heal|p1a: Snorlax|100/100 slp|[from] item: Leftovers
|upkeep
|turn|52
|
|t:|1728740688
|cant|p1a: Snorlax|slp
|move|p2a: Skarmory|Spikes|p1a: Snorlax
|-sidestart|p1: asbolus verrucosus|Spikes
|
|-weather|Sandstorm|[upkeep]
|-damage|p1a: Snorlax|94/100 slp|[from] Sandstorm
|-heal|p1a: Snorlax|100/100 slp|[from] item: Leftovers
|upkeep
|turn|53
|
|t:|1728740691
|cant|p1a: Snorlax|slp
|move|p2a: Skarmory|Roar|p1a: Snorlax
|drag|p1a: Starmie|Starmie|62/100
|-damage|p1a: Starmie|50/100|[from] Spikes
|
|-weather|Sandstorm|[upkeep]
|-damage|p1a: Starmie|44/100|[from] Sandstorm
|-heal|p1a: Starmie|50/100|[from] item: Leftovers
|upkeep
|turn|54
|
|t:|1728740702
|switch|p2a: Blissey|Blissey, F|100/100
|move|p1a: Starmie|Hydro Pump|p2a: Blissey
|-damage|p2a: Blissey|78/100
|
|-weather|Sandstorm|[upkeep]
|-damage|p1a: Starmie|44/100|[from] Sandstorm
|-damage|p2a: Blissey|72/100|[from] Sandstorm
|-heal|p1a: Starmie|50/100|[from] item: Leftovers
|-heal|p2a: Blissey|78/100|[from] item: Leftovers
|upkeep
|turn|55
|
|t:|1728740711
|move|p1a: Starmie|Recover|p1a: Starmie
|-heal|p1a: Starmie|99/100
|move|p2a: Blissey|Seismic Toss|p1a: Starmie
|-damage|p1a: Starmie|62/100
|
|-weather|Sandstorm|[upkeep]
|-damage|p1a: Starmie|55/100|[from] Sandstorm
|-damage|p2a: Blissey|72/100|[from] Sandstorm
|-heal|p1a: Starmie|62/100|[from] item: Leftovers
|-heal|p2a: Blissey|78/100|[from] item: Leftovers
|upkeep
|turn|56
|c|☆asbolus verrucosus|this blissey should not be alive
|inactive|Ramberg Buckland has 270 seconds left.
|
|t:|1728740744
|move|p1a: Starmie|Rapid Spin|p2a: Blissey
|-damage|p2a: Blissey|76/100
|-sideend|p1: asbolus verrucosus|Spikes|[from] move: Rapid Spin|[of] p1a: Starmie
|move|p2a: Blissey|Seismic Toss|p1a: Starmie
|-damage|p1a: Starmie|23/100
|
|-weather|Sandstorm|[upkeep]
|-damage|p1a: Starmie|17/100|[from] Sandstorm
|-damage|p2a: Blissey|70/100|[from] Sandstorm
|-heal|p1a: Starmie|23/100|[from] item: Leftovers
|-heal|p2a: Blissey|76/100|[from] item: Leftovers
|upkeep
|turn|57
|
|t:|1728740750
|move|p1a: Starmie|Recover|p1a: Starmie
|-heal|p1a: Starmie|73/100
|move|p2a: Blissey|Wish|p2a: Blissey
|
|-weather|Sandstorm|[upkeep]
|-damage|p1a: Starmie|67/100|[from] Sandstorm
|-damage|p2a: Blissey|70/100|[from] Sandstorm
|-heal|p1a: Starmie|73/100|[from] item: Leftovers
|-heal|p2a: Blissey|76/100|[from] item: Leftovers
|upkeep
|turn|58
|
|t:|1728740760
|switch|p2a: Salamence|Salamence, F|67/100
|-ability|p2a: Salamence|Intimidate|boost
|-unboost|p1a: Starmie|atk|1
|move|p1a: Starmie|Ice Beam|p2a: Salamence
|-supereffective|p2a: Salamence
|-damage|p2a: Salamence|0 fnt
|faint|p2a: Salamence
|
|t:|1728740768
|switch|p2a: Blissey|Blissey, F|76/100
|
|-heal|p2a: Blissey|100/100|[from] move: Wish|[wisher] Blissey
|-weather|Sandstorm|[upkeep]
|-damage|p1a: Starmie|67/100|[from] Sandstorm
|-damage|p2a: Blissey|94/100|[from] Sandstorm
|-heal|p1a: Starmie|73/100|[from] item: Leftovers
|-heal|p2a: Blissey|100/100|[from] item: Leftovers
|upkeep
|turn|59
|inactive|Ramberg Buckland has 270 seconds left.
|
|t:|1728740794
|switch|p1a: Snorlax|Snorlax, M|100/100 slp
|move|p2a: Blissey|Seismic Toss|p1a: Snorlax
|-damage|p1a: Snorlax|80/100 slp
|
|-weather|Sandstorm|[upkeep]
|-damage|p2a: Blissey|94/100|[from] Sandstorm
|-damage|p1a: Snorlax|74/100 slp|[from] Sandstorm
|-heal|p2a: Blissey|100/100|[from] item: Leftovers
|-heal|p1a: Snorlax|80/100 slp|[from] item: Leftovers
|upkeep
|turn|60
|
|t:|1728740798
|switch|p2a: Skarmory|Skarmory, M|100/100 par
|-curestatus|p1a: Snorlax|slp|[msg]
|move|p1a: Snorlax|Body Slam|p2a: Skarmory
|-resisted|p2a: Skarmory
|-damage|p2a: Skarmory|87/100 par
|
|-weather|Sandstorm|[upkeep]
|-damage|p1a: Snorlax|74/100|[from] Sandstorm
|-heal|p1a: Snorlax|80/100|[from] item: Leftovers
|-heal|p2a: Skarmory|93/100 par|[from] item: Leftovers
|upkeep
|turn|61
|
|t:|1728740810
|switch|p1a: Starmie|Starmie|73/100
|move|p2a: Skarmory|Spikes|p1a: Starmie
|-sidestart|p1: asbolus verrucosus|Spikes
|
|-weather|Sandstorm|[upkeep]
|-damage|p1a: Starmie|67/100|[from] Sandstorm
|-heal|p1a: Starmie|73/100|[from] item: Leftovers
|-heal|p2a: Skarmory|99/100 par|[from] item: Leftovers
|upkeep
|turn|62
|
|t:|1728740822
|move|p1a: Starmie|Ice Beam|p2a: Skarmory
|-damage|p2a: Skarmory|70/100 par
|move|p2a: Skarmory|Toxic|p1a: Starmie
|-status|p1a: Starmie|tox
|
|-weather|Sandstorm|[upkeep]
|-damage|p1a: Starmie|67/100 tox|[from] Sandstorm
|-heal|p1a: Starmie|73/100 tox|[from] item: Leftovers
|-damage|p1a: Starmie|67/100 tox|[from] psn
|-heal|p2a: Skarmory|76/100 par|[from] item: Leftovers
|upkeep
|turn|63
|inactive|Ramberg Buckland has 270 seconds left.
|
|t:|1728740848
|switch|p2a: Blissey|Blissey, F|100/100
|move|p1a: Starmie|Hydro Pump|p2a: Blissey
|-damage|p2a: Blissey|78/100
|
|-weather|Sandstorm|[upkeep]
|-damage|p1a: Starmie|61/100 tox|[from] Sandstorm
|-damage|p2a: Blissey|72/100|[from] Sandstorm
|-heal|p1a: Starmie|67/100 tox|[from] item: Leftovers
|-damage|p1a: Starmie|55/100 tox|[from] psn
|-heal|p2a: Blissey|78/100|[from] item: Leftovers
|upkeep
|turn|64
|
|t:|1728740858
|-curestatus|p1a: Starmie|tox|[from] ability: Natural Cure
|switch|p1a: Snorlax|Snorlax, M|80/100
|-damage|p1a: Snorlax|68/100|[from] Spikes
|move|p2a: Blissey|Seismic Toss|p1a: Snorlax
|-damage|p1a: Snorlax|48/100
|
|-weather|Sandstorm|[upkeep]
|-damage|p2a: Blissey|72/100|[from] Sandstorm
|-damage|p1a: Snorlax|42/100|[from] Sandstorm
|-heal|p2a: Blissey|78/100|[from] item: Leftovers
|-heal|p1a: Snorlax|48/100|[from] item: Leftovers
|upkeep
|turn|65
|
|t:|1728740874
|switch|p2a: Skarmory|Skarmory, M|76/100 par
|move|p1a: Snorlax|Curse|p1a: Snorlax
|-unboost|p1a: Snorlax|spe|1
|-boost|p1a: Snorlax|atk|1
|-boost|p1a: Snorlax|def|1
|
|-weather|Sandstorm|[upkeep]
|-damage|p1a: Snorlax|42/100|[from] Sandstorm
|-heal|p1a: Snorlax|48/100|[from] item: Leftovers
|-heal|p2a: Skarmory|82/100 par|[from] item: Leftovers
|upkeep
|turn|66
|
|t:|1728740879
|move|p1a: Snorlax|Body Slam|p2a: Skarmory
|-resisted|p2a: Skarmory
|-damage|p2a: Skarmory|63/100 par
|cant|p2a: Skarmory|par
|
|-weather|Sandstorm|[upkeep]
|-damage|p1a: Snorlax|42/100|[from] Sandstorm
|-heal|p1a: Snorlax|48/100|[from] item: Leftovers
|-heal|p2a: Skarmory|69/100 par|[from] item: Leftovers
|upkeep
|turn|67
|
|t:|1728740884
|move|p1a: Snorlax|Rest|p1a: Snorlax
|-status|p1a: Snorlax|slp|[from] move: Rest
|-heal|p1a: Snorlax|100/100 slp|[silent]
|cant|p2a: Skarmory|par
|
|-weather|Sandstorm|[upkeep]
|-damage|p1a: Snorlax|94/100 slp|[from] Sandstorm
|-heal|p1a: Snorlax|100/100 slp|[from] item: Leftovers
|-heal|p2a: Skarmory|75/100 par|[from] item: Leftovers
|upkeep
|turn|68
|
|t:|1728740889
|cant|p1a: Snorlax|slp
|move|p2a: Skarmory|Roar|p1a: Snorlax
|drag|p1a: Starmie|Starmie|55/100
|-damage|p1a: Starmie|43/100|[from] Spikes
|
|-weather|Sandstorm|[upkeep]
|-damage|p1a: Starmie|37/100|[from] Sandstorm
|-heal|p1a: Starmie|43/100|[from] item: Leftovers
|-heal|p2a: Skarmory|81/100 par|[from] item: Leftovers
|upkeep
|turn|69
|
|t:|1728740896
|move|p1a: Starmie|Rapid Spin|p2a: Skarmory
|-resisted|p2a: Skarmory
|-damage|p2a: Skarmory|80/100 par
|-sideend|p1: asbolus verrucosus|Spikes|[from] move: Rapid Spin|[of] p1a: Starmie
|cant|p2a: Skarmory|par
|
|-weather|Sandstorm|[upkeep]
|-damage|p1a: Starmie|37/100|[from] Sandstorm
|-heal|p1a: Starmie|43/100|[from] item: Leftovers
|-heal|p2a: Skarmory|86/100 par|[from] item: Leftovers
|upkeep
|turn|70
|
|t:|1728740913
|switch|p2a: Blissey|Blissey, F|78/100
|move|p1a: Starmie|Hydro Pump|p2a: Blissey
|-damage|p2a: Blissey|57/100
|
|-weather|Sandstorm|[upkeep]
|-damage|p1a: Starmie|37/100|[from] Sandstorm
|-damage|p2a: Blissey|51/100|[from] Sandstorm
|-heal|p1a: Starmie|43/100|[from] item: Leftovers
|-heal|p2a: Blissey|57/100|[from] item: Leftovers
|upkeep
|turn|71
|
|t:|1728740917
|move|p1a: Starmie|Recover|p1a: Starmie
|-heal|p1a: Starmie|93/100
|move|p2a: Blissey|Soft-Boiled|p2a: Blissey
|-heal|p2a: Blissey|100/100
|
|-weather|Sandstorm|[upkeep]
|-damage|p1a: Starmie|87/100|[from] Sandstorm
|-damage|p2a: Blissey|94/100|[from] Sandstorm
|-heal|p1a: Starmie|93/100|[from] item: Leftovers
|-heal|p2a: Blissey|100/100|[from] item: Leftovers
|upkeep
|turn|72
|
|t:|1728740922
|switch|p1a: Breloom|Breloom, F|100/100
|move|p2a: Blissey|Seismic Toss|p1a: Breloom
|-damage|p1a: Breloom|62/100
|
|-weather|Sandstorm|[upkeep]
|-damage|p1a: Breloom|56/100|[from] Sandstorm
|-damage|p2a: Blissey|94/100|[from] Sandstorm
|-heal|p1a: Breloom|62/100|[from] item: Leftovers
|-heal|p2a: Blissey|100/100|[from] item: Leftovers
|upkeep
|turn|73
|
|t:|1728740931
|switch|p2a: Tyranitar|Tyranitar, M|88/100 brn
|move|p1a: Breloom|Sky Uppercut|p2a: Tyranitar
|-supereffective|p2a: Tyranitar
|-damage|p2a: Tyranitar|0 fnt
|faint|p2a: Tyranitar
|
|t:|1728740935
|switch|p2a: Skarmory|Skarmory, M|86/100 par
|
|-weather|Sandstorm|[upkeep]
|-damage|p1a: Breloom|56/100|[from] Sandstorm
|-heal|p1a: Breloom|62/100|[from] item: Leftovers
|-heal|p2a: Skarmory|92/100 par|[from] item: Leftovers
|upkeep
|turn|74
|
|t:|1728740941
|switch|p1a: Snorlax|Snorlax, M|100/100 slp
|move|p2a: Skarmory|Drill Peck|p1a: Snorlax
|-crit|p1a: Snorlax
|-damage|p1a: Snorlax|60/100 slp
|
|-weather|Sandstorm|[upkeep]
|-damage|p1a: Snorlax|54/100 slp|[from] Sandstorm
|-heal|p1a: Snorlax|60/100 slp|[from] item: Leftovers
|-heal|p2a: Skarmory|98/100 par|[from] item: Leftovers
|upkeep
|turn|75
|
|t:|1728740948
|cant|p1a: Snorlax|slp
|move|p2a: Skarmory|Spikes|p1a: Snorlax
|-sidestart|p1: asbolus verrucosus|Spikes
|
|-weather|Sandstorm|[upkeep]
|-damage|p1a: Snorlax|54/100 slp|[from] Sandstorm
|-heal|p1a: Snorlax|60/100 slp|[from] item: Leftovers
|-heal|p2a: Skarmory|100/100 par|[from] item: Leftovers
|upkeep
|turn|76
|
|t:|1728740955
|-curestatus|p1a: Snorlax|slp|[msg]
|move|p1a: Snorlax|Rest|p1a: Snorlax
|-status|p1a: Snorlax|slp|[from] move: Rest
|-heal|p1a: Snorlax|100/100 slp|[silent]
|move|p2a: Skarmory|Roar|p1a: Snorlax
|drag|p1a: Starmie|Starmie|93/100
|-damage|p1a: Starmie|81/100|[from] Spikes
|
|-weather|Sandstorm|[upkeep]
|-damage|p1a: Starmie|75/100|[from] Sandstorm
|-heal|p1a: Starmie|81/100|[from] item: Leftovers
|upkeep
|turn|77
|
|t:|1728740962
|move|p1a: Starmie|Rapid Spin|p2a: Skarmory
|-resisted|p2a: Skarmory
|-damage|p2a: Skarmory|99/100 par
|-sideend|p1: asbolus verrucosus|Spikes|[from] move: Rapid Spin|[of] p1a: Starmie
|move|p2a: Skarmory|Drill Peck|p1a: Starmie
|-damage|p1a: Starmie|47/100
|
|-weather|Sandstorm|[upkeep]
|-damage|p1a: Starmie|41/100|[from] Sandstorm
|-heal|p1a: Starmie|47/100|[from] item: Leftovers
|-heal|p2a: Skarmory|100/100 par|[from] item: Leftovers
|upkeep
|turn|78
|
|t:|1728740971
|move|p1a: Starmie|Recover|p1a: Starmie
|-heal|p1a: Starmie|97/100
|move|p2a: Skarmory|Drill Peck|p1a: Starmie
|-damage|p1a: Starmie|64/100
|
|-weather|Sandstorm|[upkeep]
|-damage|p1a: Starmie|58/100|[from] Sandstorm
|-heal|p1a: Starmie|64/100|[from] item: Leftovers
|upkeep
|turn|79
|
|t:|1728740985
|switch|p1a: Snorlax|Snorlax, M|100/100 slp
|move|p2a: Skarmory|Drill Peck|p1a: Snorlax
|-damage|p1a: Snorlax|80/100 slp
|
|-weather|Sandstorm|[upkeep]
|-damage|p1a: Snorlax|74/100 slp|[from] Sandstorm
|-heal|p1a: Snorlax|80/100 slp|[from] item: Leftovers
|upkeep
|turn|80
|
|t:|1728740992
|cant|p1a: Snorlax|slp
|move|p2a: Skarmory|Spikes|p1a: Snorlax
|-sidestart|p1: asbolus verrucosus|Spikes
|
|-weather|Sandstorm|[upkeep]
|-damage|p1a: Snorlax|74/100 slp|[from] Sandstorm
|-heal|p1a: Snorlax|80/100 slp|[from] item: Leftovers
|upkeep
|turn|81
|
|t:|1728740996
|cant|p1a: Snorlax|slp
|move|p2a: Skarmory|Roar|p1a: Snorlax
|drag|p1a: Breloom|Breloom, F|62/100
|-damage|p1a: Breloom|50/100|[from] Spikes
|
|-weather|Sandstorm|[upkeep]
|-damage|p1a: Breloom|44/100|[from] Sandstorm
|-heal|p1a: Breloom|50/100|[from] item: Leftovers
|upkeep
|turn|82
|
|t:|1728741003
|move|p1a: Breloom|Sky Uppercut|p2a: Skarmory
|-damage|p2a: Skarmory|65/100 par
|move|p2a: Skarmory|Drill Peck|p1a: Breloom
|-supereffective|p1a: Breloom
|-crit|p1a: Breloom
|-damage|p1a: Breloom|0 fnt
|faint|p1a: Breloom
|
|t:|1728741012
|switch|p1a: Starmie|Starmie|64/100
|-damage|p1a: Starmie|52/100|[from] Spikes
|
|-weather|Sandstorm|[upkeep]
|-damage|p1a: Starmie|46/100|[from] Sandstorm
|-heal|p1a: Starmie|52/100|[from] item: Leftovers
|-heal|p2a: Skarmory|71/100 par|[from] item: Leftovers
|upkeep
|turn|83
|
|t:|1728741017
|switch|p2a: Blissey|Blissey, F|100/100
|move|p1a: Starmie|Hydro Pump|p2a: Blissey|[miss]
|-miss|p1a: Starmie|p2a: Blissey
|
|-weather|Sandstorm|[upkeep]
|-damage|p1a: Starmie|46/100|[from] Sandstorm
|-damage|p2a: Blissey|94/100|[from] Sandstorm
|-heal|p1a: Starmie|52/100|[from] item: Leftovers
|-heal|p2a: Blissey|100/100|[from] item: Leftovers
|upkeep
|turn|84
|
|t:|1728741036
|move|p1a: Starmie|Rapid Spin|p2a: Blissey
|-damage|p2a: Blissey|98/100
|-sideend|p1: asbolus verrucosus|Spikes|[from] move: Rapid Spin|[of] p1a: Starmie
|move|p2a: Blissey|Wish|p2a: Blissey
|
|-weather|Sandstorm|[upkeep]
|-damage|p1a: Starmie|46/100|[from] Sandstorm
|-damage|p2a: Blissey|92/100|[from] Sandstorm
|-heal|p1a: Starmie|52/100|[from] item: Leftovers
|-heal|p2a: Blissey|98/100|[from] item: Leftovers
|upkeep
|turn|85
|
|t:|1728741041
|switch|p2a: Skarmory|Skarmory, M|71/100 par
|move|p1a: Starmie|Ice Beam|p2a: Skarmory
|-damage|p2a: Skarmory|41/100 par
|
|-heal|p2a: Skarmory|91/100 par|[from] move: Wish|[wisher] Blissey
|-weather|Sandstorm|[upkeep]
|-damage|p1a: Starmie|46/100|[from] Sandstorm
|-heal|p1a: Starmie|52/100|[from] item: Leftovers
|-heal|p2a: Skarmory|97/100 par|[from] item: Leftovers
|upkeep
|turn|86
|
|t:|1728741051
|switch|p2a: Blissey|Blissey, F|98/100
|move|p1a: Starmie|Ice Beam|p2a: Blissey
|-damage|p2a: Blissey|86/100
|
|-weather|Sandstorm|[upkeep]
|-damage|p1a: Starmie|46/100|[from] Sandstorm
|-damage|p2a: Blissey|79/100|[from] Sandstorm
|-heal|p1a: Starmie|52/100|[from] item: Leftovers
|-heal|p2a: Blissey|86/100|[from] item: Leftovers
|upkeep
|turn|87
|
|t:|1728741058
|move|p1a: Starmie|Ice Beam|p2a: Blissey
|-damage|p2a: Blissey|74/100
|move|p2a: Blissey|Seismic Toss|p1a: Starmie
|-damage|p1a: Starmie|13/100
|
|-weather|Sandstorm|[upkeep]
|-damage|p1a: Starmie|7/100|[from] Sandstorm
|-damage|p2a: Blissey|68/100|[from] Sandstorm
|-heal|p1a: Starmie|13/100|[from] item: Leftovers
|-heal|p2a: Blissey|74/100|[from] item: Leftovers
|upkeep
|turn|88
|
|t:|1728741071
|move|p1a: Starmie|Ice Beam|p2a: Blissey
|-damage|p2a: Blissey|62/100
|-status|p2a: Blissey|frz
|cant|p2a: Blissey|frz
|
|-weather|Sandstorm|[upkeep]
|-damage|p1a: Starmie|7/100|[from] Sandstorm
|-damage|p2a: Blissey|56/100 frz|[from] Sandstorm
|-heal|p1a: Starmie|13/100|[from] item: Leftovers
|-heal|p2a: Blissey|62/100 frz|[from] item: Leftovers
|upkeep
|turn|89
|
|t:|1728741088
|-curestatus|p2a: Blissey|frz|[from] ability: Natural Cure
|switch|p2a: Skarmory|Skarmory, M|97/100 par
|move|p1a: Starmie|Hydro Pump|p2a: Skarmory
|-damage|p2a: Skarmory|42/100 par
|
|-weather|Sandstorm|[upkeep]
|-damage|p1a: Starmie|7/100|[from] Sandstorm
|-heal|p1a: Starmie|13/100|[from] item: Leftovers
|-heal|p2a: Skarmory|48/100 par|[from] item: Leftovers
|upkeep
|turn|90
|
|t:|1728741099
|switch|p2a: Blissey|Blissey, F|62/100
|move|p1a: Starmie|Ice Beam|p2a: Blissey
|-damage|p2a: Blissey|51/100
|
|-weather|Sandstorm|[upkeep]
|-damage|p1a: Starmie|7/100|[from] Sandstorm
|-damage|p2a: Blissey|45/100|[from] Sandstorm
|-heal|p1a: Starmie|13/100|[from] item: Leftovers
|-heal|p2a: Blissey|51/100|[from] item: Leftovers
|upkeep
|turn|91
|
|t:|1728741104
|move|p1a: Starmie|Ice Beam|p2a: Blissey
|-damage|p2a: Blissey|40/100
|-status|p2a: Blissey|frz
|-curestatus|p2a: Blissey|frz|[msg]
|move|p2a: Blissey|Soft-Boiled|p2a: Blissey
|-heal|p2a: Blissey|90/100
|
|-weather|Sandstorm|[upkeep]
|-damage|p1a: Starmie|7/100|[from] Sandstorm
|-damage|p2a: Blissey|84/100|[from] Sandstorm
|-heal|p1a: Starmie|13/100|[from] item: Leftovers
|-heal|p2a: Blissey|90/100|[from] item: Leftovers
|upkeep
|turn|92
|
|t:|1728741106
|move|p1a: Starmie|Ice Beam|p2a: Blissey
|-damage|p2a: Blissey|78/100
|move|p2a: Blissey|Seismic Toss|p1a: Starmie
|-damage|p1a: Starmie|0 fnt
|faint|p1a: Starmie
|
|t:|1728741108
|switch|p1a: Snorlax|Snorlax, M|80/100 slp
|
|-weather|Sandstorm|[upkeep]
|-damage|p2a: Blissey|72/100|[from] Sandstorm
|-damage|p1a: Snorlax|74/100 slp|[from] Sandstorm
|-heal|p2a: Blissey|78/100|[from] item: Leftovers
|-heal|p1a: Snorlax|80/100 slp|[from] item: Leftovers
|upkeep
|turn|93
|
|t:|1728741137
|move|p2a: Blissey|Seismic Toss|p1a: Snorlax
|-damage|p1a: Snorlax|60/100 slp
|-curestatus|p1a: Snorlax|slp|[msg]
|move|p1a: Snorlax|Curse|p1a: Snorlax
|-unboost|p1a: Snorlax|spe|1
|-boost|p1a: Snorlax|atk|1
|-boost|p1a: Snorlax|def|1
|
|-weather|Sandstorm|[upkeep]
|-damage|p2a: Blissey|72/100|[from] Sandstorm
|-damage|p1a: Snorlax|54/100|[from] Sandstorm
|-heal|p2a: Blissey|78/100|[from] item: Leftovers
|-heal|p1a: Snorlax|60/100|[from] item: Leftovers
|upkeep
|turn|94
|
|t:|1728741143
|move|p2a: Blissey|Thunder Wave|p1a: Snorlax
|-status|p1a: Snorlax|par
|move|p1a: Snorlax|Curse|p1a: Snorlax
|-unboost|p1a: Snorlax|spe|1
|-boost|p1a: Snorlax|atk|1
|-boost|p1a: Snorlax|def|1
|
|-weather|Sandstorm|[upkeep]
|-damage|p2a: Blissey|72/100|[from] Sandstorm
|-damage|p1a: Snorlax|54/100 par|[from] Sandstorm
|-heal|p2a: Blissey|78/100|[from] item: Leftovers
|-heal|p1a: Snorlax|60/100 par|[from] item: Leftovers
|upkeep
|turn|95
|
|t:|1728741147
|move|p2a: Blissey|Seismic Toss|p1a: Snorlax
|-damage|p1a: Snorlax|40/100 par
|move|p1a: Snorlax|Rest|p1a: Snorlax
|-status|p1a: Snorlax|slp|[from] move: Rest
|-heal|p1a: Snorlax|100/100 slp|[silent]
|
|-weather|Sandstorm|[upkeep]
|-damage|p2a: Blissey|72/100|[from] Sandstorm
|-damage|p1a: Snorlax|94/100 slp|[from] Sandstorm
|-heal|p2a: Blissey|78/100|[from] item: Leftovers
|-heal|p1a: Snorlax|100/100 slp|[from] item: Leftovers
|upkeep
|turn|96
|
|t:|1728741154
|switch|p2a: Magneton|Magneton|100/100 slp
|cant|p1a: Snorlax|slp
|
|-weather|Sandstorm|[upkeep]
|-damage|p1a: Snorlax|94/100 slp|[from] Sandstorm
|-heal|p1a: Snorlax|100/100 slp|[from] item: Leftovers
|upkeep
|turn|97
|
|t:|1728741156
|cant|p2a: Magneton|slp
|cant|p1a: Snorlax|slp
|
|-weather|Sandstorm|[upkeep]
|-damage|p1a: Snorlax|94/100 slp|[from] Sandstorm
|-heal|p1a: Snorlax|100/100 slp|[from] item: Leftovers
|upkeep
|turn|98
|
|t:|1728741158
|cant|p2a: Magneton|slp
|-curestatus|p1a: Snorlax|slp|[msg]
|move|p1a: Snorlax|Earthquake|p2a: Magneton
|-supereffective|p2a: Magneton
|-damage|p2a: Magneton|0 fnt
|faint|p2a: Magneton
|
|t:|1728741164
|switch|p2a: Skarmory|Skarmory, M|48/100 par
|
|-weather|Sandstorm|[upkeep]
|-damage|p1a: Snorlax|94/100|[from] Sandstorm
|-heal|p1a: Snorlax|100/100|[from] item: Leftovers
|-heal|p2a: Skarmory|53/100 par|[from] item: Leftovers
|upkeep
|turn|99
|
|t:|1728741169
|move|p1a: Snorlax|Curse|p1a: Snorlax
|-unboost|p1a: Snorlax|spe|1
|-boost|p1a: Snorlax|atk|1
|-boost|p1a: Snorlax|def|1
|cant|p2a: Skarmory|par
|
|-weather|Sandstorm|[upkeep]
|-damage|p1a: Snorlax|94/100|[from] Sandstorm
|-heal|p2a: Skarmory|59/100 par|[from] item: Leftovers
|-heal|p1a: Snorlax|100/100|[from] item: Leftovers
|upkeep
|turn|100
|
|t:|1728741176
|move|p2a: Skarmory|Toxic|p1a: Snorlax
|-immune|p1a: Snorlax|[from] ability: Immunity
|move|p1a: Snorlax|Body Slam|p2a: Skarmory
|-resisted|p2a: Skarmory
|-damage|p2a: Skarmory|27/100 par
|
|-weather|Sandstorm|[upkeep]
|-damage|p1a: Snorlax|94/100|[from] Sandstorm
|-heal|p2a: Skarmory|33/100 par|[from] item: Leftovers
|-heal|p1a: Snorlax|100/100|[from] item: Leftovers
|upkeep
|turn|101
|
|t:|1728741179
|move|p2a: Skarmory|Drill Peck|p1a: Snorlax
|-damage|p1a: Snorlax|93/100
|move|p1a: Snorlax|Body Slam|p2a: Skarmory
|-resisted|p2a: Skarmory
|-damage|p2a: Skarmory|0 fnt
|faint|p2a: Skarmory
|
|t:|1728741183
|switch|p2a: Blissey|Blissey, F|78/100
|
|-weather|Sandstorm|[upkeep]
|-damage|p2a: Blissey|72/100|[from] Sandstorm
|-damage|p1a: Snorlax|87/100|[from] Sandstorm
|-heal|p2a: Blissey|78/100|[from] item: Leftovers
|-heal|p1a: Snorlax|93/100|[from] item: Leftovers
|upkeep
|turn|102
|
|t:|1728741186
|move|p2a: Blissey|Thunder Wave|p1a: Snorlax
|-status|p1a: Snorlax|par
|move|p1a: Snorlax|Body Slam|p2a: Blissey
|-damage|p2a: Blissey|3/100
|-status|p2a: Blissey|par
|
|-weather|Sandstorm|[upkeep]
|-damage|p2a: Blissey|0 fnt|[from] Sandstorm
|-damage|p1a: Snorlax|87/100 par|[from] Sandstorm
|faint|p2a: Blissey
|
|win|asbolus verrucosus
|upkeep
|c|☆Ramberg Buckland|gg
|c|☆asbolus verrucosus|gg
|c|☆Ramberg Buckland|rly well played
|c|☆Ramberg Buckland|you got haxed so hard

</script>
<script type="application/json" class="data" id="replaydata-smogtours-gen3ou-797419">
{"id":"smogtours-gen3ou-797419","format":"[Gen 3] OU","players":["asbolus verrucosus","Ramberg Buckland"],"uploadtime":1728741186,"views":90,"formatid":"gen3ou","rating":null,"private":0,"password":null}
</script>

<script defer src="js/replays.js?9d40a366"></script>
