<!DOCTYPE html>
<meta charset="utf-8" />
<meta name="viewport" content="width=device-width" />

<title>[Gen 3] OU: kaesespaetzle vs. DiamondDiancie25 - Replays - Pok&eacute;mon Showdown!</title>

<meta name="description" content="Watch a replay of a Pok&eacute;mon battle between kaesespaetzle and DiamondDiancie25! Format: [Gen 3] OU; Date: Oct 23, 2024" />
<!--

Hey, you! Looking in the source for the replay log?

You can find them in JSON format, just add `.json` at the end of a replay URL.

https://replay.pokemonshowdown.com/gen7randomdoublesbattle-865046831.json

Or, if you only need the log itself, add `.log` instead:

https://replay.pokemonshowdown.com/gen7randomdoublesbattle-865046831.log

-->

<link rel="stylesheet" href="//pokemonshowdown.com/style/global.css?0.023195364461161105" />
<link rel="stylesheet" href="//play.pokemonshowdown.com/style/font-awesome.css?0.13261647063804238" />
<link rel="stylesheet" href="//play.pokemonshowdown.com/style/battle.css?0.8753245789963631" />
<link rel="stylesheet" href="//play.pokemonshowdown.com/style/utilichart.css?0.8627959624976733" />

<!-- Global site tag (gtag.js) - Google Analytics -->
<script async src="https://www.googletagmanager.com/gtag/js?id=UA-26211653-1"></script>
<script>
  window.dataLayer = window.dataLayer || [];
  function gtag(){dataLayer.push(arguments);}
  gtag('js', new Date());

  gtag('config', 'UA-26211653-1');
</script>
<!-- End Google Analytics -->
<!-- Venatus Ad Manager - Install in <HEAD> of page -->
	<script src="https://hb.vntsm.com/v3/live/ad-manager.min.js" type="text/javascript" data-site-id="642aba63ec9a7b11c3c9c1be" data-mode="scan" async></script>
<!-- / Venatus Ad Manager -->

<style>
	@media (max-width:820px) {
		.battle {
			margin: 0 auto;
		}
		.battle-log {
			margin: 7px auto 0;
			max-width: 640px;
			height: 300px;
			position: static;
		}
	}
	.optgroup {
		display: inline-block;
		line-height: 22px;
		font-size: 10pt;
	}
	.optgroup .button {
		height: 25px;
		padding-top: 0;
		padding-bottom: 0;
	}
	.optgroup button.button {
		padding-left: 12px;
		padding-right: 12px;
	}
	.linklist {
		list-style: none;
		margin: 0.5em 0;
		padding: 0;
	}
	.linklist li {
		padding: 2px 0;
	}
	.sidebar {
		float: left;
		width: 320px;
	}
	.bar-wrapper {
		max-width: 1100px;
		margin: 0 auto;
	}
	.bar-wrapper.has-sidebar {
		max-width: 1430px;
	}
	.mainbar {
		margin: 0;
		padding-right: 1px;
	}
	.mainbar.has-sidebar {
		margin-left: 330px;
	}
	@media (min-width: 1511px) {
		.sidebar {
			width: 400px;
		}
		.bar-wrapper.has-sidebar {
			max-width: 1510px;
		}
		.mainbar.has-sidebar {
			margin-left: 410px;
		}
	}
	.section.first-section {
		margin-top: 9px;
	}
	.blocklink small {
		white-space: normal;
	}
	.button {
		vertical-align: middle;
	}
	.replay-controls {
		padding-top: 10px;
	}
	.replay-controls h1 {
		font-size: 16pt;
		font-weight: normal;
		color: #CCC;
	}
	.pagelink {
		text-align: center;
	}
	.pagelink a {
		width: 150px;
	}
	.textbox, .button {
		font-size: 11pt;
		vertical-align: middle;
	}
	@media (max-width: 450px) {
		.button {
			font-size: 9pt;
		}
	}
</style>

<div>

	<header>
		<div class="nav-wrapper"><ul class="nav">
			<li><a class="button nav-first" href="//pokemonshowdown.com/"><img src="//pokemonshowdown.com/images/pokemonshowdownbeta.png" srcset="//pokemonshowdown.com/images/pokemonshowdownbeta.png 1x, //pokemonshowdown.com/images/pokemonshowdownbeta@2x.png 2x" alt="Pok&eacute;mon Showdown" width="146" height="44" /> Home</a></li>
			<li><a class="button" href="//pokemonshowdown.com/dex/">Pok&eacute;dex</a></li>
			<li><a class="button cur" href="/">Replays</a></li>
			<li><a class="button" href="//pokemonshowdown.com/ladder/">Ladder</a></li>
			<li><a class="button nav-last" href="//pokemonshowdown.com/forums/">Forum</a></li>
			<li><a class="button greenbutton nav-first nav-last" href="//play.pokemonshowdown.com/">Play</a></li>
		</ul></div>
	</header>

	<div class="main" id="main">

		<noscript><section class="section">You need to enable JavaScript to use this page; sorry!</section></noscript>

	</div>

</div>

<script defer nomodule src="//play.pokemonshowdown.com/js/lib/ps-polyfill.js"></script>
<script defer src="//play.pokemonshowdown.com/js/lib/preact.min.js"></script>

<script defer src="//play.pokemonshowdown.com/config/config.js?2bddbc15"></script>
<script defer src="//play.pokemonshowdown.com/js/lib/jquery-1.11.0.min.js"></script>
<script defer src="//play.pokemonshowdown.com/js/lib/html-sanitizer-minified.js"></script>
<script defer src="//play.pokemonshowdown.com/js/battle-sound.js"></script>
<script defer src="//play.pokemonshowdown.com/js/battledata.js?0.7209276989879541"></script>
<script defer src="//play.pokemonshowdown.com/data/pokedex-mini.js?0.6111056340867951"></script>
<script defer src="//play.pokemonshowdown.com/data/pokedex-mini-bw.js?0.3532142036491459"></script>
<script defer src="//play.pokemonshowdown.com/data/graphics.js?0.24223875632456182"></script>
<script defer src="//play.pokemonshowdown.com/data/pokedex.js?0.38839984266356864"></script>
<script defer src="//play.pokemonshowdown.com/data/moves.js?0.21866028504024015"></script>
<script defer src="//play.pokemonshowdown.com/data/abilities.js?0.2005157953846628"></script>
<script defer src="//play.pokemonshowdown.com/data/items.js?0.9894211263848525"></script>
<script defer src="//play.pokemonshowdown.com/data/teambuilder-tables.js?0.6008791140282215"></script>
<script defer src="//play.pokemonshowdown.com/js/battle-tooltips.js?0.7580118955022959"></script>
<script defer src="//play.pokemonshowdown.com/js/battle.js?0.6057722274234274"></script>

<script defer src="js/utils.js?e31f9a17"></script>
<script defer src="js/replays-battle.js?7008c182"></script>

<!-- don't scrape this data! just add .json or .log after the URL!
Full API docs: https://github.com/smogon/pokemon-showdown-client/blob/master/WEB-API.md -->
<script type="text/plain" class="log" id="replaylog-smogtours-gen3ou-801362">
|inactive|Battle timer is ON: inactive players will automatically lose when time's up.
|t:|1729687727
|gametype|singles
|player|p1|kaesespaetzle|102|
|player|p2|DiamondDiancie25|psychic-gen4|
|teamsize|p1|6
|teamsize|p2|6
|gen|3
|tier|[Gen 3] OU
|rule|Sleep Clause Mod: Limit one foe put to sleep
|rule|Switch Priority Clause Mod: Faster Pokémon switch first
|rule|Species Clause: Limit one of each Pokémon
|rule|OHKO Clause: OHKO moves are banned
|rule|Evasion Items Clause: Evasion items are banned
|rule|Evasion Moves Clause: Evasion moves are banned
|rule|Endless Battle Clause: Forcing endless battles is banned
|rule|HP Percentage Mod: HP is shown in percentages
|rule|One Boost Passer Clause: Limit one Baton Passer that has a way to boost its stats
|rule|Freeze Clause Mod: Limit one foe frozen
|
|t:|1729687727
|start
|switch|p1a: Hariyama|Hariyama, M|100/100
|switch|p2a: Blaziken|Blaziken, M|100/100
|turn|1
|inactive|kaesespaetzle has 270 seconds left.
|
|t:|1729687765
|move|p2a: Blaziken|Sky Uppercut|p1a: Hariyama|[miss]
|-miss|p2a: Blaziken|p1a: Hariyama
|move|p1a: Hariyama|Brick Break|p2a: Blaziken
|-damage|p2a: Blaziken|46/100
|
|upkeep
|turn|2
|
|t:|1729687782
|move|p2a: Blaziken|Overheat|p1a: Hariyama
|-damage|p1a: Hariyama|47/100
|-unboost|p2a: Blaziken|spa|2
|move|p1a: Hariyama|Knock Off|p2a: Blaziken
|-resisted|p2a: Blaziken
|-damage|p2a: Blaziken|45/100
|-enditem|p2a: Blaziken|Lum Berry|[from] move: Knock Off|[of] p1a: Hariyama
|-hint|In Gens 3-4, Knock Off only makes the target's item unusable; it cannot obtain a new item.
|
|-heal|p1a: Hariyama|53/100|[from] item: Leftovers
|upkeep
|turn|3
|
|t:|1729687800
|switch|p2a: Zapdos|Zapdos|100/100
|switch|p1a: Zapdos|Zapdos|100/100
|
|upkeep
|turn|4
|
|t:|1729687825
|move|p2a: Zapdos|Thunderbolt|p1a: Zapdos
|-crit|p1a: Zapdos
|-damage|p1a: Zapdos|39/100
|move|p1a: Zapdos|Toxic|p2a: Zapdos
|-status|p2a: Zapdos|tox
|
|-damage|p2a: Zapdos|94/100 tox|[from] psn
|-heal|p1a: Zapdos|45/100|[from] item: Leftovers
|upkeep
|turn|5
|
|t:|1729687843
|switch|p1a: Blissey|Blissey, F|100/100
|move|p2a: Zapdos|Thunderbolt|p1a: Blissey
|-damage|p1a: Blissey|81/100
|
|-heal|p2a: Zapdos|100/100 tox|[from] item: Leftovers
|-damage|p2a: Zapdos|88/100 tox|[from] psn
|-heal|p1a: Blissey|87/100|[from] item: Leftovers
|upkeep
|turn|6
|
|t:|1729687852
|switch|p2a: Blaziken|Blaziken, M|45/100
|switch|p1a: Zapdos|Zapdos|45/100
|
|-heal|p1a: Zapdos|51/100|[from] item: Leftovers
|upkeep
|turn|7
|
|t:|1729687867
|move|p2a: Blaziken|Overheat|p1a: Zapdos
|-damage|p1a: Zapdos|10/100
|-unboost|p2a: Blaziken|spa|2
|move|p1a: Zapdos|Thunderbolt|p2a: Blaziken
|-damage|p2a: Blaziken|0 fnt
|faint|p2a: Blaziken
|inactive|DiamondDiancie25 has 270 seconds left.
|
|t:|1729687894
|switch|p2a: Aerodactyl|Aerodactyl, F|100/100
|
|-heal|p1a: Zapdos|16/100|[from] item: Leftovers
|upkeep
|turn|8
|
|t:|1729687916
|switch|p1a: Skarmory|Skarmory, M|100/100
|move|p2a: Aerodactyl|Earthquake|p1a: Skarmory
|-immune|p1a: Skarmory
|
|upkeep
|turn|9
|
|t:|1729687929
|switch|p2a: Zapdos|Zapdos|88/100 tox
|move|p1a: Skarmory|Spikes|p2a: Zapdos
|-sidestart|p2: DiamondDiancie25|Spikes
|
|-heal|p2a: Zapdos|94/100 tox|[from] item: Leftovers
|-damage|p2a: Zapdos|88/100 tox|[from] psn
|upkeep
|turn|10
|
|t:|1729687940
|switch|p1a: Blissey|Blissey, F|87/100
|move|p2a: Zapdos|Thunderbolt|p1a: Blissey
|-damage|p1a: Blissey|66/100
|
|-heal|p2a: Zapdos|94/100 tox|[from] item: Leftovers
|-damage|p2a: Zapdos|82/100 tox|[from] psn
|-heal|p1a: Blissey|72/100|[from] item: Leftovers
|upkeep
|turn|11
|
|t:|1729687955
|move|p2a: Zapdos|Toxic|p1a: Blissey
|-status|p1a: Blissey|tox
|move|p1a: Blissey|Ice Beam|p2a: Zapdos
|-supereffective|p2a: Zapdos
|-damage|p2a: Zapdos|28/100 tox
|
|-heal|p2a: Zapdos|34/100 tox|[from] item: Leftovers
|-damage|p2a: Zapdos|15/100 tox|[from] psn
|-heal|p1a: Blissey|78/100 tox|[from] item: Leftovers
|-damage|p1a: Blissey|72/100 tox|[from] psn
|upkeep
|turn|12
|inactive|DiamondDiancie25 has 240 seconds left.
|
|t:|1729687988
|switch|p2a: Skarmory|Skarmory, F|100/100
|move|p1a: Blissey|Soft-Boiled|p1a: Blissey
|-heal|p1a: Blissey|100/100 tox
|
|-damage|p1a: Blissey|88/100 tox|[from] psn
|upkeep
|turn|13
|inactive|kaesespaetzle has 270 seconds left.
|
|t:|1729688023
|-curestatus|p1a: Blissey|tox|[from] ability: Natural Cure
|switch|p1a: Zapdos|Zapdos|16/100
|move|p2a: Skarmory|Spikes|p1a: Zapdos
|-sidestart|p1: kaesespaetzle|Spikes
|
|-heal|p1a: Zapdos|22/100|[from] item: Leftovers
|upkeep
|turn|14
|inactive|kaesespaetzle has 270 seconds left.
|inactive|DiamondDiancie25 has 240 seconds left.
|
|t:|1729688039
|move|p1a: Zapdos|Thunderbolt|p2a: Skarmory
|-supereffective|p2a: Skarmory
|-damage|p2a: Skarmory|22/100
|move|p2a: Skarmory|Toxic|p1a: Zapdos
|-status|p1a: Zapdos|tox
|
|-heal|p1a: Zapdos|28/100 tox|[from] item: Leftovers
|-damage|p1a: Zapdos|22/100 tox|[from] psn
|-heal|p2a: Skarmory|28/100|[from] item: Leftovers
|upkeep
|turn|15
|inactive|DiamondDiancie25 has 240 seconds left.
|
|t:|1729688067
|switch|p1a: Starmie|Starmie|100/100
|-damage|p1a: Starmie|88/100|[from] Spikes
|move|p2a: Skarmory|Protect||[still]
|-fail|p2a: Skarmory
|
|-heal|p1a: Starmie|94/100|[from] item: Leftovers
|-heal|p2a: Skarmory|34/100|[from] item: Leftovers
|upkeep
|turn|16
|inactive|DiamondDiancie25 has 240 seconds left.
|inactive|kaesespaetzle has 240 seconds left.
|inactive|kaesespaetzle has 210 seconds left.
|
|t:|1729688113
|move|p1a: Starmie|Surf|p2a: Skarmory
|-damage|p2a: Skarmory|0 fnt
|faint|p2a: Skarmory
|inactive|DiamondDiancie25 has 210 seconds left.
|
|t:|1729688125
|switch|p2a: Starmie|Starmie|100/100
|-damage|p2a: Starmie|88/100|[from] Spikes
|
|-heal|p2a: Starmie|94/100|[from] item: Leftovers
|-heal|p1a: Starmie|100/100|[from] item: Leftovers
|upkeep
|turn|17
|inactive|DiamondDiancie25 has 210 seconds left.
|inactive|kaesespaetzle has 210 seconds left.
|
|t:|1729688148
|switch|p1a: Blissey|Blissey, F|88/100
|-damage|p1a: Blissey|76/100|[from] Spikes
|move|p2a: Starmie|Thunderbolt|p1a: Blissey
|-damage|p1a: Blissey|64/100
|
|-heal|p2a: Starmie|100/100|[from] item: Leftovers
|-heal|p1a: Blissey|70/100|[from] item: Leftovers
|upkeep
|turn|18
|inactive|kaesespaetzle has 210 seconds left.
|inactive|DiamondDiancie25 has 210 seconds left.
|
|t:|1729688166
|move|p2a: Starmie|Rapid Spin|p1a: Blissey
|-damage|p1a: Blissey|67/100
|-sideend|p2: DiamondDiancie25|Spikes|[from] move: Rapid Spin|[of] p2a: Starmie
|move|p1a: Blissey|Seismic Toss|p2a: Starmie
|-damage|p2a: Starmie|62/100
|
|-heal|p2a: Starmie|68/100|[from] item: Leftovers
|-heal|p1a: Blissey|73/100|[from] item: Leftovers
|upkeep
|turn|19
|inactive|DiamondDiancie25 has 210 seconds left.
|
|t:|1729688177
|switch|p2a: Zapdos|Zapdos|15/100 tox
|move|p1a: Blissey|Seismic Toss|p2a: Zapdos
|-damage|p2a: Zapdos|0 fnt
|faint|p2a: Zapdos
|
|t:|1729688188
|switch|p2a: Aerodactyl|Aerodactyl, F|100/100
|
|-heal|p1a: Blissey|79/100|[from] item: Leftovers
|upkeep
|turn|20
|
|t:|1729688196
|switch|p1a: Skarmory|Skarmory, M|100/100
|move|p2a: Aerodactyl|Rock Slide|p1a: Skarmory
|-damage|p1a: Skarmory|63/100
|
|-heal|p1a: Skarmory|69/100|[from] item: Leftovers
|upkeep
|turn|21
|inactive|DiamondDiancie25 has 210 seconds left.
|
|t:|1729688210
|switch|p2a: Starmie|Starmie|68/100
|move|p1a: Skarmory|Toxic|p2a: Starmie
|-status|p2a: Starmie|tox
|
|-heal|p2a: Starmie|74/100 tox|[from] item: Leftovers
|-damage|p2a: Starmie|68/100 tox|[from] psn
|-heal|p1a: Skarmory|75/100|[from] item: Leftovers
|upkeep
|turn|22
|inactive|DiamondDiancie25 has 210 seconds left.
|
|t:|1729688221
|-curestatus|p2a: Starmie|tox|[from] ability: Natural Cure
|switch|p2a: Aerodactyl|Aerodactyl, F|100/100
|move|p1a: Skarmory|Protect||[still]
|-fail|p1a: Skarmory
|
|-heal|p1a: Skarmory|81/100|[from] item: Leftovers
|upkeep
|turn|23
|inactive|DiamondDiancie25 has 210 seconds left.
|
|t:|1729688238
|move|p1a: Skarmory|Protect|p1a: Skarmory
|-singleturn|p1a: Skarmory|Protect
|move|p2a: Aerodactyl|Rock Slide|p1a: Skarmory
|-activate|p1a: Skarmory|Protect
|
|-heal|p1a: Skarmory|87/100|[from] item: Leftovers
|upkeep
|turn|24
|inactive|DiamondDiancie25 has 210 seconds left.
|
|t:|1729688247
|switch|p2a: Starmie|Starmie|68/100
|move|p1a: Skarmory|Toxic|p2a: Starmie
|-status|p2a: Starmie|tox
|
|-heal|p2a: Starmie|74/100 tox|[from] item: Leftovers
|-damage|p2a: Starmie|68/100 tox|[from] psn
|-heal|p1a: Skarmory|93/100|[from] item: Leftovers
|upkeep
|turn|25
|inactive|DiamondDiancie25 has 210 seconds left.
|
|t:|1729688260
|move|p1a: Skarmory|Protect|p1a: Skarmory
|-singleturn|p1a: Skarmory|Protect
|move|p2a: Starmie|Thunderbolt|p1a: Skarmory
|-activate|p1a: Skarmory|Protect
|
|-heal|p2a: Starmie|74/100 tox|[from] item: Leftovers
|-damage|p2a: Starmie|62/100 tox|[from] psn
|-heal|p1a: Skarmory|99/100|[from] item: Leftovers
|upkeep
|turn|26
|inactive|DiamondDiancie25 has 210 seconds left.
|
|t:|1729688272
|switch|p1a: Blissey|Blissey, F|79/100
|-damage|p1a: Blissey|67/100|[from] Spikes
|move|p2a: Starmie|Thunderbolt|p1a: Blissey
|-crit|p1a: Blissey
|-damage|p1a: Blissey|43/100
|
|-heal|p2a: Starmie|68/100 tox|[from] item: Leftovers
|-damage|p2a: Starmie|50/100 tox|[from] psn
|-heal|p1a: Blissey|49/100|[from] item: Leftovers
|upkeep
|turn|27
|inactive|DiamondDiancie25 has 210 seconds left.
|
|t:|1729688284
|-curestatus|p2a: Starmie|tox|[from] ability: Natural Cure
|switch|p2a: Aerodactyl|Aerodactyl, F|100/100
|move|p1a: Blissey|Soft-Boiled|p1a: Blissey
|-heal|p1a: Blissey|99/100
|
|-heal|p1a: Blissey|100/100|[from] item: Leftovers
|upkeep
|turn|28
|
|t:|1729688291
|switch|p1a: Skarmory|Skarmory, M|99/100
|move|p2a: Aerodactyl|Rock Slide|p1a: Skarmory
|-damage|p1a: Skarmory|56/100
|
|-heal|p1a: Skarmory|62/100|[from] item: Leftovers
|upkeep
|turn|29
|
|t:|1729688302
|move|p2a: Aerodactyl|Rock Slide|p1a: Skarmory
|-damage|p1a: Skarmory|24/100
|move|p1a: Skarmory|Toxic|p2a: Aerodactyl
|-status|p2a: Aerodactyl|tox
|
|-damage|p2a: Aerodactyl|95/100 tox|[from] psn
|-heal|p1a: Skarmory|30/100|[from] item: Leftovers
|upkeep
|turn|30
|
|t:|1729688311
|switch|p2a: Starmie|Starmie|50/100
|move|p1a: Skarmory|Protect||[still]
|-fail|p1a: Skarmory
|
|-heal|p2a: Starmie|56/100|[from] item: Leftovers
|-heal|p1a: Skarmory|36/100|[from] item: Leftovers
|upkeep
|turn|31
|
|t:|1729688323
|switch|p2a: Aerodactyl|Aerodactyl, F|95/100 tox
|move|p1a: Skarmory|Protect||[still]
|-fail|p1a: Skarmory
|
|-damage|p2a: Aerodactyl|89/100 tox|[from] psn
|-heal|p1a: Skarmory|42/100|[from] item: Leftovers
|upkeep
|turn|32
|
|t:|1729688330
|move|p1a: Skarmory|Protect|p1a: Skarmory
|-singleturn|p1a: Skarmory|Protect
|move|p2a: Aerodactyl|Rock Slide|p1a: Skarmory
|-activate|p1a: Skarmory|Protect
|
|-damage|p2a: Aerodactyl|77/100 tox|[from] psn
|-heal|p1a: Skarmory|48/100|[from] item: Leftovers
|upkeep
|turn|33
|
|t:|1729688338
|switch|p1a: Hariyama|Hariyama, M|53/100
|-damage|p1a: Hariyama|41/100|[from] Spikes
|move|p2a: Aerodactyl|Rock Slide|p1a: Hariyama
|-resisted|p1a: Hariyama
|-damage|p1a: Hariyama|20/100
|
|-damage|p2a: Aerodactyl|59/100 tox|[from] psn
|-heal|p1a: Hariyama|26/100|[from] item: Leftovers
|upkeep
|turn|34
|inactive|DiamondDiancie25 has 240 seconds left.
|
|t:|1729688351
|switch|p2a: Starmie|Starmie|56/100
|move|p1a: Hariyama|Brick Break|p2a: Starmie
|-resisted|p2a: Starmie
|-damage|p2a: Starmie|32/100
|
|-heal|p2a: Starmie|38/100|[from] item: Leftovers
|-heal|p1a: Hariyama|32/100|[from] item: Leftovers
|upkeep
|turn|35
|inactive|DiamondDiancie25 has 240 seconds left.
|
|t:|1729688366
|switch|p1a: Blissey|Blissey, F|100/100
|-damage|p1a: Blissey|88/100|[from] Spikes
|move|p2a: Starmie|Hydro Pump|p1a: Blissey
|-damage|p1a: Blissey|67/100
|
|-heal|p2a: Starmie|44/100|[from] item: Leftovers
|-heal|p1a: Blissey|73/100|[from] item: Leftovers
|upkeep
|turn|36
|inactive|DiamondDiancie25 has 240 seconds left.
|
|t:|1729688385
|move|p2a: Starmie|Hydro Pump|p1a: Blissey|[miss]
|-miss|p2a: Starmie|p1a: Blissey
|move|p1a: Blissey|Seismic Toss|p2a: Starmie
|-damage|p2a: Starmie|5/100
|
|-heal|p2a: Starmie|12/100|[from] item: Leftovers
|-heal|p1a: Blissey|80/100|[from] item: Leftovers
|upkeep
|turn|37
|inactive|DiamondDiancie25 has 240 seconds left.
|
|t:|1729688395
|move|p2a: Starmie|Hydro Pump|p1a: Blissey
|-damage|p1a: Blissey|60/100
|move|p1a: Blissey|Soft-Boiled|p1a: Blissey
|-heal|p1a: Blissey|100/100
|
|-heal|p2a: Starmie|18/100|[from] item: Leftovers
|upkeep
|turn|38
|
|t:|1729688403
|move|p2a: Starmie|Hydro Pump|p1a: Blissey
|-crit|p1a: Blissey
|-damage|p1a: Blissey|56/100
|move|p1a: Blissey|Seismic Toss|p2a: Starmie
|-damage|p2a: Starmie|0 fnt
|faint|p2a: Starmie
|
|t:|1729688411
|switch|p2a: Tyranitar|Tyranitar, M|100/100
|-weather|Sandstorm|[from] ability: Sand Stream|[of] p2a: Tyranitar
|
|-weather|Sandstorm|[upkeep]
|-damage|p1a: Blissey|50/100|[from] Sandstorm
|-heal|p1a: Blissey|56/100|[from] item: Leftovers
|upkeep
|turn|39
|inactive|kaesespaetzle has 270 seconds left.
|inactive|kaesespaetzle has 240 seconds left.
|
|t:|1729688479
|switch|p1a: Hariyama|Hariyama, M|32/100
|-damage|p1a: Hariyama|20/100|[from] Spikes
|move|p2a: Tyranitar|Dragon Dance|p2a: Tyranitar
|-boost|p2a: Tyranitar|atk|1
|-boost|p2a: Tyranitar|spe|1
|
|-weather|Sandstorm|[upkeep]
|-damage|p1a: Hariyama|14/100|[from] Sandstorm
|-heal|p1a: Hariyama|20/100|[from] item: Leftovers
|upkeep
|turn|40
|
|t:|1729688490
|move|p2a: Tyranitar|Earthquake|p1a: Hariyama
|-damage|p1a: Hariyama|0 fnt
|faint|p1a: Hariyama
|inactive|kaesespaetzle has 240 seconds left.
|inactive|kaesespaetzle has 210 seconds left.
|inactive|kaesespaetzle has 180 seconds left.
|
|t:|1729688561
|switch|p1a: Tyranitar|Tyranitar, F|100/100
|-damage|p1a: Tyranitar|88/100|[from] Spikes
|
|-weather|Sandstorm|[upkeep]
|-heal|p1a: Tyranitar|94/100|[from] item: Leftovers
|upkeep
|turn|41
|
|t:|1729688568
|move|p2a: Tyranitar|Earthquake|p1a: Tyranitar
|-supereffective|p1a: Tyranitar
|-damage|p1a: Tyranitar|0 fnt
|faint|p1a: Tyranitar
|inactive|kaesespaetzle has 180 seconds left.
|
|t:|1729688585
|switch|p1a: Skarmory|Skarmory, M|48/100
|
|-weather|Sandstorm|[upkeep]
|-heal|p1a: Skarmory|54/100|[from] item: Leftovers
|upkeep
|turn|42
|
|t:|1729688590
|switch|p1a: Zapdos|Zapdos|22/100 tox
|move|p2a: Tyranitar|Rock Slide|p1a: Zapdos|[miss]
|-miss|p2a: Tyranitar|p1a: Zapdos
|
|-weather|Sandstorm|[upkeep]
|-damage|p1a: Zapdos|16/100 tox|[from] Sandstorm
|-heal|p1a: Zapdos|22/100 tox|[from] item: Leftovers
|-damage|p1a: Zapdos|16/100 tox|[from] psn
|upkeep
|turn|43
|
|t:|1729688600
|move|p2a: Tyranitar|Hidden Power|p1a: Zapdos
|-resisted|p1a: Zapdos
|-damage|p1a: Zapdos|0 fnt
|faint|p1a: Zapdos
|inactive|kaesespaetzle has 180 seconds left.
|inactive|kaesespaetzle has 150 seconds left.
|
|t:|1729688657
|switch|p1a: Skarmory|Skarmory, M|54/100
|
|-weather|Sandstorm|[upkeep]
|-heal|p1a: Skarmory|60/100|[from] item: Leftovers
|upkeep
|turn|44
|inactive|kaesespaetzle has 150 seconds left.
|
|t:|1729688675
|move|p1a: Skarmory|Protect|p1a: Skarmory
|-singleturn|p1a: Skarmory|Protect
|move|p2a: Tyranitar|Rock Slide|p1a: Skarmory
|-activate|p1a: Skarmory|Protect
|
|-weather|Sandstorm|[upkeep]
|-heal|p1a: Skarmory|66/100|[from] item: Leftovers
|upkeep
|turn|45
|
|t:|1729688685
|move|p2a: Tyranitar|Rock Slide|p1a: Skarmory
|-damage|p1a: Skarmory|18/100
|move|p1a: Skarmory|Roar|p2a: Tyranitar
|drag|p2a: Aerodactyl|Aerodactyl, F|59/100 tox
|
|-weather|Sandstorm|[upkeep]
|-damage|p2a: Aerodactyl|53/100 tox|[from] psn
|-heal|p1a: Skarmory|24/100|[from] item: Leftovers
|upkeep
|turn|46
|inactive|kaesespaetzle has 150 seconds left.
|
|t:|1729688701
|switch|p2a: Tyranitar|Tyranitar, M|100/100
|move|p1a: Skarmory|Protect||[still]
|-fail|p1a: Skarmory
|
|-weather|Sandstorm|[upkeep]
|-heal|p1a: Skarmory|30/100|[from] item: Leftovers
|upkeep
|turn|47
|
|t:|1729688727
|move|p2a: Tyranitar|Dragon Dance|p2a: Tyranitar
|-boost|p2a: Tyranitar|atk|1
|-boost|p2a: Tyranitar|spe|1
|move|p1a: Skarmory|Roar|p2a: Tyranitar
|drag|p2a: Aerodactyl|Aerodactyl, F|53/100 tox
|
|-weather|Sandstorm|[upkeep]
|-damage|p2a: Aerodactyl|47/100 tox|[from] psn
|-heal|p1a: Skarmory|36/100|[from] item: Leftovers
|upkeep
|turn|48
|inactive|kaesespaetzle has 120 seconds left.
|
|t:|1729688751
|move|p1a: Skarmory|Protect|p1a: Skarmory
|-singleturn|p1a: Skarmory|Protect
|move|p2a: Aerodactyl|Rock Slide|p1a: Skarmory
|-activate|p1a: Skarmory|Protect
|
|-weather|Sandstorm|[upkeep]
|-damage|p2a: Aerodactyl|35/100 tox|[from] psn
|-heal|p1a: Skarmory|42/100|[from] item: Leftovers
|upkeep
|turn|49
|inactive|kaesespaetzle has 120 seconds left.
|
|t:|1729688762
|switch|p1a: Blissey|Blissey, F|56/100
|-damage|p1a: Blissey|43/100|[from] Spikes
|move|p2a: Aerodactyl|Rock Slide|p1a: Blissey
|-damage|p1a: Blissey|0 fnt
|faint|p1a: Blissey
|
|t:|1729688787
|switch|p1a: Skarmory|Skarmory, M|42/100
|
|-weather|Sandstorm|[upkeep]
|-damage|p2a: Aerodactyl|17/100 tox|[from] psn
|-heal|p1a: Skarmory|48/100|[from] item: Leftovers
|upkeep
|turn|50
|
|t:|1729688794
|move|p1a: Skarmory|Protect|p1a: Skarmory
|-singleturn|p1a: Skarmory|Protect
|move|p2a: Aerodactyl|Rock Slide|p1a: Skarmory
|-activate|p1a: Skarmory|Protect
|
|-weather|Sandstorm|[upkeep]
|-damage|p2a: Aerodactyl|0 fnt|[from] psn
|faint|p2a: Aerodactyl
|-heal|p1a: Skarmory|53/100|[from] item: Leftovers
|upkeep
|
|t:|1729688803
|switch|p2a: Tyranitar|Tyranitar, M|100/100
|turn|51
|
|t:|1729688808
|move|p2a: Tyranitar|Dragon Dance|p2a: Tyranitar
|-boost|p2a: Tyranitar|atk|1
|-boost|p2a: Tyranitar|spe|1
|move|p1a: Skarmory|Toxic|p2a: Tyranitar
|-status|p2a: Tyranitar|tox
|-enditem|p2a: Tyranitar|Lum Berry|[eat]
|-curestatus|p2a: Tyranitar|tox|[msg]
|
|-weather|Sandstorm|[upkeep]
|-heal|p1a: Skarmory|59/100|[from] item: Leftovers
|upkeep
|turn|52
|
|t:|1729688818
|move|p2a: Tyranitar|Dragon Dance|p2a: Tyranitar
|-boost|p2a: Tyranitar|atk|1
|-boost|p2a: Tyranitar|spe|1
|move|p1a: Skarmory|Toxic|p2a: Tyranitar
|-status|p2a: Tyranitar|tox
|
|-weather|Sandstorm|[upkeep]
|-damage|p2a: Tyranitar|94/100 tox|[from] psn
|-heal|p1a: Skarmory|65/100|[from] item: Leftovers
|upkeep
|turn|53
|
|t:|1729688826
|move|p1a: Skarmory|Protect|p1a: Skarmory
|-singleturn|p1a: Skarmory|Protect
|move|p2a: Tyranitar|Dragon Dance|p2a: Tyranitar
|-boost|p2a: Tyranitar|atk|1
|-boost|p2a: Tyranitar|spe|1
|
|-weather|Sandstorm|[upkeep]
|-damage|p2a: Tyranitar|82/100 tox|[from] psn
|-heal|p1a: Skarmory|71/100|[from] item: Leftovers
|upkeep
|turn|54
|
|t:|1729688834
|move|p1a: Skarmory|Protect||[still]
|-fail|p1a: Skarmory
|move|p2a: Tyranitar|Rock Slide|p1a: Skarmory|[miss]
|-miss|p2a: Tyranitar|p1a: Skarmory
|
|-weather|Sandstorm|[upkeep]
|-damage|p2a: Tyranitar|64/100 tox|[from] psn
|-heal|p1a: Skarmory|77/100|[from] item: Leftovers
|upkeep
|turn|55
|
|t:|1729688843
|move|p1a: Skarmory|Protect|p1a: Skarmory
|-singleturn|p1a: Skarmory|Protect
|move|p2a: Tyranitar|Dragon Dance|p2a: Tyranitar
|-boost|p2a: Tyranitar|atk|1
|-boost|p2a: Tyranitar|spe|1
|
|-weather|Sandstorm|[upkeep]
|-damage|p2a: Tyranitar|39/100 tox|[from] psn
|-heal|p1a: Skarmory|83/100|[from] item: Leftovers
|upkeep
|turn|56
|
|t:|1729688851
|switch|p1a: Starmie|Starmie|100/100
|-damage|p1a: Starmie|88/100|[from] Spikes
|move|p2a: Tyranitar|Rock Slide|p1a: Starmie
|-damage|p1a: Starmie|0 fnt
|faint|p1a: Starmie
|c|☆kaesespaetzle|gg
|
|t:|1729688855
|switch|p1a: Skarmory|Skarmory, M|83/100
|
|-weather|Sandstorm|[upkeep]
|-damage|p2a: Tyranitar|8/100 tox|[from] psn
|-heal|p1a: Skarmory|89/100|[from] item: Leftovers
|upkeep
|turn|57
|c|☆DiamondDiancie25|ggs man
|
|t:|1729688862
|move|p1a: Skarmory|Protect|p1a: Skarmory
|-singleturn|p1a: Skarmory|Protect
|move|p2a: Tyranitar|Rock Slide|p1a: Skarmory
|-activate|p1a: Skarmory|Protect
|
|-weather|Sandstorm|[upkeep]
|-damage|p2a: Tyranitar|0 fnt|[from] psn
|faint|p2a: Tyranitar
|
|win|kaesespaetzle
|upkeep
|c|☆kaesespaetzle|crazy game
|player|p2|

</script>
<script type="application/json" class="data" id="replaydata-smogtours-gen3ou-801362">
{"id":"smogtours-gen3ou-801362","format":"[Gen 3] OU","players":["kaesespaetzle","DiamondDiancie25"],"uploadtime":1729688862,"views":94,"formatid":"gen3ou","rating":null,"private":0,"password":null}
</script>

<script defer src="js/replays.js?9d40a366"></script>
