<!DOCTYPE html>
<meta charset="utf-8" />
<meta name="viewport" content="width=device-width" />

<title>[Gen 3] OU: moistmania vs. azepto - Replays - Pok&eacute;mon Showdown!</title>

<meta name="description" content="Watch a replay of a Pok&eacute;mon battle between moistmania and azepto! Format: [Gen 3] OU; Date: Oct 29, 2024" />
<!--

Hey, you! Looking in the source for the replay log?

You can find them in JSON format, just add `.json` at the end of a replay URL.

https://replay.pokemonshowdown.com/gen7randomdoublesbattle-865046831.json

Or, if you only need the log itself, add `.log` instead:

https://replay.pokemonshowdown.com/gen7randomdoublesbattle-865046831.log

-->

<link rel="stylesheet" href="//pokemonshowdown.com/style/global.css?0.023195364461161105" />
<link rel="stylesheet" href="//play.pokemonshowdown.com/style/font-awesome.css?0.13261647063804238" />
<link rel="stylesheet" href="//play.pokemonshowdown.com/style/battle.css?0.8753245789963631" />
<link rel="stylesheet" href="//play.pokemonshowdown.com/style/utilichart.css?0.8627959624976733" />

<!-- Global site tag (gtag.js) - Google Analytics -->
<script async src="https://www.googletagmanager.com/gtag/js?id=UA-26211653-1"></script>
<script>
  window.dataLayer = window.dataLayer || [];
  function gtag(){dataLayer.push(arguments);}
  gtag('js', new Date());

  gtag('config', 'UA-26211653-1');
</script>
<!-- End Google Analytics -->
<!-- Venatus Ad Manager - Install in <HEAD> of page -->
	<script src="https://hb.vntsm.com/v3/live/ad-manager.min.js" type="text/javascript" data-site-id="642aba63ec9a7b11c3c9c1be" data-mode="scan" async></script>
<!-- / Venatus Ad Manager -->

<style>
	@media (max-width:820px) {
		.battle {
			margin: 0 auto;
		}
		.battle-log {
			margin: 7px auto 0;
			max-width: 640px;
			height: 300px;
			position: static;
		}
	}
	.optgroup {
		display: inline-block;
		line-height: 22px;
		font-size: 10pt;
	}
	.optgroup .button {
		height: 25px;
		padding-top: 0;
		padding-bottom: 0;
	}
	.optgroup button.button {
		padding-left: 12px;
		padding-right: 12px;
	}
	.linklist {
		list-style: none;
		margin: 0.5em 0;
		padding: 0;
	}
	.linklist li {
		padding: 2px 0;
	}
	.sidebar {
		float: left;
		width: 320px;
	}
	.bar-wrapper {
		max-width: 1100px;
		margin: 0 auto;
	}
	.bar-wrapper.has-sidebar {
		max-width: 1430px;
	}
	.mainbar {
		margin: 0;
		padding-right: 1px;
	}
	.mainbar.has-sidebar {
		margin-left: 330px;
	}
	@media (min-width: 1511px) {
		.sidebar {
			width: 400px;
		}
		.bar-wrapper.has-sidebar {
			max-width: 1510px;
		}
		.mainbar.has-sidebar {
			margin-left: 410px;
		}
	}
	.section.first-section {
		margin-top: 9px;
	}
	.blocklink small {
		white-space: normal;
	}
	.button {
		vertical-align: middle;
	}
	.replay-controls {
		padding-top: 10px;
	}
	.replay-controls h1 {
		font-size: 16pt;
		font-weight: normal;
		color: #CCC;
	}
	.pagelink {
		text-align: center;
	}
	.pagelink a {
		width: 150px;
	}
	.textbox, .button {
		font-size: 11pt;
		vertical-align: middle;
	}
	@media (max-width: 450px) {
		.button {
			font-size: 9pt;
		}
	}
</style>

<div>

	<header>
		<div class="nav-wrapper"><ul class="nav">
			<li><a class="button nav-first" href="//pokemonshowdown.com/"><img src="//pokemonshowdown.com/images/pokemonshowdownbeta.png" srcset="//pokemonshowdown.com/images/pokemonshowdownbeta.png 1x, //pokemonshowdown.com/images/pokemonshowdownbeta@2x.png 2x" alt="Pok&eacute;mon Showdown" width="146" height="44" /> Home</a></li>
			<li><a class="button" href="//pokemonshowdown.com/dex/">Pok&eacute;dex</a></li>
			<li><a class="button cur" href="/">Replays</a></li>
			<li><a class="button" href="//pokemonshowdown.com/ladder/">Ladder</a></li>
			<li><a class="button nav-last" href="//pokemonshowdown.com/forums/">Forum</a></li>
			<li><a class="button greenbutton nav-first nav-last" href="//play.pokemonshowdown.com/">Play</a></li>
		</ul></div>
	</header>

	<div class="main" id="main">

		<noscript><section class="section">You need to enable JavaScript to use this page; sorry!</section></noscript>

	</div>

</div>

<script defer nomodule src="//play.pokemonshowdown.com/js/lib/ps-polyfill.js"></script>
<script defer src="//play.pokemonshowdown.com/js/lib/preact.min.js"></script>

<script defer src="//play.pokemonshowdown.com/config/config.js?2bddbc15"></script>
<script defer src="//play.pokemonshowdown.com/js/lib/jquery-1.11.0.min.js"></script>
<script defer src="//play.pokemonshowdown.com/js/lib/html-sanitizer-minified.js"></script>
<script defer src="//play.pokemonshowdown.com/js/battle-sound.js"></script>
<script defer src="//play.pokemonshowdown.com/js/battledata.js?0.7209276989879541"></script>
<script defer src="//play.pokemonshowdown.com/data/pokedex-mini.js?0.6111056340867951"></script>
<script defer src="//play.pokemonshowdown.com/data/pokedex-mini-bw.js?0.3532142036491459"></script>
<script defer src="//play.pokemonshowdown.com/data/graphics.js?0.24223875632456182"></script>
<script defer src="//play.pokemonshowdown.com/data/pokedex.js?0.38839984266356864"></script>
<script defer src="//play.pokemonshowdown.com/data/moves.js?0.21866028504024015"></script>
<script defer src="//play.pokemonshowdown.com/data/abilities.js?0.2005157953846628"></script>
<script defer src="//play.pokemonshowdown.com/data/items.js?0.9894211263848525"></script>
<script defer src="//play.pokemonshowdown.com/data/teambuilder-tables.js?0.6008791140282215"></script>
<script defer src="//play.pokemonshowdown.com/js/battle-tooltips.js?0.7580118955022959"></script>
<script defer src="//play.pokemonshowdown.com/js/battle.js?0.6057722274234274"></script>

<script defer src="js/utils.js?e31f9a17"></script>
<script defer src="js/replays-battle.js?7008c182"></script>

<!-- don't scrape this data! just add .json or .log after the URL!
Full API docs: https://github.com/smogon/pokemon-showdown-client/blob/master/WEB-API.md -->
<script type="text/plain" class="log" id="replaylog-smogtours-gen3ou-803219">
|inactive|Battle timer is ON: inactive players will automatically lose when time's up.
|t:|1730168400
|gametype|singles
|player|p1|moistmania|backersf|
|player|p2|azepto|officeworker|
|teamsize|p1|6
|teamsize|p2|6
|gen|3
|tier|[Gen 3] OU
|rule|Sleep Clause Mod: Limit one foe put to sleep
|rule|Switch Priority Clause Mod: Faster Pokémon switch first
|rule|Species Clause: Limit one of each Pokémon
|rule|OHKO Clause: OHKO moves are banned
|rule|Evasion Items Clause: Evasion items are banned
|rule|Evasion Moves Clause: Evasion moves are banned
|rule|Endless Battle Clause: Forcing endless battles is banned
|rule|HP Percentage Mod: HP is shown in percentages
|rule|One Boost Passer Clause: Limit one Baton Passer that has a way to boost its stats
|rule|Freeze Clause Mod: Limit one foe frozen
|
|t:|1730168400
|start
|switch|p1a: Zapdos|Zapdos|100/100
|switch|p2a: Hariyama|Hariyama, M|100/100
|turn|1
|c|☆moistmania|glhf
|c|☆azepto|u2
|
|t:|1730168427
|move|p1a: Zapdos|Baton Pass|p1a: Zapdos
|
|t:|1730168429
|switch|p1a: Salamence|Salamence, F|100/100|[from] Baton Pass
|-ability|p1a: Salamence|Intimidate|boost
|-unboost|p2a: Hariyama|atk|1
|move|p2a: Hariyama|Rock Slide|p1a: Salamence
|-supereffective|p1a: Salamence
|-crit|p1a: Salamence
|-damage|p1a: Salamence|4/100
|
|-heal|p1a: Salamence|10/100|[from] item: Leftovers
|upkeep
|turn|2
|inactive|moistmania has 270 seconds left.
|inactive|azepto has 270 seconds left.
|
|t:|1730168471
|switch|p1a: Metagross|Metagross|100/100
|move|p2a: Hariyama|Rock Slide|p1a: Metagross
|-resisted|p1a: Metagross
|-damage|p1a: Metagross|95/100
|
|upkeep
|turn|3
|
|t:|1730168480
|switch|p2a: Swampert|Swampert, M|100/100
|move|p1a: Metagross|Meteor Mash|p2a: Swampert
|-resisted|p2a: Swampert
|-crit|p2a: Swampert
|-damage|p2a: Swampert|39/100
|
|-heal|p2a: Swampert|46/100|[from] item: Leftovers
|upkeep
|turn|4
|inactive|moistmania has 270 seconds left.
|inactive|azepto has 270 seconds left.
|inactive|moistmania has 240 seconds left.
|inactive|azepto has 240 seconds left.
|
|t:|1730168538
|switch|p1a: Swampert|Swampert, M|100/100
|move|p2a: Swampert|Surf|p1a: Swampert
|-damage|p1a: Swampert|63/100
|
|-heal|p1a: Swampert|69/100|[from] item: Leftovers
|-heal|p2a: Swampert|52/100|[from] item: Leftovers
|upkeep
|turn|5
|
|t:|1730168560
|switch|p2a: Hariyama|Hariyama, M|100/100
|move|p1a: Swampert|Hydro Pump|p2a: Hariyama
|-damage|p2a: Hariyama|61/100
|
|-heal|p1a: Swampert|76/100|[from] item: Leftovers
|-heal|p2a: Hariyama|67/100|[from] item: Leftovers
|upkeep
|turn|6
|inactive|azepto has 210 seconds left.
|inactive|moistmania has 210 seconds left.
|inactive|azepto has 180 seconds left.
|
|t:|1730168625
|move|p1a: Swampert|Hydro Pump|p2a: Hariyama
|-damage|p2a: Hariyama|26/100
|move|p2a: Hariyama|Knock Off|p1a: Swampert
|-damage|p1a: Swampert|73/100
|-enditem|p1a: Swampert|Leftovers|[from] move: Knock Off|[of] p2a: Hariyama
|-hint|In Gens 3-4, Knock Off only makes the target's item unusable; it cannot obtain a new item.
|
|-heal|p2a: Hariyama|32/100|[from] item: Leftovers
|upkeep
|turn|7
|
|t:|1730168634
|switch|p2a: Blissey|Blissey, F|100/100
|move|p1a: Swampert|Hydro Pump|p2a: Blissey|[miss]
|-miss|p1a: Swampert|p2a: Blissey
|
|upkeep
|turn|8
|inactive|azepto has 180 seconds left.
|
|t:|1730168648
|switch|p1a: Metagross|Metagross|95/100
|move|p2a: Blissey|Seismic Toss|p1a: Metagross
|-damage|p1a: Metagross|65/100
|
|upkeep
|turn|9
|inactive|azepto has 180 seconds left.
|
|t:|1730168685
|switch|p2a: Hariyama|Hariyama, M|32/100
|move|p1a: Metagross|Meteor Mash|p2a: Hariyama
|-damage|p2a: Hariyama|0 fnt
|faint|p2a: Hariyama
|inactive|azepto has 150 seconds left.
|inactive|azepto has 120 seconds left.
|
|t:|1730168727
|switch|p2a: Swampert|Swampert, M|52/100
|
|-heal|p2a: Swampert|58/100|[from] item: Leftovers
|upkeep
|turn|10
|
|t:|1730168741
|switch|p1a: Swampert|Swampert, M|73/100
|move|p2a: Swampert|Surf|p1a: Swampert
|-crit|p1a: Swampert
|-damage|p1a: Swampert|7/100
|
|-heal|p2a: Swampert|64/100|[from] item: Leftovers
|upkeep
|turn|11
|inactive|azepto has 120 seconds left.
|
|t:|1730168772
|move|p2a: Swampert|Protect|p2a: Swampert
|-singleturn|p2a: Swampert|Protect
|move|p1a: Swampert|Hydro Pump|p2a: Swampert
|-activate|p2a: Swampert|Protect
|
|-heal|p2a: Swampert|70/100|[from] item: Leftovers
|upkeep
|turn|12
|inactive|moistmania has 210 seconds left.
|
|t:|1730168778
|move|p1a: Swampert|Hydro Pump|p2a: Swampert
|-damage|p2a: Swampert|8/100
|move|p2a: Swampert|Surf|p1a: Swampert
|-damage|p1a: Swampert|0 fnt
|faint|p1a: Swampert
|inactive|moistmania has 210 seconds left.
|inactive|moistmania has 180 seconds left.
|
|t:|1730168825
|switch|p1a: Salamence|Salamence, F|10/100
|-ability|p1a: Salamence|Intimidate|boost
|-unboost|p2a: Swampert|atk|1
|
|-heal|p1a: Salamence|16/100|[from] item: Leftovers
|-heal|p2a: Swampert|14/100|[from] item: Leftovers
|upkeep
|turn|13
|inactive|azepto has 120 seconds left.
|
|t:|1730168857
|switch|p2a: Claydol|Claydol|100/100
|move|p1a: Salamence|Brick Break|p2a: Claydol
|-resisted|p2a: Claydol
|-crit|p2a: Claydol
|-damage|p2a: Claydol|80/100
|
|-heal|p1a: Salamence|22/100|[from] item: Leftovers
|-heal|p2a: Claydol|86/100|[from] item: Leftovers
|upkeep
|turn|14
|inactive|moistmania has 150 seconds left.
|inactive|moistmania has 120 seconds left.
|
|t:|1730168912
|switch|p1a: Zapdos|Zapdos|100/100
|move|p2a: Claydol|Psychic|p1a: Zapdos
|-damage|p1a: Zapdos|75/100
|
|-heal|p1a: Zapdos|82/100|[from] item: Leftovers
|-heal|p2a: Claydol|92/100|[from] item: Leftovers
|upkeep
|turn|15
|inactive|moistmania has 120 seconds left.
|inactive|azepto has 90 seconds left.
|
|t:|1730168934
|move|p1a: Zapdos|Hidden Power|p2a: Claydol
|-supereffective|p2a: Claydol
|-damage|p2a: Claydol|58/100
|move|p2a: Claydol|Psychic|p1a: Zapdos
|-damage|p1a: Zapdos|55/100
|
|-heal|p1a: Zapdos|61/100|[from] item: Leftovers
|-heal|p2a: Claydol|64/100|[from] item: Leftovers
|upkeep
|turn|16
|inactive|moistmania has 120 seconds left.
|inactive|azepto has 90 seconds left.
|
|t:|1730168957
|switch|p2a: Blissey|Blissey, F|100/100
|move|p1a: Zapdos|Hidden Power|p2a: Blissey
|-damage|p2a: Blissey|92/100
|
|-heal|p1a: Zapdos|68/100|[from] item: Leftovers
|-heal|p2a: Blissey|98/100|[from] item: Leftovers
|upkeep
|turn|17
|
|t:|1730168962
|move|p1a: Zapdos|Baton Pass|p1a: Zapdos
|
|t:|1730168973
|switch|p1a: Metagross|Metagross|65/100|[from] Baton Pass
|move|p2a: Blissey|Seismic Toss|p1a: Metagross
|-damage|p1a: Metagross|35/100
|
|-heal|p2a: Blissey|100/100|[from] item: Leftovers
|upkeep
|turn|18
|
|t:|1730168986
|switch|p2a: Swampert|Swampert, M|14/100
|move|p1a: Metagross|Meteor Mash|p2a: Swampert|[miss]
|-miss|p1a: Metagross|p2a: Swampert
|
|-heal|p2a: Swampert|20/100|[from] item: Leftovers
|upkeep
|turn|19
|
|t:|1730168990
|move|p2a: Swampert|Protect|p2a: Swampert
|-singleturn|p2a: Swampert|Protect
|move|p1a: Metagross|Meteor Mash|p2a: Swampert
|-activate|p2a: Swampert|Protect
|
|-heal|p2a: Swampert|26/100|[from] item: Leftovers
|upkeep
|turn|20
|inactive|azepto has 120 seconds left.
|
|t:|1730169013
|move|p2a: Swampert|Protect|p2a: Swampert
|-singleturn|p2a: Swampert|Protect
|move|p1a: Metagross|Meteor Mash|p2a: Swampert
|-activate|p2a: Swampert|Protect
|
|-heal|p2a: Swampert|33/100|[from] item: Leftovers
|upkeep
|turn|21
|
|t:|1730169024
|move|p1a: Metagross|Meteor Mash|p2a: Swampert
|-resisted|p2a: Swampert
|-damage|p2a: Swampert|5/100
|move|p2a: Swampert|Surf|p1a: Metagross
|-damage|p1a: Metagross|0 fnt
|faint|p1a: Metagross
|
|t:|1730169044
|switch|p1a: Zapdos|Zapdos|68/100
|
|-heal|p1a: Zapdos|74/100|[from] item: Leftovers
|-heal|p2a: Swampert|12/100|[from] item: Leftovers
|upkeep
|turn|22
|
|t:|1730169054
|switch|p2a: Blissey|Blissey, F|100/100
|move|p1a: Zapdos|Hidden Power|p2a: Blissey
|-damage|p2a: Blissey|92/100
|
|-heal|p1a: Zapdos|80/100|[from] item: Leftovers
|-heal|p2a: Blissey|98/100|[from] item: Leftovers
|upkeep
|turn|23
|inactive|azepto has 120 seconds left.
|
|t:|1730169061
|move|p1a: Zapdos|Baton Pass|p1a: Zapdos
|
|t:|1730169065
|switch|p1a: Snorlax|Snorlax, F|100/100|[from] Baton Pass
|move|p2a: Blissey|Toxic|p1a: Snorlax
|-immune|p1a: Snorlax|[from] ability: Immunity
|
|-heal|p2a: Blissey|100/100|[from] item: Leftovers
|upkeep
|turn|24
|inactive|azepto has 120 seconds left.
|
|t:|1730169093
|switch|p2a: Swampert|Swampert, M|12/100
|move|p1a: Snorlax|Body Slam|p2a: Swampert
|-damage|p2a: Swampert|0 fnt
|faint|p2a: Swampert
|
|t:|1730169114
|switch|p2a: Salamence|Salamence, M|100/100
|-ability|p2a: Salamence|Intimidate|boost
|-unboost|p1a: Snorlax|atk|1
|
|upkeep
|turn|25
|inactive|moistmania has 150 seconds left.
|
|t:|1730169137
|switch|p2a: Snorlax|Snorlax, M|100/100
|switch|p1a: Zapdos|Zapdos|80/100
|
|-heal|p1a: Zapdos|86/100|[from] item: Leftovers
|upkeep
|turn|26
|
|t:|1730169158
|move|p1a: Zapdos|Baton Pass|p1a: Zapdos
|inactive|moistmania has 120 seconds left.
|
|t:|1730169174
|switch|p1a: Heracross|Heracross, F|100/100|[from] Baton Pass
|move|p2a: Snorlax|Curse|p2a: Snorlax
|-unboost|p2a: Snorlax|spe|1
|-boost|p2a: Snorlax|atk|1
|-boost|p2a: Snorlax|def|1
|
|upkeep
|turn|27
|inactive|moistmania has 120 seconds left.
|inactive|azepto has 120 seconds left.
|inactive|moistmania has 90 seconds left.
|
|t:|1730169236
|switch|p1a: Salamence|Salamence, F|22/100
|-ability|p1a: Salamence|Intimidate|boost
|-unboost|p2a: Snorlax|atk|1
|move|p2a: Snorlax|Body Slam|p1a: Salamence
|-damage|p1a: Salamence|0 fnt
|faint|p1a: Salamence
|
|t:|1730169244
|switch|p1a: Heracross|Heracross, F|100/100
|
|upkeep
|turn|28
|
|t:|1730169264
|move|p1a: Heracross|Swords Dance|p1a: Heracross
|-boost|p1a: Heracross|atk|2
|move|p2a: Snorlax|Body Slam|p1a: Heracross
|-damage|p1a: Heracross|55/100
|
|-heal|p1a: Heracross|61/100|[from] item: Leftovers
|upkeep
|turn|29
|
|t:|1730169276
|move|p1a: Heracross|Brick Break|p2a: Snorlax
|-supereffective|p2a: Snorlax
|-damage|p2a: Snorlax|26/100
|move|p2a: Snorlax|Body Slam|p1a: Heracross
|-damage|p1a: Heracross|19/100
|
|-heal|p1a: Heracross|25/100|[from] item: Leftovers
|-heal|p2a: Snorlax|32/100|[from] item: Leftovers
|upkeep
|turn|30
|inactive|moistmania has 90 seconds left.
|
|t:|1730169295
|switch|p2a: Claydol|Claydol|64/100
|move|p1a: Heracross|Brick Break|p2a: Claydol
|-resisted|p2a: Claydol
|-damage|p2a: Claydol|23/100
|
|-heal|p1a: Heracross|31/100|[from] item: Leftovers
|-heal|p2a: Claydol|29/100|[from] item: Leftovers
|upkeep
|turn|31
|inactive|moistmania has 90 seconds left.
|
|t:|1730169304
|move|p1a: Heracross|Brick Break|p2a: Claydol
|-resisted|p2a: Claydol
|-damage|p2a: Claydol|0 fnt
|faint|p2a: Claydol
|
|t:|1730169309
|switch|p2a: Salamence|Salamence, M|100/100
|-ability|p2a: Salamence|Intimidate|boost
|-unboost|p1a: Heracross|atk|1
|
|-heal|p1a: Heracross|37/100|[from] item: Leftovers
|upkeep
|turn|32
|inactive|moistmania has 90 seconds left.
|
|t:|1730169342
|switch|p1a: Zapdos|Zapdos|86/100
|move|p2a: Salamence|Hidden Power|p1a: Zapdos
|-resisted|p1a: Zapdos
|-damage|p1a: Zapdos|63/100
|
|-heal|p1a: Zapdos|69/100|[from] item: Leftovers
|upkeep
|turn|33
|inactive|azepto has 120 seconds left.
|inactive|moistmania has 60 seconds left.
|inactive|azepto has 90 seconds left.
|
|t:|1730169393
|switch|p2a: Blissey|Blissey, F|100/100
|move|p1a: Zapdos|Hidden Power|p2a: Blissey
|-damage|p2a: Blissey|92/100
|
|-heal|p1a: Zapdos|75/100|[from] item: Leftovers
|-heal|p2a: Blissey|98/100|[from] item: Leftovers
|upkeep
|turn|34
|inactive|moistmania has 60 seconds left.
|
|t:|1730169415
|switch|p2a: Salamence|Salamence, M|100/100
|-ability|p2a: Salamence|Intimidate|boost
|-unboost|p1a: Zapdos|atk|1
|move|p1a: Zapdos|Baton Pass|p1a: Zapdos
|inactive|moistmania has 60 seconds left.
|
|t:|1730169436
|switch|p1a: Snorlax|Snorlax, F|100/100|[from] Baton Pass
|
|upkeep
|turn|35
|inactive|azepto has 60 seconds left.
|inactive|moistmania has 30 seconds left.
|
|t:|1730169471
|switch|p2a: Snorlax|Snorlax, M|32/100
|move|p1a: Snorlax|Body Slam|p2a: Snorlax
|-damage|p2a: Snorlax|12/100
|
|-heal|p2a: Snorlax|18/100|[from] item: Leftovers
|upkeep
|turn|36
|inactive|moistmania has 30 seconds left.
|inactive|moistmania has 20 seconds left.
|
|t:|1730169487
|switch|p1a: Heracross|Heracross, F|37/100
|move|p2a: Snorlax|Rest|p2a: Snorlax
|-status|p2a: Snorlax|slp|[from] move: Rest
|-heal|p2a: Snorlax|100/100 slp|[silent]
|
|-heal|p1a: Heracross|43/100|[from] item: Leftovers
|upkeep
|turn|37
|inactive|moistmania has 30 seconds left this turn.
|inactive|moistmania has 20 seconds left.
|inactive|moistmania has 15 seconds left.
|
|t:|1730169503
|switch|p2a: Salamence|Salamence, M|100/100
|-ability|p2a: Salamence|Intimidate|boost
|-unboost|p1a: Heracross|atk|1
|move|p1a: Heracross|Rock Slide|p2a: Salamence
|-supereffective|p2a: Salamence
|-crit|p2a: Salamence
|-damage|p2a: Salamence|0 fnt
|faint|p2a: Salamence
|inactive|moistmania has 20 seconds left this turn.
|
|t:|1730169506
|switch|p2a: Blissey|Blissey, F|98/100
|
|-heal|p1a: Heracross|49/100|[from] item: Leftovers
|-heal|p2a: Blissey|100/100|[from] item: Leftovers
|upkeep
|turn|38
|inactive|moistmania has 30 seconds left this turn.
|inactive|moistmania has 20 seconds left.
|
|t:|1730169518
|switch|p1a: Snorlax|Snorlax, F|100/100
|move|p2a: Blissey|Seismic Toss|p1a: Snorlax
|-damage|p1a: Snorlax|79/100
|
|-heal|p1a: Snorlax|85/100|[from] item: Leftovers
|upkeep
|turn|39
|inactive|moistmania has 30 seconds left this turn.
|
|t:|1730169526
|move|p2a: Blissey|Seismic Toss|p1a: Snorlax
|-damage|p1a: Snorlax|63/100
|move|p1a: Snorlax|Body Slam|p2a: Blissey
|-damage|p2a: Blissey|65/100
|-status|p2a: Blissey|par
|
|-heal|p1a: Snorlax|69/100|[from] item: Leftovers
|-heal|p2a: Blissey|71/100 par|[from] item: Leftovers
|upkeep
|turn|40
|inactive|moistmania has 30 seconds left.
|
|t:|1730169534
|-curestatus|p2a: Blissey|par|[from] ability: Natural Cure
|switch|p2a: Snorlax|Snorlax, M|100/100 slp
|move|p1a: Snorlax|Body Slam|p2a: Snorlax
|-damage|p2a: Snorlax|68/100 slp
|
|-heal|p1a: Snorlax|75/100|[from] item: Leftovers
|-heal|p2a: Snorlax|74/100 slp|[from] item: Leftovers
|upkeep
|turn|41
|inactive|moistmania has 30 seconds left.
|
|t:|1730169550
|move|p1a: Snorlax|Self-Destruct|p2a: Snorlax
|-damage|p2a: Snorlax|0 fnt
|faint|p1a: Snorlax
|faint|p2a: Snorlax
|inactive|moistmania has 30 seconds left.
|
|t:|1730169560
|switch|p1a: Heracross|Heracross, F|49/100
|switch|p2a: Blissey|Blissey, F|71/100
|
|-heal|p1a: Heracross|54/100|[from] item: Leftovers
|-heal|p2a: Blissey|77/100|[from] item: Leftovers
|upkeep
|turn|42
|inactive|azepto has 120 seconds left.
|inactive|azepto has 90 seconds left.
|
|t:|1730169611
|move|p1a: Heracross|Brick Break|p2a: Blissey
|-supereffective|p2a: Blissey
|-damage|p2a: Blissey|3/100
|move|p2a: Blissey|Seismic Toss|p1a: Heracross
|-damage|p1a: Heracross|21/100
|
|-heal|p1a: Heracross|27/100|[from] item: Leftovers
|-heal|p2a: Blissey|9/100|[from] item: Leftovers
|upkeep
|turn|43
|
|t:|1730169618
|move|p1a: Heracross|Brick Break|p2a: Blissey
|-supereffective|p2a: Blissey
|-damage|p2a: Blissey|0 fnt
|faint|p2a: Blissey
|
|win|moistmania
|c|☆azepto|gg
|c|☆moistmania|ggwp
|player|p2|
|player|p1|
|player|p1|moistmania|backersf|

</script>
<script type="application/json" class="data" id="replaydata-smogtours-gen3ou-803219">
{"id":"smogtours-gen3ou-803219","format":"[Gen 3] OU","players":["moistmania","azepto"],"uploadtime":1730169618,"views":61,"formatid":"gen3ou","rating":null,"private":0,"password":null}
</script>

<script defer src="js/replays.js?9d40a366"></script>
