<!DOCTYPE html>
<meta charset="utf-8" />
<meta name="viewport" content="width=device-width" />

<title>[Gen 3] OU: dicerat8 vs. fakes - Replays - Pok&eacute;mon Showdown!</title>

<meta name="description" content="Watch a replay of a Pok&eacute;mon battle between dicerat8 and fakes! Format: [Gen 3] OU; Date: Oct 31, 2024" />
<!--

Hey, you! Looking in the source for the replay log?

You can find them in JSON format, just add `.json` at the end of a replay URL.

https://replay.pokemonshowdown.com/gen7randomdoublesbattle-865046831.json

Or, if you only need the log itself, add `.log` instead:

https://replay.pokemonshowdown.com/gen7randomdoublesbattle-865046831.log

-->

<link rel="stylesheet" href="//pokemonshowdown.com/style/global.css?0.023195364461161105" />
<link rel="stylesheet" href="//play.pokemonshowdown.com/style/font-awesome.css?0.13261647063804238" />
<link rel="stylesheet" href="//play.pokemonshowdown.com/style/battle.css?0.8753245789963631" />
<link rel="stylesheet" href="//play.pokemonshowdown.com/style/utilichart.css?0.8627959624976733" />

<!-- Global site tag (gtag.js) - Google Analytics -->
<script async src="https://www.googletagmanager.com/gtag/js?id=UA-26211653-1"></script>
<script>
  window.dataLayer = window.dataLayer || [];
  function gtag(){dataLayer.push(arguments);}
  gtag('js', new Date());

  gtag('config', 'UA-26211653-1');
</script>
<!-- End Google Analytics -->
<!-- Venatus Ad Manager - Install in <HEAD> of page -->
	<script src="https://hb.vntsm.com/v3/live/ad-manager.min.js" type="text/javascript" data-site-id="642aba63ec9a7b11c3c9c1be" data-mode="scan" async></script>
<!-- / Venatus Ad Manager -->

<style>
	@media (max-width:820px) {
		.battle {
			margin: 0 auto;
		}
		.battle-log {
			margin: 7px auto 0;
			max-width: 640px;
			height: 300px;
			position: static;
		}
	}
	.optgroup {
		display: inline-block;
		line-height: 22px;
		font-size: 10pt;
	}
	.optgroup .button {
		height: 25px;
		padding-top: 0;
		padding-bottom: 0;
	}
	.optgroup button.button {
		padding-left: 12px;
		padding-right: 12px;
	}
	.linklist {
		list-style: none;
		margin: 0.5em 0;
		padding: 0;
	}
	.linklist li {
		padding: 2px 0;
	}
	.sidebar {
		float: left;
		width: 320px;
	}
	.bar-wrapper {
		max-width: 1100px;
		margin: 0 auto;
	}
	.bar-wrapper.has-sidebar {
		max-width: 1430px;
	}
	.mainbar {
		margin: 0;
		padding-right: 1px;
	}
	.mainbar.has-sidebar {
		margin-left: 330px;
	}
	@media (min-width: 1511px) {
		.sidebar {
			width: 400px;
		}
		.bar-wrapper.has-sidebar {
			max-width: 1510px;
		}
		.mainbar.has-sidebar {
			margin-left: 410px;
		}
	}
	.section.first-section {
		margin-top: 9px;
	}
	.blocklink small {
		white-space: normal;
	}
	.button {
		vertical-align: middle;
	}
	.replay-controls {
		padding-top: 10px;
	}
	.replay-controls h1 {
		font-size: 16pt;
		font-weight: normal;
		color: #CCC;
	}
	.pagelink {
		text-align: center;
	}
	.pagelink a {
		width: 150px;
	}
	.textbox, .button {
		font-size: 11pt;
		vertical-align: middle;
	}
	@media (max-width: 450px) {
		.button {
			font-size: 9pt;
		}
	}
</style>

<div>

	<header>
		<div class="nav-wrapper"><ul class="nav">
			<li><a class="button nav-first" href="//pokemonshowdown.com/"><img src="//pokemonshowdown.com/images/pokemonshowdownbeta.png" srcset="//pokemonshowdown.com/images/pokemonshowdownbeta.png 1x, //pokemonshowdown.com/images/pokemonshowdownbeta@2x.png 2x" alt="Pok&eacute;mon Showdown" width="146" height="44" /> Home</a></li>
			<li><a class="button" href="//pokemonshowdown.com/dex/">Pok&eacute;dex</a></li>
			<li><a class="button cur" href="/">Replays</a></li>
			<li><a class="button" href="//pokemonshowdown.com/ladder/">Ladder</a></li>
			<li><a class="button nav-last" href="//pokemonshowdown.com/forums/">Forum</a></li>
			<li><a class="button greenbutton nav-first nav-last" href="//play.pokemonshowdown.com/">Play</a></li>
		</ul></div>
	</header>

	<div class="main" id="main">

		<noscript><section class="section">You need to enable JavaScript to use this page; sorry!</section></noscript>

	</div>

</div>

<script defer nomodule src="//play.pokemonshowdown.com/js/lib/ps-polyfill.js"></script>
<script defer src="//play.pokemonshowdown.com/js/lib/preact.min.js"></script>

<script defer src="//play.pokemonshowdown.com/config/config.js?2bddbc15"></script>
<script defer src="//play.pokemonshowdown.com/js/lib/jquery-1.11.0.min.js"></script>
<script defer src="//play.pokemonshowdown.com/js/lib/html-sanitizer-minified.js"></script>
<script defer src="//play.pokemonshowdown.com/js/battle-sound.js"></script>
<script defer src="//play.pokemonshowdown.com/js/battledata.js?0.7209276989879541"></script>
<script defer src="//play.pokemonshowdown.com/data/pokedex-mini.js?0.6111056340867951"></script>
<script defer src="//play.pokemonshowdown.com/data/pokedex-mini-bw.js?0.3532142036491459"></script>
<script defer src="//play.pokemonshowdown.com/data/graphics.js?0.24223875632456182"></script>
<script defer src="//play.pokemonshowdown.com/data/pokedex.js?0.38839984266356864"></script>
<script defer src="//play.pokemonshowdown.com/data/moves.js?0.21866028504024015"></script>
<script defer src="//play.pokemonshowdown.com/data/abilities.js?0.2005157953846628"></script>
<script defer src="//play.pokemonshowdown.com/data/items.js?0.9894211263848525"></script>
<script defer src="//play.pokemonshowdown.com/data/teambuilder-tables.js?0.6008791140282215"></script>
<script defer src="//play.pokemonshowdown.com/js/battle-tooltips.js?0.7580118955022959"></script>
<script defer src="//play.pokemonshowdown.com/js/battle.js?0.6057722274234274"></script>

<script defer src="js/utils.js?e31f9a17"></script>
<script defer src="js/replays-battle.js?7008c182"></script>

<!-- don't scrape this data! just add .json or .log after the URL!
Full API docs: https://github.com/smogon/pokemon-showdown-client/blob/master/WEB-API.md -->
<script type="text/plain" class="log" id="replaylog-smogtours-gen3ou-803582">
|inactive|Battle timer is ON: inactive players will automatically lose when time's up.
|t:|1730385802
|gametype|singles
|player|p1|dicerat8|eusine|
|player|p2|fakes|lucas|
|teamsize|p1|6
|teamsize|p2|6
|gen|3
|tier|[Gen 3] OU
|rule|Sleep Clause Mod: Limit one foe put to sleep
|rule|Switch Priority Clause Mod: Faster Pokémon switch first
|rule|Species Clause: Limit one of each Pokémon
|rule|OHKO Clause: OHKO moves are banned
|rule|Evasion Items Clause: Evasion items are banned
|rule|Evasion Moves Clause: Evasion moves are banned
|rule|Endless Battle Clause: Forcing endless battles is banned
|rule|HP Percentage Mod: HP is shown in percentages
|rule|One Boost Passer Clause: Limit one Baton Passer that has a way to boost its stats
|rule|Freeze Clause Mod: Limit one foe frozen
|
|t:|1730385802
|start
|switch|p1a: Tyranitar|Tyranitar, F|100/100
|switch|p2a: Smeargle|Smeargle, F|100/100
|-weather|Sandstorm|[from] ability: Sand Stream|[of] p1a: Tyranitar
|turn|1
|
|t:|1730385813
|switch|p1a: Celebi|Celebi|100/100
|move|p2a: Smeargle|Spore|p1a: Celebi
|-status|p1a: Celebi|slp|[from] move: Spore
|
|-weather|Sandstorm|[upkeep]
|-damage|p1a: Celebi|94/100 slp|[from] Sandstorm
|-damage|p2a: Smeargle|94/100|[from] Sandstorm
|-heal|p1a: Celebi|100/100 slp|[from] item: Leftovers
|upkeep
|turn|2
|
|t:|1730385817
|cant|p1a: Celebi|slp
|move|p2a: Smeargle|Spikes|p1a: Celebi
|-sidestart|p1: dicerat8|Spikes
|
|-weather|Sandstorm|[upkeep]
|-damage|p1a: Celebi|94/100 slp|[from] Sandstorm
|-damage|p2a: Smeargle|88/100|[from] Sandstorm
|-heal|p1a: Celebi|100/100 slp|[from] item: Leftovers
|upkeep
|turn|3
|
|t:|1730385820
|cant|p1a: Celebi|slp
|move|p2a: Smeargle|Spikes|p1a: Celebi
|-sidestart|p1: dicerat8|Spikes
|
|-weather|Sandstorm|[upkeep]
|-damage|p1a: Celebi|94/100 slp|[from] Sandstorm
|-damage|p2a: Smeargle|82/100|[from] Sandstorm
|-heal|p1a: Celebi|100/100 slp|[from] item: Leftovers
|upkeep
|turn|4
|
|t:|1730385822
|-curestatus|p1a: Celebi|slp|[from] ability: Natural Cure
|switch|p1a: 56 Miles|Gengar, F|100/100
|move|p2a: Smeargle|Spikes|p1a: 56 Miles
|-sidestart|p1: dicerat8|Spikes
|
|-weather|Sandstorm|[upkeep]
|-damage|p1a: 56 Miles|95/100|[from] Sandstorm
|-damage|p2a: Smeargle|76/100|[from] Sandstorm
|-heal|p1a: 56 Miles|100/100|[from] item: Leftovers
|upkeep
|turn|5
|
|t:|1730385825
|move|p1a: 56 Miles|Substitute|p1a: 56 Miles
|-start|p1a: 56 Miles|Substitute
|-damage|p1a: 56 Miles|76/100
|move|p2a: Smeargle|Spore||[still]
|-fail|p2a: Smeargle
|
|-weather|Sandstorm|[upkeep]
|-damage|p1a: 56 Miles|70/100|[from] Sandstorm
|-damage|p2a: Smeargle|70/100|[from] Sandstorm
|-heal|p1a: 56 Miles|76/100|[from] item: Leftovers
|upkeep
|turn|6
|
|t:|1730385830
|move|p1a: 56 Miles|Will-O-Wisp|p2a: Smeargle|[miss]
|-miss|p1a: 56 Miles|p2a: Smeargle
|move|p2a: Smeargle|Whirlwind|p1a: 56 Miles
|drag|p1a: Aerodactyl|Aerodactyl, M|100/100
|
|-weather|Sandstorm|[upkeep]
|-damage|p2a: Smeargle|64/100|[from] Sandstorm
|upkeep
|turn|7
|
|t:|1730385833
|move|p1a: Aerodactyl|Rock Slide|p2a: Smeargle
|-damage|p2a: Smeargle|0 fnt
|faint|p2a: Smeargle
|
|t:|1730385835
|switch|p2a: Metagross|Metagross|100/100
|
|-weather|Sandstorm|[upkeep]
|upkeep
|turn|8
|
|t:|1730385841
|switch|p1a: Skarmory|Skarmory, F|100/100
|switch|p2a: Jolteon|Jolteon, F|100/100
|
|-weather|Sandstorm|[upkeep]
|-damage|p2a: Jolteon|95/100|[from] Sandstorm
|-heal|p2a: Jolteon|100/100|[from] item: Leftovers
|upkeep
|turn|9
|
|t:|1730385846
|move|p2a: Jolteon|Substitute|p2a: Jolteon
|-start|p2a: Jolteon|Substitute
|-damage|p2a: Jolteon|76/100
|move|p1a: Skarmory|Spikes|p2a: Jolteon
|-sidestart|p2: fakes|Spikes
|
|-weather|Sandstorm|[upkeep]
|-damage|p2a: Jolteon|70/100|[from] Sandstorm
|-heal|p2a: Jolteon|76/100|[from] item: Leftovers
|upkeep
|turn|10
|
|t:|1730385851
|move|p1a: Skarmory|Protect|p1a: Skarmory
|-singleturn|p1a: Skarmory|Protect
|move|p2a: Jolteon|Thunderbolt|p1a: Skarmory
|-activate|p1a: Skarmory|Protect
|
|-weather|Sandstorm|[upkeep]
|-damage|p2a: Jolteon|70/100|[from] Sandstorm
|-heal|p2a: Jolteon|76/100|[from] item: Leftovers
|upkeep
|turn|11
|
|t:|1730385854
|move|p2a: Jolteon|Thunderbolt|p1a: Skarmory
|-supereffective|p1a: Skarmory
|-damage|p1a: Skarmory|13/100
|move|p1a: Skarmory|Roar|p2a: Jolteon
|drag|p2a: Metagross|Metagross|100/100
|-damage|p2a: Metagross|88/100|[from] Spikes
|
|-weather|Sandstorm|[upkeep]
|-heal|p2a: Metagross|94/100|[from] item: Leftovers
|-heal|p1a: Skarmory|19/100|[from] item: Leftovers
|upkeep
|turn|12
|
|t:|1730385862
|move|p2a: Metagross|Meteor Mash|p1a: Skarmory
|-resisted|p1a: Skarmory
|-damage|p1a: Skarmory|0 fnt
|faint|p1a: Skarmory
|
|t:|1730385866
|switch|p1a: Celebi|Celebi|100/100
|-damage|p1a: Celebi|76/100|[from] Spikes
|
|-weather|Sandstorm|[upkeep]
|-damage|p1a: Celebi|70/100|[from] Sandstorm
|-heal|p1a: Celebi|76/100|[from] item: Leftovers
|-heal|p2a: Metagross|100/100|[from] item: Leftovers
|upkeep
|turn|13
|
|t:|1730385869
|move|p1a: Celebi|Hidden Power|p2a: Metagross
|-supereffective|p2a: Metagross
|-damage|p2a: Metagross|58/100
|move|p2a: Metagross|Meteor Mash|p1a: Celebi
|-damage|p1a: Celebi|27/100
|
|-weather|Sandstorm|[upkeep]
|-damage|p1a: Celebi|21/100|[from] Sandstorm
|-heal|p1a: Celebi|27/100|[from] item: Leftovers
|-heal|p2a: Metagross|64/100|[from] item: Leftovers
|upkeep
|turn|14
|
|t:|1730385873
|switch|p2a: Gengar|Gengar, M|100/100
|move|p1a: Celebi|Hidden Power|p2a: Gengar
|-damage|p2a: Gengar|71/100
|
|-weather|Sandstorm|[upkeep]
|-damage|p2a: Gengar|65/100|[from] Sandstorm
|-damage|p1a: Celebi|21/100|[from] Sandstorm
|-heal|p2a: Gengar|71/100|[from] item: Leftovers
|-heal|p1a: Celebi|27/100|[from] item: Leftovers
|upkeep
|turn|15
|
|t:|1730385879
|move|p2a: Gengar|Ice Punch|p1a: Celebi
|-supereffective|p1a: Celebi
|-damage|p1a: Celebi|0 fnt
|faint|p1a: Celebi
|
|t:|1730385881
|switch|p1a: 56 Miles|Gengar, F|76/100
|
|-weather|Sandstorm|[upkeep]
|-damage|p2a: Gengar|65/100|[from] Sandstorm
|-damage|p1a: 56 Miles|70/100|[from] Sandstorm
|-heal|p2a: Gengar|71/100|[from] item: Leftovers
|-heal|p1a: 56 Miles|76/100|[from] item: Leftovers
|upkeep
|turn|16
|
|t:|1730385890
|switch|p2a: Tyranitar|Tyranitar, M|100/100
|-damage|p2a: Tyranitar|88/100|[from] Spikes
|move|p1a: 56 Miles|Shadow Ball|p2a: Tyranitar
|-resisted|p2a: Tyranitar
|-damage|p2a: Tyranitar|75/100
|-unboost|p2a: Tyranitar|spd|1
|
|-weather|Sandstorm|[upkeep]
|-damage|p1a: 56 Miles|70/100|[from] Sandstorm
|-heal|p1a: 56 Miles|76/100|[from] item: Leftovers
|-heal|p2a: Tyranitar|81/100|[from] item: Leftovers
|upkeep
|turn|17
|
|t:|1730385894
|move|p1a: 56 Miles|Substitute|p1a: 56 Miles
|-start|p1a: 56 Miles|Substitute
|-damage|p1a: 56 Miles|51/100
|move|p2a: Tyranitar|Crunch|p1a: 56 Miles
|-supereffective|p1a: 56 Miles
|-crit|p1a: 56 Miles
|-end|p1a: 56 Miles|Substitute
|
|-weather|Sandstorm|[upkeep]
|-damage|p1a: 56 Miles|45/100|[from] Sandstorm
|-heal|p1a: 56 Miles|51/100|[from] item: Leftovers
|-heal|p2a: Tyranitar|87/100|[from] item: Leftovers
|upkeep
|turn|18
|
|t:|1730385899
|move|p1a: 56 Miles|Will-O-Wisp|p2a: Tyranitar
|-status|p2a: Tyranitar|brn
|move|p2a: Tyranitar|Crunch|p1a: 56 Miles
|-supereffective|p1a: 56 Miles
|-damage|p1a: 56 Miles|0 fnt
|faint|p1a: 56 Miles
|
|t:|1730385906
|switch|p1a: Tyranitar|Tyranitar, F|100/100
|-damage|p1a: Tyranitar|76/100|[from] Spikes
|
|-weather|Sandstorm|[upkeep]
|-heal|p2a: Tyranitar|93/100 brn|[from] item: Leftovers
|-damage|p2a: Tyranitar|81/100 brn|[from] brn
|-heal|p1a: Tyranitar|82/100|[from] item: Leftovers
|upkeep
|turn|19
|
|t:|1730385910
|move|p2a: Tyranitar|Brick Break|p1a: Tyranitar
|-supereffective|p1a: Tyranitar
|-damage|p1a: Tyranitar|35/100
|move|p1a: Tyranitar|Rock Slide|p2a: Tyranitar
|-damage|p2a: Tyranitar|41/100 brn
|
|-weather|Sandstorm|[upkeep]
|-heal|p2a: Tyranitar|47/100 brn|[from] item: Leftovers
|-damage|p2a: Tyranitar|35/100 brn|[from] brn
|-heal|p1a: Tyranitar|42/100|[from] item: Leftovers
|upkeep
|turn|20
|
|t:|1730385915
|switch|p1a: Aerodactyl|Aerodactyl, M|100/100
|move|p2a: Tyranitar|Brick Break|p1a: Aerodactyl
|-damage|p1a: Aerodactyl|82/100
|
|-weather|Sandstorm|[upkeep]
|-heal|p2a: Tyranitar|41/100 brn|[from] item: Leftovers
|-damage|p2a: Tyranitar|29/100 brn|[from] brn
|upkeep
|turn|21
|
|t:|1730385920
|move|p1a: Aerodactyl|Rock Slide|p2a: Tyranitar
|-damage|p2a: Tyranitar|0 fnt
|faint|p2a: Tyranitar
|
|t:|1730385921
|switch|p2a: Metagross|Metagross|64/100
|-damage|p2a: Metagross|52/100|[from] Spikes
|
|-weather|Sandstorm|[upkeep]
|-heal|p2a: Metagross|58/100|[from] item: Leftovers
|upkeep
|turn|22
|
|t:|1730385923
|switch|p1a: Swampert|Swampert, F|100/100
|-damage|p1a: Swampert|76/100|[from] Spikes
|move|p2a: Metagross|Meteor Mash|p1a: Swampert
|-resisted|p1a: Swampert
|-damage|p1a: Swampert|49/100
|
|-weather|Sandstorm|[upkeep]
|-heal|p2a: Metagross|64/100|[from] item: Leftovers
|-heal|p1a: Swampert|55/100|[from] item: Leftovers
|upkeep
|turn|23
|
|t:|1730385927
|switch|p2a: Gengar|Gengar, M|71/100
|move|p1a: Swampert|Hydro Pump|p2a: Gengar
|-crit|p2a: Gengar
|-damage|p2a: Gengar|0 fnt
|faint|p2a: Gengar
|
|t:|1730385931
|switch|p2a: Jolteon|Jolteon, F|76/100
|-damage|p2a: Jolteon|64/100|[from] Spikes
|
|-weather|Sandstorm|[upkeep]
|-damage|p2a: Jolteon|58/100|[from] Sandstorm
|-heal|p2a: Jolteon|64/100|[from] item: Leftovers
|-heal|p1a: Swampert|61/100|[from] item: Leftovers
|upkeep
|turn|24
|
|t:|1730385933
|move|p2a: Jolteon|Hidden Power|p1a: Swampert
|-supereffective|p1a: Swampert
|-damage|p1a: Swampert|0 fnt
|faint|p1a: Swampert
|
|t:|1730385936
|switch|p1a: Aerodactyl|Aerodactyl, M|82/100
|
|-weather|Sandstorm|[upkeep]
|-damage|p2a: Jolteon|58/100|[from] Sandstorm
|-heal|p2a: Jolteon|64/100|[from] item: Leftovers
|upkeep
|turn|25
|
|t:|1730385938
|move|p2a: Jolteon|Thunderbolt|p1a: Aerodactyl
|-supereffective|p1a: Aerodactyl
|-damage|p1a: Aerodactyl|0 fnt
|faint|p1a: Aerodactyl
|c|☆dicerat8|ggwp
|
|t:|1730385944
|switch|p1a: Tyranitar|Tyranitar, F|42/100
|-damage|p1a: Tyranitar|17/100|[from] Spikes
|
|-weather|Sandstorm|[upkeep]
|-damage|p2a: Jolteon|58/100|[from] Sandstorm
|-heal|p2a: Jolteon|64/100|[from] item: Leftovers
|-heal|p1a: Tyranitar|23/100|[from] item: Leftovers
|upkeep
|turn|26
|c|☆fakes|Ggs bro
|c|☆fakes|Ty
|
|t:|1730385952
|move|p2a: Jolteon|Thunderbolt|p1a: Tyranitar
|-damage|p1a: Tyranitar|0 fnt
|faint|p1a: Tyranitar
|
|win|fakes

</script>
<script type="application/json" class="data" id="replaydata-smogtours-gen3ou-803582">
{"id":"smogtours-gen3ou-803582","format":"[Gen 3] OU","players":["dicerat8","fakes"],"uploadtime":1730385952,"views":132,"formatid":"gen3ou","rating":null,"private":1,"password":null}
</script>

<script defer src="js/replays.js?9d40a366"></script>
