<!DOCTYPE html>
<meta charset="utf-8" />
<meta name="viewport" content="width=device-width" />

<title>[Gen 3] OU: Stockings vs. fuckboyLenny - Replays - Pok&eacute;mon Showdown!</title>

<meta name="description" content="Watch a replay of a Pok&eacute;mon battle between Stockings and fuckboyLenny! Format: [Gen 3] OU; Date: Oct 9, 2024" />
<!--

Hey, you! Looking in the source for the replay log?

You can find them in JSON format, just add `.json` at the end of a replay URL.

https://replay.pokemonshowdown.com/gen7randomdoublesbattle-865046831.json

Or, if you only need the log itself, add `.log` instead:

https://replay.pokemonshowdown.com/gen7randomdoublesbattle-865046831.log

-->

<link rel="stylesheet" href="//pokemonshowdown.com/style/global.css?0.767286132409787" />
<link rel="stylesheet" href="//play.pokemonshowdown.com/style/font-awesome.css?0.9266228007934947" />
<link rel="stylesheet" href="//play.pokemonshowdown.com/style/battle.css?0.7924700842790926" />
<link rel="stylesheet" href="//play.pokemonshowdown.com/style/utilichart.css?0.8777417872839479" />

<!-- Global site tag (gtag.js) - Google Analytics -->
<script async src="https://www.googletagmanager.com/gtag/js?id=UA-26211653-1"></script>
<script>
  window.dataLayer = window.dataLayer || [];
  function gtag(){dataLayer.push(arguments);}
  gtag('js', new Date());

  gtag('config', 'UA-26211653-1');
</script>
<!-- End Google Analytics -->
<!-- Venatus Ad Manager - Install in <HEAD> of page -->
	<script src="https://hb.vntsm.com/v3/live/ad-manager.min.js" type="text/javascript" data-site-id="642aba63ec9a7b11c3c9c1be" data-mode="scan" async></script>
<!-- / Venatus Ad Manager -->

<style>
	@media (max-width:820px) {
		.battle {
			margin: 0 auto;
		}
		.battle-log {
			margin: 7px auto 0;
			max-width: 640px;
			height: 300px;
			position: static;
		}
	}
	.optgroup {
		display: inline-block;
		line-height: 22px;
		font-size: 10pt;
	}
	.optgroup .button {
		height: 25px;
		padding-top: 0;
		padding-bottom: 0;
	}
	.optgroup button.button {
		padding-left: 12px;
		padding-right: 12px;
	}
	.linklist {
		list-style: none;
		margin: 0.5em 0;
		padding: 0;
	}
	.linklist li {
		padding: 2px 0;
	}
	.sidebar {
		float: left;
		width: 320px;
	}
	.bar-wrapper {
		max-width: 1100px;
		margin: 0 auto;
	}
	.bar-wrapper.has-sidebar {
		max-width: 1430px;
	}
	.mainbar {
		margin: 0;
		padding-right: 1px;
	}
	.mainbar.has-sidebar {
		margin-left: 330px;
	}
	@media (min-width: 1511px) {
		.sidebar {
			width: 400px;
		}
		.bar-wrapper.has-sidebar {
			max-width: 1510px;
		}
		.mainbar.has-sidebar {
			margin-left: 410px;
		}
	}
	.section.first-section {
		margin-top: 9px;
	}
	.blocklink small {
		white-space: normal;
	}
	.button {
		vertical-align: middle;
	}
	.replay-controls {
		padding-top: 10px;
	}
	.replay-controls h1 {
		font-size: 16pt;
		font-weight: normal;
		color: #CCC;
	}
	.pagelink {
		text-align: center;
	}
	.pagelink a {
		width: 150px;
	}
	.textbox, .button {
		font-size: 11pt;
		vertical-align: middle;
	}
	@media (max-width: 450px) {
		.button {
			font-size: 9pt;
		}
	}
</style>

<div>

	<header>
		<div class="nav-wrapper"><ul class="nav">
			<li><a class="button nav-first" href="//pokemonshowdown.com/"><img src="//pokemonshowdown.com/images/pokemonshowdownbeta.png" srcset="//pokemonshowdown.com/images/pokemonshowdownbeta.png 1x, //pokemonshowdown.com/images/pokemonshowdownbeta@2x.png 2x" alt="Pok&eacute;mon Showdown" width="146" height="44" /> Home</a></li>
			<li><a class="button" href="//pokemonshowdown.com/dex/">Pok&eacute;dex</a></li>
			<li><a class="button cur" href="/">Replays</a></li>
			<li><a class="button" href="//pokemonshowdown.com/ladder/">Ladder</a></li>
			<li><a class="button nav-last" href="//pokemonshowdown.com/forums/">Forum</a></li>
			<li><a class="button greenbutton nav-first nav-last" href="//play.pokemonshowdown.com/">Play</a></li>
		</ul></div>
	</header>

	<div class="main" id="main">

		<noscript><section class="section">You need to enable JavaScript to use this page; sorry!</section></noscript>

	</div>

</div>

<script defer nomodule src="//play.pokemonshowdown.com/js/lib/ps-polyfill.js"></script>
<script defer src="//play.pokemonshowdown.com/js/lib/preact.min.js"></script>

<script defer src="//play.pokemonshowdown.com/config/config.js?6dec07f6"></script>
<script defer src="//play.pokemonshowdown.com/js/lib/jquery-1.11.0.min.js"></script>
<script defer src="//play.pokemonshowdown.com/js/lib/html-sanitizer-minified.js"></script>
<script defer src="//play.pokemonshowdown.com/js/battle-sound.js"></script>
<script defer src="//play.pokemonshowdown.com/js/battledata.js?0.6315294753075389"></script>
<script defer src="//play.pokemonshowdown.com/data/pokedex-mini.js?0.7603743185311358"></script>
<script defer src="//play.pokemonshowdown.com/data/pokedex-mini-bw.js?0.030888842834281283"></script>
<script defer src="//play.pokemonshowdown.com/data/graphics.js?0.05593094747507488"></script>
<script defer src="//play.pokemonshowdown.com/data/pokedex.js?0.47064822249611904"></script>
<script defer src="//play.pokemonshowdown.com/data/moves.js?0.8583693120512459"></script>
<script defer src="//play.pokemonshowdown.com/data/abilities.js?0.16017181182386842"></script>
<script defer src="//play.pokemonshowdown.com/data/items.js?0.4163379185673943"></script>
<script defer src="//play.pokemonshowdown.com/data/teambuilder-tables.js?0.31075597372830477"></script>
<script defer src="//play.pokemonshowdown.com/js/battle-tooltips.js?0.6536193500708172"></script>
<script defer src="//play.pokemonshowdown.com/js/battle.js?0.1916591943277901"></script>

<script defer src="js/utils.js?e31f9a17"></script>
<script defer src="js/replays-battle.js?7008c182"></script>

<!-- don't scrape this data! just add .json or .log after the URL!
Full API docs: https://github.com/smogon/pokemon-showdown-client/blob/master/WEB-API.md -->
<script type="text/plain" class="log" id="replaylog-smogtours-gen3ou-796696">
|inactive|Battle timer is ON: inactive players will automatically lose when time's up.
|t:|1728498457
|gametype|singles
|player|p1|Stockings|#advpliii|
|player|p2|fuckboyLenny|101|
|teamsize|p1|6
|teamsize|p2|6
|gen|3
|tier|[Gen 3] OU
|rule|Sleep Clause Mod: Limit one foe put to sleep
|rule|Switch Priority Clause Mod: Faster Pokémon switch first
|rule|Species Clause: Limit one of each Pokémon
|rule|OHKO Clause: OHKO moves are banned
|rule|Evasion Items Clause: Evasion items are banned
|rule|Evasion Moves Clause: Evasion moves are banned
|rule|Endless Battle Clause: Forcing endless battles is banned
|rule|HP Percentage Mod: HP is shown in percentages
|rule|One Boost Passer Clause: Limit one Baton Passer that has a way to boost its stats
|rule|Freeze Clause Mod: Limit one foe frozen
|
|t:|1728498457
|start
|switch|p1a: Alexander|Salamence, M|100/100
|switch|p2a: Tyranitar|Tyranitar, F|100/100
|-ability|p1a: Alexander|Intimidate|boost
|-unboost|p2a: Tyranitar|atk|1
|-weather|Sandstorm|[from] ability: Sand Stream|[of] p2a: Tyranitar
|turn|1
|c|☆Stockings|hfhf
|c|☆fuckboyLenny|glhf
|
|t:|1728498486
|switch|p2a: Swampert|Swampert, F|100/100
|move|p1a: Alexander|Dragon Claw|p2a: Swampert
|-damage|p2a: Swampert|66/100
|
|-weather|Sandstorm|[upkeep]
|-damage|p1a: Alexander|94/100|[from] Sandstorm
|-heal|p1a: Alexander|100/100|[from] item: Leftovers
|-heal|p2a: Swampert|72/100|[from] item: Leftovers
|upkeep
|turn|2
|
|t:|1728498515
|switch|p2a: Skarmory|Skarmory, F, shiny|100/100
|move|p1a: Alexander|Hidden Power|p2a: Skarmory
|-resisted|p2a: Skarmory
|-damage|p2a: Skarmory|95/100
|
|-weather|Sandstorm|[upkeep]
|-damage|p1a: Alexander|94/100|[from] Sandstorm
|-heal|p1a: Alexander|100/100|[from] item: Leftovers
|-heal|p2a: Skarmory|100/100|[from] item: Leftovers
|upkeep
|turn|3
|
|t:|1728498529
|switch|p2a: Aerodactyl|Aerodactyl, F|100/100
|move|p1a: Alexander|Flamethrower|p2a: Aerodactyl
|-resisted|p2a: Aerodactyl
|-damage|p2a: Aerodactyl|77/100
|
|-weather|Sandstorm|[upkeep]
|-damage|p1a: Alexander|94/100|[from] Sandstorm
|-heal|p1a: Alexander|100/100|[from] item: Leftovers
|upkeep
|turn|4
|
|t:|1728498538
|switch|p1a: Cavaliers|Metagross|100/100
|move|p2a: Aerodactyl|Rock Slide|p1a: Cavaliers
|-resisted|p1a: Cavaliers
|-damage|p1a: Cavaliers|79/100
|
|-weather|Sandstorm|[upkeep]
|-heal|p1a: Cavaliers|85/100|[from] item: Leftovers
|upkeep
|turn|5
|
|t:|1728498549
|switch|p2a: Skarmory|Skarmory, F, shiny|100/100
|switch|p1a: Alexander|Salamence, M|100/100
|-ability|p1a: Alexander|Intimidate|boost
|-unboost|p2a: Skarmory|atk|1
|
|-weather|Sandstorm|[upkeep]
|-damage|p1a: Alexander|94/100|[from] Sandstorm
|-heal|p1a: Alexander|100/100|[from] item: Leftovers
|upkeep
|turn|6
|inactive|fuckboyLenny has 270 seconds left.
|
|t:|1728498587
|switch|p2a: Aerodactyl|Aerodactyl, F|77/100
|move|p1a: Alexander|Flamethrower|p2a: Aerodactyl
|-resisted|p2a: Aerodactyl
|-damage|p2a: Aerodactyl|53/100
|
|-weather|Sandstorm|[upkeep]
|-damage|p1a: Alexander|94/100|[from] Sandstorm
|-heal|p1a: Alexander|100/100|[from] item: Leftovers
|upkeep
|turn|7
|
|t:|1728498597
|move|p2a: Aerodactyl|Double-Edge|p1a: Alexander
|-crit|p1a: Alexander
|-damage|p1a: Alexander|0 fnt
|faint|p1a: Alexander
|c|☆Stockings|:(
|c|☆fuckboyLenny|mb
|
|t:|1728498608
|switch|p1a: Chainmail|Skarmory, F|100/100
|
|-weather|Sandstorm|[upkeep]
|upkeep
|turn|8
|inactive|fuckboyLenny has 270 seconds left.
|
|t:|1728498635
|switch|p2a: Gengar|Gengar, M, shiny|100/100
|move|p1a: Chainmail|Spikes|p2a: Gengar
|-sidestart|p2: fuckboyLenny|Spikes
|
|-weather|Sandstorm|[upkeep]
|-damage|p2a: Gengar|94/100|[from] Sandstorm
|-heal|p2a: Gengar|100/100|[from] item: Leftovers
|upkeep
|turn|9
|
|t:|1728498648
|switch|p1a: Dunkirk|Celebi|100/100
|move|p2a: Gengar|Thunderbolt|p1a: Dunkirk
|-resisted|p1a: Dunkirk
|-damage|p1a: Dunkirk|86/100
|
|-weather|Sandstorm|[upkeep]
|-damage|p2a: Gengar|94/100|[from] Sandstorm
|-damage|p1a: Dunkirk|79/100|[from] Sandstorm
|-heal|p2a: Gengar|100/100|[from] item: Leftovers
|-heal|p1a: Dunkirk|86/100|[from] item: Leftovers
|upkeep
|turn|10
|
|t:|1728498659
|switch|p2a: Skarmory|Skarmory, F, shiny|100/100
|move|p1a: Dunkirk|Leech Seed|p2a: Skarmory
|-start|p2a: Skarmory|move: Leech Seed
|
|-weather|Sandstorm|[upkeep]
|-damage|p1a: Dunkirk|79/100|[from] Sandstorm
|-heal|p1a: Dunkirk|86/100|[from] item: Leftovers
|-damage|p2a: Skarmory|88/100|[from] Leech Seed|[of] p1a: Dunkirk
|-heal|p1a: Dunkirk|96/100|[silent]
|upkeep
|turn|11
|
|t:|1728498668
|move|p1a: Dunkirk|Hidden Power|p2a: Skarmory
|-supereffective|p2a: Skarmory
|-damage|p2a: Skarmory|47/100
|move|p2a: Skarmory|Spikes|p1a: Dunkirk
|-sidestart|p1: Stockings|Spikes
|
|-weather|Sandstorm|[upkeep]
|-damage|p1a: Dunkirk|90/100|[from] Sandstorm
|-heal|p1a: Dunkirk|96/100|[from] item: Leftovers
|-heal|p2a: Skarmory|53/100|[from] item: Leftovers
|-damage|p2a: Skarmory|41/100|[from] Leech Seed|[of] p1a: Dunkirk
|-heal|p1a: Dunkirk|100/100|[silent]
|upkeep
|turn|12
|
|t:|1728498681
|switch|p2a: Flygon|Flygon, M, shiny|100/100
|move|p1a: Dunkirk|Leech Seed|p2a: Flygon
|-start|p2a: Flygon|move: Leech Seed
|
|-weather|Sandstorm|[upkeep]
|-damage|p1a: Dunkirk|94/100|[from] Sandstorm
|-damage|p2a: Flygon|88/100|[from] Leech Seed|[of] p1a: Dunkirk
|-heal|p1a: Dunkirk|100/100|[silent]
|upkeep
|turn|13
|
|t:|1728498694
|switch|p2a: Aerodactyl|Aerodactyl, F|53/100
|switch|p1a: Chainmail|Skarmory, F|100/100
|
|-weather|Sandstorm|[upkeep]
|upkeep
|turn|14
|inactive|fuckboyLenny has 270 seconds left.
|inactive|Stockings has 270 seconds left.
|
|t:|1728498730
|switch|p2a: Skarmory|Skarmory, F, shiny|41/100
|move|p1a: Chainmail|Toxic|p2a: Skarmory
|-immune|p2a: Skarmory
|
|-weather|Sandstorm|[upkeep]
|-heal|p2a: Skarmory|47/100|[from] item: Leftovers
|upkeep
|turn|15
|inactive|Stockings has 270 seconds left.
|
|t:|1728498738
|switch|p1a: Dunkirk|Celebi|100/100
|-damage|p1a: Dunkirk|88/100|[from] Spikes
|move|p2a: Skarmory|Spikes|p1a: Dunkirk
|-sidestart|p1: Stockings|Spikes
|
|-weather|Sandstorm|[upkeep]
|-damage|p1a: Dunkirk|82/100|[from] Sandstorm
|-heal|p1a: Dunkirk|88/100|[from] item: Leftovers
|-heal|p2a: Skarmory|53/100|[from] item: Leftovers
|upkeep
|turn|16
|inactive|fuckboyLenny has 270 seconds left.
|inactive|fuckboyLenny has 240 seconds left.
|
|t:|1728498785
|switch|p2a: Gengar|Gengar, M, shiny|100/100
|move|p1a: Dunkirk|Leech Seed|p2a: Gengar|[miss]
|-miss|p1a: Dunkirk|p2a: Gengar
|
|-weather|Sandstorm|[upkeep]
|-damage|p2a: Gengar|94/100|[from] Sandstorm
|-damage|p1a: Dunkirk|82/100|[from] Sandstorm
|-heal|p2a: Gengar|100/100|[from] item: Leftovers
|-heal|p1a: Dunkirk|88/100|[from] item: Leftovers
|upkeep
|turn|17
|
|t:|1728498797
|move|p2a: Gengar|Ice Punch|p1a: Dunkirk
|-supereffective|p1a: Dunkirk
|-damage|p1a: Dunkirk|39/100
|move|p1a: Dunkirk|Psychic|p2a: Gengar
|-supereffective|p2a: Gengar
|-damage|p2a: Gengar|0 fnt
|faint|p2a: Gengar
|inactive|fuckboyLenny has 240 seconds left.
|
|t:|1728498812
|switch|p2a: Tyranitar|Tyranitar, F|100/100
|-damage|p2a: Tyranitar|88/100|[from] Spikes
|
|-weather|Sandstorm|[upkeep]
|-damage|p1a: Dunkirk|32/100|[from] Sandstorm
|-heal|p1a: Dunkirk|39/100|[from] item: Leftovers
|upkeep
|turn|18
|
|t:|1728498825
|move|p1a: Dunkirk|Giga Drain|p2a: Tyranitar
|-supereffective|p2a: Tyranitar
|-damage|p2a: Tyranitar|30/100
|-heal|p1a: Dunkirk|64/100|[from] drain|[of] p2a: Tyranitar
|move|p2a: Tyranitar|Dragon Dance|p2a: Tyranitar
|-boost|p2a: Tyranitar|atk|1
|-boost|p2a: Tyranitar|spe|1
|
|-weather|Sandstorm|[upkeep]
|-damage|p1a: Dunkirk|58/100|[from] Sandstorm
|-heal|p1a: Dunkirk|64/100|[from] item: Leftovers
|upkeep
|turn|19
|
|t:|1728498839
|switch|p1a: Dungeon!|Aerodactyl, M|100/100
|move|p2a: Tyranitar|Rock Slide|p1a: Dungeon!
|-supereffective|p1a: Dungeon!
|-damage|p1a: Dungeon!|0 fnt
|faint|p1a: Dungeon!
|inactive|Stockings has 270 seconds left.
|
|t:|1728498857
|switch|p1a: Chainmail|Skarmory, F|100/100
|
|-weather|Sandstorm|[upkeep]
|upkeep
|turn|20
|
|t:|1728498863
|move|p2a: Tyranitar|Taunt|p1a: Chainmail
|-start|p1a: Chainmail|move: Taunt
|move|p1a: Chainmail|Hidden Power|p2a: Tyranitar
|-supereffective|p2a: Tyranitar
|-damage|p2a: Tyranitar|0 fnt
|faint|p2a: Tyranitar
|c|☆fuckboyLenny|a lot of surprises
|inactive|fuckboyLenny has 240 seconds left.
|
|t:|1728498889
|switch|p2a: Skarmory|Skarmory, F, shiny|53/100
|
|-weather|Sandstorm|[upkeep]
|-heal|p2a: Skarmory|59/100|[from] item: Leftovers
|upkeep
|turn|21
|
|t:|1728498895
|switch|p1a: Dunkirk|Celebi|64/100
|-damage|p1a: Dunkirk|48/100|[from] Spikes
|move|p2a: Skarmory|Spikes|p1a: Dunkirk
|-sidestart|p1: Stockings|Spikes
|
|-weather|Sandstorm|[upkeep]
|-damage|p1a: Dunkirk|42/100|[from] Sandstorm
|-heal|p1a: Dunkirk|48/100|[from] item: Leftovers
|-heal|p2a: Skarmory|65/100|[from] item: Leftovers
|upkeep
|turn|22
|
|t:|1728498904
|move|p1a: Dunkirk|Leech Seed|p2a: Skarmory
|-start|p2a: Skarmory|move: Leech Seed
|move|p2a: Skarmory|Drill Peck|p1a: Dunkirk
|-supereffective|p1a: Dunkirk
|-damage|p1a: Dunkirk|10/100
|
|-weather|Sandstorm|[upkeep]
|-damage|p1a: Dunkirk|4/100|[from] Sandstorm
|-heal|p1a: Dunkirk|10/100|[from] item: Leftovers
|-heal|p2a: Skarmory|71/100|[from] item: Leftovers
|-damage|p2a: Skarmory|58/100|[from] Leech Seed|[of] p1a: Dunkirk
|-heal|p1a: Dunkirk|21/100|[silent]
|upkeep
|turn|23
|
|t:|1728498919
|move|p1a: Dunkirk|Leech Seed||[still]
|-fail|p1a: Dunkirk
|move|p2a: Skarmory|Drill Peck|p1a: Dunkirk
|-supereffective|p1a: Dunkirk
|-damage|p1a: Dunkirk|0 fnt
|faint|p1a: Dunkirk
|
|t:|1728498942
|switch|p1a: Tractics|Tyranitar, F|100/100
|-damage|p1a: Tractics|76/100|[from] Spikes
|
|-weather|Sandstorm|[upkeep]
|-heal|p1a: Tractics|82/100|[from] item: Leftovers
|-heal|p2a: Skarmory|64/100|[from] item: Leftovers
|-damage|p2a: Skarmory|52/100|[from] Leech Seed|[of] p1a: Tractics
|-heal|p1a: Tractics|92/100|[silent]
|upkeep
|turn|24
|
|t:|1728498958
|switch|p1a: Cavaliers|Metagross|85/100
|-damage|p1a: Cavaliers|60/100|[from] Spikes
|switch|p2a: Flygon|Flygon, M, shiny|88/100
|
|-weather|Sandstorm|[upkeep]
|-heal|p2a: Flygon|94/100|[from] item: Leftovers
|-heal|p1a: Cavaliers|66/100|[from] item: Leftovers
|upkeep
|turn|25
|
|t:|1728498967
|switch|p1a: Chainmail|Skarmory, F|100/100
|move|p2a: Flygon|Earthquake|p1a: Chainmail
|-immune|p1a: Chainmail
|
|-weather|Sandstorm|[upkeep]
|-heal|p2a: Flygon|99/100|[from] item: Leftovers
|upkeep
|turn|26
|
|t:|1728498984
|switch|p2a: Skarmory|Skarmory, F, shiny|52/100
|move|p1a: Chainmail|Roar|p2a: Skarmory
|drag|p2a: Swampert|Swampert, F|72/100
|-damage|p2a: Swampert|59/100|[from] Spikes
|
|-weather|Sandstorm|[upkeep]
|-heal|p2a: Swampert|66/100|[from] item: Leftovers
|upkeep
|turn|27
|
|t:|1728498992
|move|p2a: Swampert|Hydro Pump|p1a: Chainmail
|-damage|p1a: Chainmail|68/100
|move|p1a: Chainmail|Roar|p2a: Swampert
|drag|p2a: Flygon|Flygon, M, shiny|99/100
|
|-weather|Sandstorm|[upkeep]
|-heal|p2a: Flygon|100/100|[from] item: Leftovers
|-heal|p1a: Chainmail|74/100|[from] item: Leftovers
|upkeep
|turn|28
|
|t:|1728499009
|switch|p2a: Skarmory|Skarmory, F, shiny|52/100
|move|p1a: Chainmail|Toxic|p2a: Skarmory
|-immune|p2a: Skarmory
|
|-weather|Sandstorm|[upkeep]
|-heal|p2a: Skarmory|58/100|[from] item: Leftovers
|-heal|p1a: Chainmail|80/100|[from] item: Leftovers
|upkeep
|turn|29
|
|t:|1728499018
|move|p2a: Skarmory|Roar|p1a: Chainmail
|drag|p1a: Tractics|Tyranitar, F|92/100
|-damage|p1a: Tractics|68/100|[from] Spikes
|
|-weather|Sandstorm|[upkeep]
|-heal|p1a: Tractics|74/100|[from] item: Leftovers
|-heal|p2a: Skarmory|64/100|[from] item: Leftovers
|upkeep
|turn|30
|
|t:|1728499027
|move|p1a: Tractics|Rock Slide|p2a: Skarmory
|-damage|p2a: Skarmory|32/100
|cant|p2a: Skarmory|flinch
|
|-weather|Sandstorm|[upkeep]
|-heal|p1a: Tractics|80/100|[from] item: Leftovers
|-heal|p2a: Skarmory|38/100|[from] item: Leftovers
|upkeep
|turn|31
|
|t:|1728499035
|switch|p1a: Chainmail|Skarmory, F|80/100
|move|p2a: Skarmory|Toxic|p1a: Chainmail
|-immune|p1a: Chainmail
|
|-weather|Sandstorm|[upkeep]
|-heal|p2a: Skarmory|44/100|[from] item: Leftovers
|-heal|p1a: Chainmail|86/100|[from] item: Leftovers
|upkeep
|turn|32
|inactive|fuckboyLenny has 270 seconds left.
|
|t:|1728499047
|move|p2a: Skarmory|Roar|p1a: Chainmail
|drag|p1a: Tractics|Tyranitar, F|80/100
|-damage|p1a: Tractics|55/100|[from] Spikes
|
|-weather|Sandstorm|[upkeep]
|-heal|p1a: Tractics|61/100|[from] item: Leftovers
|-heal|p2a: Skarmory|50/100|[from] item: Leftovers
|upkeep
|turn|33
|inactive|fuckboyLenny has 270 seconds left.
|
|t:|1728499081
|switch|p1a: Chainmail|Skarmory, F|86/100
|move|p2a: Skarmory|Roar|p1a: Chainmail
|drag|p1a: Cavaliers|Metagross|66/100
|-damage|p1a: Cavaliers|42/100|[from] Spikes
|
|-weather|Sandstorm|[upkeep]
|-heal|p1a: Cavaliers|48/100|[from] item: Leftovers
|-heal|p2a: Skarmory|56/100|[from] item: Leftovers
|upkeep
|turn|34
|
|t:|1728499089
|move|p1a: Cavaliers|Hidden Power|p2a: Skarmory
|-supereffective|p2a: Skarmory
|-damage|p2a: Skarmory|17/100
|move|p2a: Skarmory|Roar|p1a: Cavaliers
|drag|p1a: Chainmail|Skarmory, F|86/100
|
|-weather|Sandstorm|[upkeep]
|-heal|p2a: Skarmory|23/100|[from] item: Leftovers
|-heal|p1a: Chainmail|92/100|[from] item: Leftovers
|upkeep
|turn|35
|
|t:|1728499103
|move|p1a: Chainmail|Spikes|p2a: Skarmory
|-sidestart|p2: fuckboyLenny|Spikes
|move|p2a: Skarmory|Roar|p1a: Chainmail
|drag|p1a: Cavaliers|Metagross|48/100
|-damage|p1a: Cavaliers|23/100|[from] Spikes
|
|-weather|Sandstorm|[upkeep]
|-heal|p1a: Cavaliers|29/100|[from] item: Leftovers
|-heal|p2a: Skarmory|29/100|[from] item: Leftovers
|upkeep
|turn|36
|
|t:|1728499124
|move|p1a: Cavaliers|Hidden Power|p2a: Skarmory
|-supereffective|p2a: Skarmory
|-damage|p2a: Skarmory|0 fnt
|faint|p2a: Skarmory
|inactive|fuckboyLenny has 240 seconds left.
|
|t:|1728499141
|switch|p2a: Swampert|Swampert, F|66/100
|-damage|p2a: Swampert|49/100|[from] Spikes
|
|-weather|Sandstorm|[upkeep]
|-heal|p1a: Cavaliers|35/100|[from] item: Leftovers
|-heal|p2a: Swampert|55/100|[from] item: Leftovers
|upkeep
|turn|37
|inactive|fuckboyLenny has 240 seconds left.
|
|t:|1728499151
|move|p1a: Cavaliers|Explosion|p2a: Swampert
|-crit|p2a: Swampert
|-damage|p2a: Swampert|0 fnt
|faint|p1a: Cavaliers
|faint|p2a: Swampert
|
|t:|1728499155
|switch|p1a: Chainmail|Skarmory, F|92/100
|switch|p2a: Aerodactyl|Aerodactyl, F|53/100
|
|-weather|Sandstorm|[upkeep]
|-heal|p1a: Chainmail|98/100|[from] item: Leftovers
|upkeep
|turn|38
|
|t:|1728499161
|move|p2a: Aerodactyl|Rock Slide|p1a: Chainmail|[miss]
|-miss|p2a: Aerodactyl|p1a: Chainmail
|move|p1a: Chainmail|Hidden Power|p2a: Aerodactyl
|-supereffective|p2a: Aerodactyl
|-damage|p2a: Aerodactyl|0 fnt
|faint|p2a: Aerodactyl
|
|t:|1728499173
|switch|p2a: Flygon|Flygon, M, shiny|100/100
|
|-weather|Sandstorm|[upkeep]
|-heal|p1a: Chainmail|100/100|[from] item: Leftovers
|upkeep
|turn|39
|
|t:|1728499184
|move|p2a: Flygon|Substitute|p2a: Flygon
|-start|p2a: Flygon|Substitute
|-damage|p2a: Flygon|76/100
|move|p1a: Chainmail|Toxic||[still]
|-fail|p1a: Chainmail
|
|-weather|Sandstorm|[upkeep]
|-heal|p2a: Flygon|82/100|[from] item: Leftovers
|upkeep
|turn|40
|
|t:|1728499191
|move|p2a: Flygon|Rock Slide|p1a: Chainmail|[miss]
|-miss|p2a: Flygon|p1a: Chainmail
|move|p1a: Chainmail|Hidden Power|p2a: Flygon
|-end|p2a: Flygon|Substitute
|
|-weather|Sandstorm|[upkeep]
|-heal|p2a: Flygon|88/100|[from] item: Leftovers
|upkeep
|turn|41
|
|t:|1728499202
|move|p2a: Flygon|Rock Slide|p1a: Chainmail
|-damage|p1a: Chainmail|84/100
|move|p1a: Chainmail|Hidden Power|p2a: Flygon
|-damage|p2a: Flygon|60/100
|
|-weather|Sandstorm|[upkeep]
|-heal|p2a: Flygon|66/100|[from] item: Leftovers
|-heal|p1a: Chainmail|90/100|[from] item: Leftovers
|upkeep
|turn|42
|
|t:|1728499218
|move|p2a: Flygon|Rock Slide|p1a: Chainmail
|-damage|p1a: Chainmail|73/100
|cant|p1a: Chainmail|flinch
|
|-weather|Sandstorm|[upkeep]
|-heal|p2a: Flygon|72/100|[from] item: Leftovers
|-heal|p1a: Chainmail|79/100|[from] item: Leftovers
|upkeep
|turn|43
|
|t:|1728499226
|move|p2a: Flygon|Substitute|p2a: Flygon
|-start|p2a: Flygon|Substitute
|-damage|p2a: Flygon|48/100
|move|p1a: Chainmail|Hidden Power|p2a: Flygon
|-end|p2a: Flygon|Substitute
|
|-weather|Sandstorm|[upkeep]
|-heal|p2a: Flygon|53/100|[from] item: Leftovers
|-heal|p1a: Chainmail|85/100|[from] item: Leftovers
|upkeep
|turn|44
|
|t:|1728499235
|move|p2a: Flygon|Rock Slide|p1a: Chainmail
|-damage|p1a: Chainmail|69/100
|move|p1a: Chainmail|Toxic|p2a: Flygon
|-status|p2a: Flygon|tox
|
|-weather|Sandstorm|[upkeep]
|-heal|p2a: Flygon|59/100 tox|[from] item: Leftovers
|-damage|p2a: Flygon|53/100 tox|[from] psn
|-heal|p1a: Chainmail|75/100|[from] item: Leftovers
|upkeep
|turn|45
|
|t:|1728499244
|move|p2a: Flygon|Rock Slide|p1a: Chainmail
|-damage|p1a: Chainmail|58/100
|move|p1a: Chainmail|Hidden Power|p2a: Flygon
|-damage|p2a: Flygon|28/100 tox
|
|-weather|Sandstorm|[upkeep]
|-heal|p2a: Flygon|34/100 tox|[from] item: Leftovers
|-damage|p2a: Flygon|22/100 tox|[from] psn
|-heal|p1a: Chainmail|64/100|[from] item: Leftovers
|upkeep
|turn|46
|inactive|fuckboyLenny has 270 seconds left.
|
|t:|1728499253
|move|p2a: Flygon|Rock Slide|p1a: Chainmail
|-damage|p1a: Chainmail|47/100
|move|p1a: Chainmail|Hidden Power|p2a: Flygon
|-damage|p2a: Flygon|0 fnt
|faint|p2a: Flygon
|
|win|Stockings
|c|☆Stockings|ggs
|c|☆fuckboyLenny|gg
|player|p2|

</script>
<script type="application/json" class="data" id="replaydata-smogtours-gen3ou-796696">
{"id":"smogtours-gen3ou-796696","format":"[Gen 3] OU","players":["Stockings","fuckboyLenny"],"uploadtime":1728499253,"views":145,"formatid":"gen3ou","rating":null,"private":0,"password":null}
</script>

<script defer src="js/replays.js?9d40a366"></script>
