<!DOCTYPE html>
<meta charset="utf-8" />
<meta name="viewport" content="width=device-width" />

<title>[Gen 3] OU: The_App15 vs. marsandback - Replays - Pok&eacute;mon Showdown!</title>

<meta name="description" content="Watch a replay of a Pok&eacute;mon battle between The_App15 and marsandback! Format: [Gen 3] OU; Date: Oct 1, 2024" />
<!--

Hey, you! Looking in the source for the replay log?

You can find them in JSON format, just add `.json` at the end of a replay URL.

https://replay.pokemonshowdown.com/gen7randomdoublesbattle-865046831.json

Or, if you only need the log itself, add `.log` instead:

https://replay.pokemonshowdown.com/gen7randomdoublesbattle-865046831.log

-->

<link rel="stylesheet" href="//pokemonshowdown.com/style/global.css?0.023195364461161105" />
<link rel="stylesheet" href="//play.pokemonshowdown.com/style/font-awesome.css?0.13261647063804238" />
<link rel="stylesheet" href="//play.pokemonshowdown.com/style/battle.css?0.8753245789963631" />
<link rel="stylesheet" href="//play.pokemonshowdown.com/style/utilichart.css?0.8627959624976733" />

<!-- Global site tag (gtag.js) - Google Analytics -->
<script async src="https://www.googletagmanager.com/gtag/js?id=UA-26211653-1"></script>
<script>
  window.dataLayer = window.dataLayer || [];
  function gtag(){dataLayer.push(arguments);}
  gtag('js', new Date());

  gtag('config', 'UA-26211653-1');
</script>
<!-- End Google Analytics -->
<!-- Venatus Ad Manager - Install in <HEAD> of page -->
	<script src="https://hb.vntsm.com/v3/live/ad-manager.min.js" type="text/javascript" data-site-id="642aba63ec9a7b11c3c9c1be" data-mode="scan" async></script>
<!-- / Venatus Ad Manager -->

<style>
	@media (max-width:820px) {
		.battle {
			margin: 0 auto;
		}
		.battle-log {
			margin: 7px auto 0;
			max-width: 640px;
			height: 300px;
			position: static;
		}
	}
	.optgroup {
		display: inline-block;
		line-height: 22px;
		font-size: 10pt;
	}
	.optgroup .button {
		height: 25px;
		padding-top: 0;
		padding-bottom: 0;
	}
	.optgroup button.button {
		padding-left: 12px;
		padding-right: 12px;
	}
	.linklist {
		list-style: none;
		margin: 0.5em 0;
		padding: 0;
	}
	.linklist li {
		padding: 2px 0;
	}
	.sidebar {
		float: left;
		width: 320px;
	}
	.bar-wrapper {
		max-width: 1100px;
		margin: 0 auto;
	}
	.bar-wrapper.has-sidebar {
		max-width: 1430px;
	}
	.mainbar {
		margin: 0;
		padding-right: 1px;
	}
	.mainbar.has-sidebar {
		margin-left: 330px;
	}
	@media (min-width: 1511px) {
		.sidebar {
			width: 400px;
		}
		.bar-wrapper.has-sidebar {
			max-width: 1510px;
		}
		.mainbar.has-sidebar {
			margin-left: 410px;
		}
	}
	.section.first-section {
		margin-top: 9px;
	}
	.blocklink small {
		white-space: normal;
	}
	.button {
		vertical-align: middle;
	}
	.replay-controls {
		padding-top: 10px;
	}
	.replay-controls h1 {
		font-size: 16pt;
		font-weight: normal;
		color: #CCC;
	}
	.pagelink {
		text-align: center;
	}
	.pagelink a {
		width: 150px;
	}
	.textbox, .button {
		font-size: 11pt;
		vertical-align: middle;
	}
	@media (max-width: 450px) {
		.button {
			font-size: 9pt;
		}
	}
</style>

<div>

	<header>
		<div class="nav-wrapper"><ul class="nav">
			<li><a class="button nav-first" href="//pokemonshowdown.com/"><img src="//pokemonshowdown.com/images/pokemonshowdownbeta.png" srcset="//pokemonshowdown.com/images/pokemonshowdownbeta.png 1x, //pokemonshowdown.com/images/pokemonshowdownbeta@2x.png 2x" alt="Pok&eacute;mon Showdown" width="146" height="44" /> Home</a></li>
			<li><a class="button" href="//pokemonshowdown.com/dex/">Pok&eacute;dex</a></li>
			<li><a class="button cur" href="/">Replays</a></li>
			<li><a class="button" href="//pokemonshowdown.com/ladder/">Ladder</a></li>
			<li><a class="button nav-last" href="//pokemonshowdown.com/forums/">Forum</a></li>
			<li><a class="button greenbutton nav-first nav-last" href="//play.pokemonshowdown.com/">Play</a></li>
		</ul></div>
	</header>

	<div class="main" id="main">

		<noscript><section class="section">You need to enable JavaScript to use this page; sorry!</section></noscript>

	</div>

</div>

<script defer nomodule src="//play.pokemonshowdown.com/js/lib/ps-polyfill.js"></script>
<script defer src="//play.pokemonshowdown.com/js/lib/preact.min.js"></script>

<script defer src="//play.pokemonshowdown.com/config/config.js?2bddbc15"></script>
<script defer src="//play.pokemonshowdown.com/js/lib/jquery-1.11.0.min.js"></script>
<script defer src="//play.pokemonshowdown.com/js/lib/html-sanitizer-minified.js"></script>
<script defer src="//play.pokemonshowdown.com/js/battle-sound.js"></script>
<script defer src="//play.pokemonshowdown.com/js/battledata.js?0.7209276989879541"></script>
<script defer src="//play.pokemonshowdown.com/data/pokedex-mini.js?0.6111056340867951"></script>
<script defer src="//play.pokemonshowdown.com/data/pokedex-mini-bw.js?0.3532142036491459"></script>
<script defer src="//play.pokemonshowdown.com/data/graphics.js?0.24223875632456182"></script>
<script defer src="//play.pokemonshowdown.com/data/pokedex.js?0.38839984266356864"></script>
<script defer src="//play.pokemonshowdown.com/data/moves.js?0.21866028504024015"></script>
<script defer src="//play.pokemonshowdown.com/data/abilities.js?0.2005157953846628"></script>
<script defer src="//play.pokemonshowdown.com/data/items.js?0.9894211263848525"></script>
<script defer src="//play.pokemonshowdown.com/data/teambuilder-tables.js?0.6008791140282215"></script>
<script defer src="//play.pokemonshowdown.com/js/battle-tooltips.js?0.7580118955022959"></script>
<script defer src="//play.pokemonshowdown.com/js/battle.js?0.6057722274234274"></script>

<script defer src="js/utils.js?e31f9a17"></script>
<script defer src="js/replays-battle.js?7008c182"></script>

<!-- don't scrape this data! just add .json or .log after the URL!
Full API docs: https://github.com/smogon/pokemon-showdown-client/blob/master/WEB-API.md -->
<script type="text/plain" class="log" id="replaylog-smogtours-gen3ou-793795">
|inactive|Battle timer is ON: inactive players will automatically lose when time's up.
|t:|1727806925
|gametype|singles
|player|p1|The_App15|ethan|
|player|p2|marsandback|erika-gen3|
|teamsize|p1|6
|teamsize|p2|6
|gen|3
|tier|[Gen 3] OU
|rule|Sleep Clause Mod: Limit one foe put to sleep
|rule|Switch Priority Clause Mod: Faster Pokémon switch first
|rule|Species Clause: Limit one of each Pokémon
|rule|OHKO Clause: OHKO moves are banned
|rule|Evasion Items Clause: Evasion items are banned
|rule|Evasion Moves Clause: Evasion moves are banned
|rule|Endless Battle Clause: Forcing endless battles is banned
|rule|HP Percentage Mod: HP is shown in percentages
|rule|One Boost Passer Clause: Limit one Baton Passer that has a way to boost its stats
|rule|Freeze Clause Mod: Limit one foe frozen
|
|t:|1727806925
|start
|switch|p1a: Tyranitar|Tyranitar, F|100/100
|switch|p2a: Skarmory|Skarmory, M, shiny|100/100
|-weather|Sandstorm|[from] ability: Sand Stream|[of] p1a: Tyranitar
|turn|1
|c|☆marsandback|gl
|c|☆The_App15|hf
|
|t:|1727806945
|-singleturn|p1a: Tyranitar|move: Focus Punch
|move|p2a: Skarmory|Spikes|p1a: Tyranitar
|-sidestart|p1: The_App15|Spikes
|move|p1a: Tyranitar|Focus Punch|p2a: Skarmory
|-damage|p2a: Skarmory|53/100
|
|-weather|Sandstorm|[upkeep]
|-heal|p2a: Skarmory|59/100|[from] item: Leftovers
|upkeep
|turn|2
|
|t:|1727806960
|-singleturn|p1a: Tyranitar|move: Focus Punch
|move|p2a: Skarmory|Protect|p2a: Skarmory
|-singleturn|p2a: Skarmory|Protect
|move|p1a: Tyranitar|Focus Punch|p2a: Skarmory
|-activate|p2a: Skarmory|Protect
|
|-weather|Sandstorm|[upkeep]
|-heal|p2a: Skarmory|65/100|[from] item: Leftovers
|upkeep
|turn|3
|
|t:|1727806967
|-singleturn|p1a: Tyranitar|move: Focus Punch
|switch|p2a: Misdreavus|Misdreavus, F|100/100
|move|p1a: Tyranitar|Focus Punch|p2a: Misdreavus
|-immune|p2a: Misdreavus
|
|-weather|Sandstorm|[upkeep]
|-damage|p2a: Misdreavus|94/100|[from] Sandstorm
|-heal|p2a: Misdreavus|100/100|[from] item: Leftovers
|upkeep
|turn|4
|
|t:|1727806983
|switch|p2a: Flygon|Flygon, M|100/100
|switch|p1a: Skarmory|Skarmory, F|100/100
|
|-weather|Sandstorm|[upkeep]
|upkeep
|turn|5
|
|t:|1727806989
|switch|p2a: Skarmory|Skarmory, M, shiny|65/100
|move|p1a: Skarmory|Spikes|p2a: Skarmory
|-sidestart|p2: marsandback|Spikes
|
|-weather|Sandstorm|[upkeep]
|-heal|p2a: Skarmory|71/100|[from] item: Leftovers
|upkeep
|turn|6
|
|t:|1727807000
|switch|p1a: Celebi|Celebi|100/100
|-damage|p1a: Celebi|88/100|[from] Spikes
|move|p2a: Skarmory|Spikes|p1a: Celebi
|-sidestart|p1: The_App15|Spikes
|
|-weather|Sandstorm|[upkeep]
|-damage|p1a: Celebi|82/100|[from] Sandstorm
|-heal|p1a: Celebi|88/100|[from] item: Leftovers
|-heal|p2a: Skarmory|77/100|[from] item: Leftovers
|upkeep
|turn|7
|
|t:|1727807005
|switch|p2a: Moltres|Moltres|100/100
|move|p1a: Celebi|Leech Seed|p2a: Moltres
|-start|p2a: Moltres|move: Leech Seed
|
|-weather|Sandstorm|[upkeep]
|-damage|p2a: Moltres|94/100|[from] Sandstorm
|-damage|p1a: Celebi|82/100|[from] Sandstorm
|-heal|p2a: Moltres|100/100|[from] item: Leftovers
|-damage|p2a: Moltres|88/100|[from] Leech Seed|[of] p1a: Celebi
|-heal|p1a: Celebi|93/100|[silent]
|-heal|p1a: Celebi|99/100|[from] item: Leftovers
|upkeep
|turn|8
|inactive|The_App15 has 270 seconds left.
|
|t:|1727807061
|switch|p2a: Skarmory|Skarmory, M, shiny|77/100
|switch|p1a: Gengar|Gengar, M|100/100
|
|-weather|Sandstorm|[upkeep]
|-damage|p1a: Gengar|95/100|[from] Sandstorm
|-heal|p1a: Gengar|100/100|[from] item: Leftovers
|-heal|p2a: Skarmory|83/100|[from] item: Leftovers
|upkeep
|turn|9
|
|t:|1727807068
|move|p2a: Skarmory|Protect|p2a: Skarmory
|-singleturn|p2a: Skarmory|Protect
|move|p1a: Gengar|Will-O-Wisp|p2a: Skarmory
|-activate|p2a: Skarmory|Protect
|
|-weather|Sandstorm|[upkeep]
|-damage|p1a: Gengar|95/100|[from] Sandstorm
|-heal|p1a: Gengar|100/100|[from] item: Leftovers
|-heal|p2a: Skarmory|89/100|[from] item: Leftovers
|upkeep
|turn|10
|
|t:|1727807075
|move|p1a: Gengar|Thunderbolt|p2a: Skarmory
|-supereffective|p2a: Skarmory
|-crit|p2a: Skarmory
|-damage|p2a: Skarmory|0 fnt
|faint|p2a: Skarmory
|inactive|marsandback has 270 seconds left.
|
|t:|1727807125
|switch|p2a: Blissey|Blissey, F|100/100
|-damage|p2a: Blissey|88/100|[from] Spikes
|
|-weather|Sandstorm|[upkeep]
|-damage|p1a: Gengar|95/100|[from] Sandstorm
|-damage|p2a: Blissey|82/100|[from] Sandstorm
|-heal|p1a: Gengar|100/100|[from] item: Leftovers
|-heal|p2a: Blissey|88/100|[from] item: Leftovers
|upkeep
|turn|11
|
|t:|1727807149
|switch|p1a: Celebi|Celebi|99/100
|-damage|p1a: Celebi|82/100|[from] Spikes
|move|p2a: Blissey|Ice Beam|p1a: Celebi
|-supereffective|p1a: Celebi
|-damage|p1a: Celebi|36/100
|
|-weather|Sandstorm|[upkeep]
|-damage|p1a: Celebi|30/100|[from] Sandstorm
|-damage|p2a: Blissey|82/100|[from] Sandstorm
|-heal|p1a: Celebi|36/100|[from] item: Leftovers
|-heal|p2a: Blissey|88/100|[from] item: Leftovers
|upkeep
|turn|12
|inactive|The_App15 has 240 seconds left.
|
|t:|1727807172
|switch|p1a: Skarmory|Skarmory, F|100/100
|move|p2a: Blissey|Ice Beam|p1a: Skarmory
|-damage|p1a: Skarmory|78/100
|
|-weather|Sandstorm|[upkeep]
|-damage|p2a: Blissey|82/100|[from] Sandstorm
|-heal|p1a: Skarmory|84/100|[from] item: Leftovers
|-heal|p2a: Blissey|88/100|[from] item: Leftovers
|upkeep
|turn|13
|
|t:|1727807179
|switch|p2a: Zapdos|Zapdos|100/100
|move|p1a: Skarmory|Protect||[still]
|-fail|p1a: Skarmory
|
|-weather|Sandstorm|[upkeep]
|-damage|p2a: Zapdos|94/100|[from] Sandstorm
|-heal|p2a: Zapdos|100/100|[from] item: Leftovers
|-heal|p1a: Skarmory|90/100|[from] item: Leftovers
|upkeep
|turn|14
|
|t:|1727807186
|move|p1a: Skarmory|Protect|p1a: Skarmory
|-singleturn|p1a: Skarmory|Protect
|move|p2a: Zapdos|Thunderbolt|p1a: Skarmory
|-activate|p1a: Skarmory|Protect
|
|-weather|Sandstorm|[upkeep]
|-damage|p2a: Zapdos|94/100|[from] Sandstorm
|-heal|p2a: Zapdos|100/100|[from] item: Leftovers
|-heal|p1a: Skarmory|96/100|[from] item: Leftovers
|upkeep
|turn|15
|
|t:|1727807193
|switch|p1a: Swampert|Swampert, F|100/100
|-damage|p1a: Swampert|84/100|[from] Spikes
|move|p2a: Zapdos|Thunderbolt|p1a: Swampert
|-immune|p1a: Swampert
|
|-weather|Sandstorm|[upkeep]
|-damage|p2a: Zapdos|94/100|[from] Sandstorm
|-heal|p2a: Zapdos|100/100|[from] item: Leftovers
|-heal|p1a: Swampert|90/100|[from] item: Leftovers
|upkeep
|turn|16
|
|t:|1727807205
|switch|p1a: Gengar|Gengar, M|100/100
|move|p2a: Zapdos|Roar|p1a: Gengar
|drag|p1a: Skarmory|Skarmory, F|96/100
|
|-weather|Sandstorm|[upkeep]
|-damage|p2a: Zapdos|94/100|[from] Sandstorm
|-heal|p2a: Zapdos|100/100|[from] item: Leftovers
|-heal|p1a: Skarmory|100/100|[from] item: Leftovers
|upkeep
|turn|17
|
|t:|1727807210
|move|p1a: Skarmory|Protect|p1a: Skarmory
|-singleturn|p1a: Skarmory|Protect
|move|p2a: Zapdos|Roar|p1a: Skarmory
|-activate|p1a: Skarmory|Protect
|
|-weather|Sandstorm|[upkeep]
|-damage|p2a: Zapdos|94/100|[from] Sandstorm
|-heal|p2a: Zapdos|100/100|[from] item: Leftovers
|upkeep
|turn|18
|inactive|The_App15 has 270 seconds left.
|
|t:|1727807220
|move|p2a: Zapdos|Roar|p1a: Skarmory
|drag|p1a: Swampert|Swampert, F|90/100
|-damage|p1a: Swampert|74/100|[from] Spikes
|
|-weather|Sandstorm|[upkeep]
|-damage|p2a: Zapdos|94/100|[from] Sandstorm
|-heal|p2a: Zapdos|100/100|[from] item: Leftovers
|-heal|p1a: Swampert|80/100|[from] item: Leftovers
|upkeep
|turn|19
|
|t:|1727807225
|move|p1a: Swampert|Ice Beam|p2a: Zapdos
|-supereffective|p2a: Zapdos
|-damage|p2a: Zapdos|61/100
|move|p2a: Zapdos|Roar|p1a: Swampert
|drag|p1a: Celebi|Celebi|36/100
|-damage|p1a: Celebi|19/100|[from] Spikes
|
|-weather|Sandstorm|[upkeep]
|-damage|p2a: Zapdos|55/100|[from] Sandstorm
|-damage|p1a: Celebi|13/100|[from] Sandstorm
|-heal|p2a: Zapdos|61/100|[from] item: Leftovers
|-heal|p1a: Celebi|19/100|[from] item: Leftovers
|upkeep
|turn|20
|
|t:|1727807231
|switch|p2a: Moltres|Moltres|88/100
|move|p1a: Celebi|Leech Seed|p2a: Moltres
|-start|p2a: Moltres|move: Leech Seed
|
|-weather|Sandstorm|[upkeep]
|-damage|p2a: Moltres|82/100|[from] Sandstorm
|-damage|p1a: Celebi|13/100|[from] Sandstorm
|-heal|p2a: Moltres|88/100|[from] item: Leftovers
|-damage|p2a: Moltres|76/100|[from] Leech Seed|[of] p1a: Celebi
|-heal|p1a: Celebi|24/100|[silent]
|-heal|p1a: Celebi|30/100|[from] item: Leftovers
|upkeep
|turn|21
|inactive|The_App15 has 270 seconds left.
|
|t:|1727807280
|move|p2a: Moltres|Toxic|p1a: Celebi|[miss]
|-miss|p2a: Moltres|p1a: Celebi
|move|p1a: Celebi|Psychic|p2a: Moltres
|-damage|p2a: Moltres|29/100
|
|-weather|Sandstorm|[upkeep]
|-damage|p2a: Moltres|23/100|[from] Sandstorm
|-damage|p1a: Celebi|24/100|[from] Sandstorm
|-heal|p2a: Moltres|29/100|[from] item: Leftovers
|-damage|p2a: Moltres|17/100|[from] Leech Seed|[of] p1a: Celebi
|-heal|p1a: Celebi|35/100|[silent]
|-heal|p1a: Celebi|41/100|[from] item: Leftovers
|upkeep
|turn|22
|
|t:|1727807293
|switch|p1a: Gengar|Gengar, M|100/100
|move|p2a: Moltres|Rest|p2a: Moltres
|-status|p2a: Moltres|slp|[from] move: Rest
|-heal|p2a: Moltres|100/100 slp|[silent]
|
|-weather|Sandstorm|[upkeep]
|-damage|p1a: Gengar|95/100|[from] Sandstorm
|-damage|p2a: Moltres|94/100 slp|[from] Sandstorm
|-heal|p1a: Gengar|100/100|[from] item: Leftovers
|-heal|p2a: Moltres|100/100 slp|[from] item: Leftovers
|-damage|p2a: Moltres|88/100 slp|[from] Leech Seed|[of] p1a: Gengar
|upkeep
|turn|23
|
|t:|1727807302
|switch|p2a: Blissey|Blissey, F|88/100
|-damage|p2a: Blissey|76/100|[from] Spikes
|move|p1a: Gengar|Ice Punch|p2a: Blissey
|-damage|p2a: Blissey|67/100
|
|-weather|Sandstorm|[upkeep]
|-damage|p1a: Gengar|95/100|[from] Sandstorm
|-damage|p2a: Blissey|61/100|[from] Sandstorm
|-heal|p1a: Gengar|100/100|[from] item: Leftovers
|-heal|p2a: Blissey|67/100|[from] item: Leftovers
|upkeep
|turn|24
|
|t:|1727807306
|move|p1a: Gengar|Will-O-Wisp|p2a: Blissey|[miss]
|-miss|p1a: Gengar|p2a: Blissey
|move|p2a: Blissey|Aromatherapy|p2a: Blissey
|-cureteam|p2a: Blissey|[from] move: Aromatherapy
|
|-weather|Sandstorm|[upkeep]
|-damage|p1a: Gengar|95/100|[from] Sandstorm
|-damage|p2a: Blissey|61/100|[from] Sandstorm
|-heal|p1a: Gengar|100/100|[from] item: Leftovers
|-heal|p2a: Blissey|67/100|[from] item: Leftovers
|upkeep
|turn|25
|
|t:|1727807317
|move|p1a: Gengar|Will-O-Wisp|p2a: Blissey
|-status|p2a: Blissey|brn
|move|p2a: Blissey|Ice Beam|p1a: Gengar
|-damage|p1a: Gengar|70/100
|
|-weather|Sandstorm|[upkeep]
|-damage|p1a: Gengar|64/100|[from] Sandstorm
|-damage|p2a: Blissey|61/100 brn|[from] Sandstorm
|-heal|p1a: Gengar|70/100|[from] item: Leftovers
|-heal|p2a: Blissey|67/100 brn|[from] item: Leftovers
|-damage|p2a: Blissey|54/100 brn|[from] brn
|upkeep
|turn|26
|
|t:|1727807329
|switch|p1a: Swampert|Swampert, F|80/100
|-damage|p1a: Swampert|64/100|[from] Spikes
|-curestatus|p2a: Blissey|brn|[from] ability: Natural Cure
|switch|p2a: Misdreavus|Misdreavus, F|100/100
|
|-weather|Sandstorm|[upkeep]
|-damage|p2a: Misdreavus|94/100|[from] Sandstorm
|-heal|p2a: Misdreavus|100/100|[from] item: Leftovers
|-heal|p1a: Swampert|70/100|[from] item: Leftovers
|upkeep
|turn|27
|inactive|The_App15 has 240 seconds left.
|
|t:|1727807359
|move|p2a: Misdreavus|Mean Look|p1a: Swampert
|-activate|p1a: Swampert|trapped
|move|p1a: Swampert|Hydro Pump|p2a: Misdreavus
|-crit|p2a: Misdreavus
|-damage|p2a: Misdreavus|19/100
|
|-weather|Sandstorm|[upkeep]
|-damage|p2a: Misdreavus|13/100|[from] Sandstorm
|-heal|p2a: Misdreavus|19/100|[from] item: Leftovers
|-heal|p1a: Swampert|76/100|[from] item: Leftovers
|upkeep
|turn|28
|c|☆marsandback|bruh
|
|t:|1727807370
|move|p2a: Misdreavus|Rest|p2a: Misdreavus
|-status|p2a: Misdreavus|slp|[from] move: Rest
|-heal|p2a: Misdreavus|100/100 slp|[silent]
|move|p1a: Swampert|Ice Beam|p2a: Misdreavus
|-damage|p2a: Misdreavus|76/100 slp
|
|-weather|Sandstorm|[upkeep]
|-damage|p2a: Misdreavus|70/100 slp|[from] Sandstorm
|-heal|p2a: Misdreavus|76/100 slp|[from] item: Leftovers
|-heal|p1a: Swampert|82/100|[from] item: Leftovers
|upkeep
|turn|29
|
|t:|1727807382
|cant|p2a: Misdreavus|slp
|move|p1a: Swampert|Hydro Pump|p2a: Misdreavus
|-damage|p2a: Misdreavus|31/100 slp
|
|-weather|Sandstorm|[upkeep]
|-damage|p2a: Misdreavus|25/100 slp|[from] Sandstorm
|-heal|p2a: Misdreavus|31/100 slp|[from] item: Leftovers
|-heal|p1a: Swampert|89/100|[from] item: Leftovers
|upkeep
|turn|30
|
|t:|1727807392
|cant|p2a: Misdreavus|slp
|move|p1a: Swampert|Hydro Pump|p2a: Misdreavus|[miss]
|-miss|p1a: Swampert|p2a: Misdreavus
|
|-weather|Sandstorm|[upkeep]
|-damage|p2a: Misdreavus|25/100 slp|[from] Sandstorm
|-heal|p2a: Misdreavus|31/100 slp|[from] item: Leftovers
|-heal|p1a: Swampert|95/100|[from] item: Leftovers
|upkeep
|turn|31
|
|t:|1727807396
|-curestatus|p2a: Misdreavus|slp|[msg]
|move|p2a: Misdreavus|Rest|p2a: Misdreavus
|-status|p2a: Misdreavus|slp|[from] move: Rest
|-heal|p2a: Misdreavus|100/100 slp|[silent]
|move|p1a: Swampert|Ice Beam|p2a: Misdreavus
|-damage|p2a: Misdreavus|79/100 slp
|
|-weather|Sandstorm|[upkeep]
|-damage|p2a: Misdreavus|73/100 slp|[from] Sandstorm
|-heal|p2a: Misdreavus|79/100 slp|[from] item: Leftovers
|-heal|p1a: Swampert|100/100|[from] item: Leftovers
|upkeep
|turn|32
|
|t:|1727807402
|cant|p2a: Misdreavus|slp
|move|p1a: Swampert|Hydro Pump|p2a: Misdreavus
|-damage|p2a: Misdreavus|34/100 slp
|
|-weather|Sandstorm|[upkeep]
|-damage|p2a: Misdreavus|28/100 slp|[from] Sandstorm
|-heal|p2a: Misdreavus|34/100 slp|[from] item: Leftovers
|upkeep
|turn|33
|
|t:|1727807406
|cant|p2a: Misdreavus|slp
|move|p1a: Swampert|Hydro Pump|p2a: Misdreavus|[miss]
|-miss|p1a: Swampert|p2a: Misdreavus
|
|-weather|Sandstorm|[upkeep]
|-damage|p2a: Misdreavus|28/100 slp|[from] Sandstorm
|-heal|p2a: Misdreavus|34/100 slp|[from] item: Leftovers
|upkeep
|turn|34
|
|t:|1727807410
|-curestatus|p2a: Misdreavus|slp|[msg]
|move|p2a: Misdreavus|Rest|p2a: Misdreavus
|-status|p2a: Misdreavus|slp|[from] move: Rest
|-heal|p2a: Misdreavus|100/100 slp|[silent]
|move|p1a: Swampert|Ice Beam|p2a: Misdreavus
|-damage|p2a: Misdreavus|78/100 slp
|
|-weather|Sandstorm|[upkeep]
|-damage|p2a: Misdreavus|72/100 slp|[from] Sandstorm
|-heal|p2a: Misdreavus|78/100 slp|[from] item: Leftovers
|upkeep
|turn|35
|
|t:|1727807414
|cant|p2a: Misdreavus|slp
|move|p1a: Swampert|Hydro Pump|p2a: Misdreavus
|-damage|p2a: Misdreavus|34/100 slp
|
|-weather|Sandstorm|[upkeep]
|-damage|p2a: Misdreavus|28/100 slp|[from] Sandstorm
|-heal|p2a: Misdreavus|34/100 slp|[from] item: Leftovers
|upkeep
|turn|36
|
|t:|1727807418
|cant|p2a: Misdreavus|slp
|move|p1a: Swampert|Hydro Pump|p2a: Misdreavus
|-damage|p2a: Misdreavus|0 fnt
|faint|p2a: Misdreavus
|
|t:|1727807422
|switch|p2a: Moltres|Moltres|88/100
|
|-weather|Sandstorm|[upkeep]
|-damage|p2a: Moltres|82/100|[from] Sandstorm
|-heal|p2a: Moltres|88/100|[from] item: Leftovers
|upkeep
|turn|37
|
|t:|1727807432
|move|p2a: Moltres|Protect|p2a: Moltres
|-singleturn|p2a: Moltres|Protect
|move|p1a: Swampert|Hydro Pump|p2a: Moltres
|-activate|p2a: Moltres|Protect
|
|-weather|Sandstorm|[upkeep]
|-damage|p2a: Moltres|82/100|[from] Sandstorm
|-heal|p2a: Moltres|88/100|[from] item: Leftovers
|upkeep
|turn|38
|
|t:|1727807449
|switch|p1a: Gengar|Gengar, M|70/100
|move|p2a: Moltres|Flamethrower|p1a: Gengar
|-crit|p1a: Gengar
|-damage|p1a: Gengar|0 fnt
|faint|p1a: Gengar
|inactive|The_App15 has 270 seconds left.
|inactive|The_App15 has 240 seconds left.
|
|t:|1727807505
|switch|p1a: Swampert|Swampert, F|100/100
|-damage|p1a: Swampert|84/100|[from] Spikes
|
|-weather|Sandstorm|[upkeep]
|-damage|p2a: Moltres|82/100|[from] Sandstorm
|-heal|p2a: Moltres|88/100|[from] item: Leftovers
|-heal|p1a: Swampert|90/100|[from] item: Leftovers
|upkeep
|turn|39
|
|t:|1727807509
|move|p2a: Moltres|Toxic|p1a: Swampert
|-status|p1a: Swampert|tox
|move|p1a: Swampert|Ice Beam|p2a: Moltres
|-damage|p2a: Moltres|61/100
|
|-weather|Sandstorm|[upkeep]
|-damage|p2a: Moltres|55/100|[from] Sandstorm
|-heal|p2a: Moltres|61/100|[from] item: Leftovers
|-heal|p1a: Swampert|97/100 tox|[from] item: Leftovers
|-damage|p1a: Swampert|90/100 tox|[from] psn
|upkeep
|turn|40
|
|t:|1727807517
|move|p2a: Moltres|Protect|p2a: Moltres
|-singleturn|p2a: Moltres|Protect
|move|p1a: Swampert|Ice Beam|p2a: Moltres
|-activate|p2a: Moltres|Protect
|
|-weather|Sandstorm|[upkeep]
|-damage|p2a: Moltres|55/100|[from] Sandstorm
|-heal|p2a: Moltres|61/100|[from] item: Leftovers
|-heal|p1a: Swampert|97/100 tox|[from] item: Leftovers
|-damage|p1a: Swampert|84/100 tox|[from] psn
|upkeep
|turn|41
|
|t:|1727807535
|switch|p2a: Zapdos|Zapdos|61/100
|move|p1a: Swampert|Ice Beam|p2a: Zapdos
|-supereffective|p2a: Zapdos
|-damage|p2a: Zapdos|21/100
|
|-weather|Sandstorm|[upkeep]
|-damage|p2a: Zapdos|15/100|[from] Sandstorm
|-heal|p2a: Zapdos|21/100|[from] item: Leftovers
|-heal|p1a: Swampert|90/100 tox|[from] item: Leftovers
|-damage|p1a: Swampert|72/100 tox|[from] psn
|upkeep
|turn|42
|
|t:|1727807544
|move|p2a: Zapdos|Rest|p2a: Zapdos
|-status|p2a: Zapdos|slp|[from] move: Rest
|-heal|p2a: Zapdos|100/100 slp|[silent]
|move|p1a: Swampert|Ice Beam|p2a: Zapdos
|-supereffective|p2a: Zapdos
|-damage|p2a: Zapdos|65/100 slp
|
|-weather|Sandstorm|[upkeep]
|-damage|p2a: Zapdos|59/100 slp|[from] Sandstorm
|-heal|p2a: Zapdos|65/100 slp|[from] item: Leftovers
|-heal|p1a: Swampert|78/100 tox|[from] item: Leftovers
|-damage|p1a: Swampert|53/100 tox|[from] psn
|upkeep
|turn|43
|
|t:|1727807555
|switch|p1a: Aerodactyl|Aerodactyl, M|100/100
|cant|p2a: Zapdos|slp
|move|p2a: Zapdos|Sleep Talk|p2a: Zapdos
|move|p2a: Zapdos|Rest|p2a: Zapdos|[from]Sleep Talk
|
|-weather|Sandstorm|[upkeep]
|-damage|p2a: Zapdos|59/100 slp|[from] Sandstorm
|-heal|p2a: Zapdos|65/100 slp|[from] item: Leftovers
|upkeep
|turn|44
|
|t:|1727807566
|switch|p2a: Blissey|Blissey, F|54/100
|-damage|p2a: Blissey|42/100|[from] Spikes
|move|p1a: Aerodactyl|Double-Edge|p2a: Blissey
|-damage|p2a: Blissey|0 fnt
|faint|p2a: Blissey
|
|t:|1727807569
|switch|p2a: Flygon|Flygon, M|100/100
|
|-weather|Sandstorm|[upkeep]
|upkeep
|turn|45
|
|t:|1727807573
|switch|p1a: Swampert|Swampert, F|53/100 tox
|-damage|p1a: Swampert|36/100 tox|[from] Spikes
|move|p2a: Flygon|Hidden Power|p1a: Swampert
|-resisted|p1a: Swampert
|-crit|p1a: Swampert
|-damage|p1a: Swampert|21/100 tox
|
|-weather|Sandstorm|[upkeep]
|-heal|p1a: Swampert|27/100 tox|[from] item: Leftovers
|-damage|p1a: Swampert|21/100 tox|[from] psn
|upkeep
|turn|46
|
|t:|1727807577
|move|p2a: Flygon|Protect|p2a: Flygon
|-singleturn|p2a: Flygon|Protect
|move|p1a: Swampert|Ice Beam|p2a: Flygon
|-activate|p2a: Flygon|Protect
|
|-weather|Sandstorm|[upkeep]
|-heal|p1a: Swampert|27/100 tox|[from] item: Leftovers
|-damage|p1a: Swampert|14/100 tox|[from] psn
|upkeep
|turn|47
|
|t:|1727807581
|move|p2a: Flygon|Earthquake|p1a: Swampert
|-damage|p1a: Swampert|0 fnt
|faint|p1a: Swampert
|inactive|The_App15 has 270 seconds left.
|
|t:|1727807620
|switch|p1a: Aerodactyl|Aerodactyl, M|100/100
|
|-weather|Sandstorm|[upkeep]
|upkeep
|turn|48
|
|t:|1727807625
|move|p2a: Flygon|Protect|p2a: Flygon
|-singleturn|p2a: Flygon|Protect
|move|p1a: Aerodactyl|Double-Edge|p2a: Flygon
|-activate|p2a: Flygon|Protect
|
|-weather|Sandstorm|[upkeep]
|upkeep
|turn|49
|
|t:|1727807641
|move|p1a: Aerodactyl|Double-Edge|p2a: Flygon
|-damage|p2a: Flygon|55/100
|move|p2a: Flygon|Hidden Power|p1a: Aerodactyl
|-supereffective|p1a: Aerodactyl
|-damage|p1a: Aerodactyl|44/100
|
|-weather|Sandstorm|[upkeep]
|-heal|p2a: Flygon|61/100|[from] item: Leftovers
|upkeep
|turn|50
|inactive|The_App15 has 270 seconds left.
|
|t:|1727807670
|move|p1a: Aerodactyl|Double-Edge|p2a: Flygon
|-damage|p2a: Flygon|20/100
|move|p2a: Flygon|Hidden Power|p1a: Aerodactyl
|-supereffective|p1a: Aerodactyl
|-damage|p1a: Aerodactyl|0 fnt
|faint|p1a: Aerodactyl
|inactive|The_App15 has 270 seconds left.
|
|t:|1727807677
|switch|p1a: Celebi|Celebi|41/100
|-damage|p1a: Celebi|24/100|[from] Spikes
|
|-weather|Sandstorm|[upkeep]
|-damage|p1a: Celebi|18/100|[from] Sandstorm
|-heal|p2a: Flygon|26/100|[from] item: Leftovers
|-heal|p1a: Celebi|24/100|[from] item: Leftovers
|upkeep
|turn|51
|
|t:|1727807681
|move|p2a: Flygon|Protect|p2a: Flygon
|-singleturn|p2a: Flygon|Protect
|move|p1a: Celebi|Leech Seed|p2a: Flygon
|-activate|p2a: Flygon|Protect
|
|-weather|Sandstorm|[upkeep]
|-damage|p1a: Celebi|18/100|[from] Sandstorm
|-heal|p2a: Flygon|32/100|[from] item: Leftovers
|-heal|p1a: Celebi|24/100|[from] item: Leftovers
|upkeep
|turn|52
|
|t:|1727807685
|switch|p2a: Moltres|Moltres|61/100
|move|p1a: Celebi|Psychic|p2a: Moltres
|-damage|p2a: Moltres|12/100
|
|-weather|Sandstorm|[upkeep]
|-damage|p2a: Moltres|6/100|[from] Sandstorm
|-damage|p1a: Celebi|18/100|[from] Sandstorm
|-heal|p2a: Moltres|12/100|[from] item: Leftovers
|-heal|p1a: Celebi|24/100|[from] item: Leftovers
|upkeep
|turn|53
|
|t:|1727807690
|move|p2a: Moltres|Flamethrower|p1a: Celebi
|-supereffective|p1a: Celebi
|-damage|p1a: Celebi|0 fnt
|faint|p1a: Celebi
|
|t:|1727807693
|switch|p1a: Tyranitar|Tyranitar, F|100/100
|-damage|p1a: Tyranitar|84/100|[from] Spikes
|
|-weather|Sandstorm|[upkeep]
|-damage|p2a: Moltres|6/100|[from] Sandstorm
|-heal|p2a: Moltres|12/100|[from] item: Leftovers
|-heal|p1a: Tyranitar|90/100|[from] item: Leftovers
|upkeep
|turn|54
|
|t:|1727807705
|move|p2a: Moltres|Toxic|p1a: Tyranitar
|-status|p1a: Tyranitar|tox
|move|p1a: Tyranitar|Rock Slide|p2a: Moltres
|-supereffective|p2a: Moltres
|-damage|p2a: Moltres|0 fnt
|faint|p2a: Moltres
|
|t:|1727807707
|switch|p2a: Flygon|Flygon, M|32/100
|
|-weather|Sandstorm|[upkeep]
|-heal|p2a: Flygon|38/100|[from] item: Leftovers
|-heal|p1a: Tyranitar|96/100 tox|[from] item: Leftovers
|-damage|p1a: Tyranitar|90/100 tox|[from] psn
|upkeep
|turn|55
|
|t:|1727807720
|move|p2a: Flygon|Protect|p2a: Flygon
|-singleturn|p2a: Flygon|Protect
|move|p1a: Tyranitar|Rock Slide|p2a: Flygon
|-activate|p2a: Flygon|Protect
|
|-weather|Sandstorm|[upkeep]
|-heal|p2a: Flygon|44/100|[from] item: Leftovers
|-heal|p1a: Tyranitar|96/100 tox|[from] item: Leftovers
|-damage|p1a: Tyranitar|84/100 tox|[from] psn
|upkeep
|turn|56
|
|t:|1727807726
|switch|p1a: Skarmory|Skarmory, F|100/100
|move|p2a: Flygon|Earthquake|p1a: Skarmory
|-immune|p1a: Skarmory
|
|-weather|Sandstorm|[upkeep]
|-heal|p2a: Flygon|50/100|[from] item: Leftovers
|upkeep
|turn|57
|
|t:|1727807728
|move|p2a: Flygon|Protect|p2a: Flygon
|-singleturn|p2a: Flygon|Protect
|move|p1a: Skarmory|Drill Peck|p2a: Flygon
|-activate|p2a: Flygon|Protect
|
|-weather|Sandstorm|[upkeep]
|-heal|p2a: Flygon|56/100|[from] item: Leftovers
|upkeep
|turn|58
|
|t:|1727807731
|switch|p2a: Zapdos|Zapdos|65/100 slp
|move|p1a: Skarmory|Drill Peck|p2a: Zapdos
|-resisted|p2a: Zapdos
|-damage|p2a: Zapdos|54/100 slp
|
|-weather|Sandstorm|[upkeep]
|-damage|p2a: Zapdos|48/100 slp|[from] Sandstorm
|-heal|p2a: Zapdos|54/100 slp|[from] item: Leftovers
|upkeep
|turn|59
|
|t:|1727807735
|cant|p2a: Zapdos|slp
|move|p2a: Zapdos|Sleep Talk|p2a: Zapdos
|move|p2a: Zapdos|Thunderbolt|p1a: Skarmory|[from]Sleep Talk
|-supereffective|p1a: Skarmory
|-damage|p1a: Skarmory|26/100
|move|p1a: Skarmory|Roar|p2a: Zapdos
|drag|p2a: Flygon|Flygon, M|56/100
|
|-weather|Sandstorm|[upkeep]
|-heal|p2a: Flygon|62/100|[from] item: Leftovers
|-heal|p1a: Skarmory|32/100|[from] item: Leftovers
|upkeep
|turn|60
|
|t:|1727807741
|move|p2a: Flygon|Protect|p2a: Flygon
|-singleturn|p2a: Flygon|Protect
|move|p1a: Skarmory|Protect||[still]
|-fail|p1a: Skarmory
|
|-weather|Sandstorm|[upkeep]
|-heal|p2a: Flygon|68/100|[from] item: Leftovers
|-heal|p1a: Skarmory|38/100|[from] item: Leftovers
|upkeep
|turn|61
|
|t:|1727807744
|switch|p2a: Zapdos|Zapdos|54/100 slp
|switch|p1a: Tyranitar|Tyranitar, F|84/100 tox
|-damage|p1a: Tyranitar|67/100 tox|[from] Spikes
|
|-weather|Sandstorm|[upkeep]
|-damage|p2a: Zapdos|48/100 slp|[from] Sandstorm
|-heal|p2a: Zapdos|54/100 slp|[from] item: Leftovers
|-heal|p1a: Tyranitar|73/100 tox|[from] item: Leftovers
|-damage|p1a: Tyranitar|67/100 tox|[from] psn
|upkeep
|turn|62
|
|t:|1727807747
|switch|p2a: Flygon|Flygon, M|68/100
|move|p1a: Tyranitar|Rock Slide|p2a: Flygon|[miss]
|-miss|p1a: Tyranitar|p2a: Flygon
|
|-weather|Sandstorm|[upkeep]
|-heal|p2a: Flygon|74/100|[from] item: Leftovers
|-heal|p1a: Tyranitar|73/100 tox|[from] item: Leftovers
|-damage|p1a: Tyranitar|61/100 tox|[from] psn
|upkeep
|turn|63
|
|t:|1727807751
|move|p2a: Flygon|Earthquake|p1a: Tyranitar
|-supereffective|p1a: Tyranitar
|-damage|p1a: Tyranitar|11/100 tox
|move|p1a: Tyranitar|Hidden Power|p2a: Flygon
|-damage|p2a: Flygon|54/100
|
|-weather|Sandstorm|[upkeep]
|-heal|p2a: Flygon|60/100|[from] item: Leftovers
|-heal|p1a: Tyranitar|18/100 tox|[from] item: Leftovers
|-damage|p1a: Tyranitar|0 fnt|[from] psn
|faint|p1a: Tyranitar
|upkeep
|
|t:|1727807753
|switch|p1a: Skarmory|Skarmory, F|38/100
|turn|64
|
|t:|1727807758
|move|p2a: Flygon|Hidden Power|p1a: Skarmory
|-damage|p1a: Skarmory|25/100
|move|p1a: Skarmory|Drill Peck|p2a: Flygon
|-crit|p2a: Flygon
|-damage|p2a: Flygon|20/100
|
|-weather|Sandstorm|[upkeep]
|-heal|p2a: Flygon|26/100|[from] item: Leftovers
|-heal|p1a: Skarmory|31/100|[from] item: Leftovers
|upkeep
|turn|65
|
|t:|1727807763
|move|p1a: Skarmory|Protect|p1a: Skarmory
|-singleturn|p1a: Skarmory|Protect
|move|p2a: Flygon|Hidden Power|p1a: Skarmory
|-activate|p1a: Skarmory|Protect
|
|-weather|Sandstorm|[upkeep]
|-heal|p2a: Flygon|32/100|[from] item: Leftovers
|-heal|p1a: Skarmory|37/100|[from] item: Leftovers
|upkeep
|turn|66
|
|t:|1727807768
|move|p2a: Flygon|Hidden Power|p1a: Skarmory
|-damage|p1a: Skarmory|24/100
|move|p1a: Skarmory|Drill Peck|p2a: Flygon
|-damage|p2a: Flygon|12/100
|
|-weather|Sandstorm|[upkeep]
|-heal|p2a: Flygon|18/100|[from] item: Leftovers
|-heal|p1a: Skarmory|30/100|[from] item: Leftovers
|upkeep
|turn|67
|c|☆marsandback|ggs
|c|☆The_App15|gg
|
|t:|1727807777
|move|p2a: Flygon|Hidden Power|p1a: Skarmory
|-damage|p1a: Skarmory|18/100
|move|p1a: Skarmory|Drill Peck|p2a: Flygon
|-damage|p2a: Flygon|0 fnt
|faint|p2a: Flygon
|
|t:|1727807779
|switch|p2a: Zapdos|Zapdos|54/100 slp
|
|-weather|Sandstorm|[upkeep]
|-damage|p2a: Zapdos|48/100 slp|[from] Sandstorm
|-heal|p2a: Zapdos|54/100 slp|[from] item: Leftovers
|-heal|p1a: Skarmory|24/100|[from] item: Leftovers
|upkeep
|turn|68
|
|t:|1727807782
|move|p1a: Skarmory|Protect|p1a: Skarmory
|-singleturn|p1a: Skarmory|Protect
|cant|p2a: Zapdos|slp
|
|-weather|Sandstorm|[upkeep]
|-damage|p2a: Zapdos|48/100 slp|[from] Sandstorm
|-heal|p2a: Zapdos|54/100 slp|[from] item: Leftovers
|-heal|p1a: Skarmory|30/100|[from] item: Leftovers
|upkeep
|turn|69
|
|t:|1727807792
|cant|p2a: Zapdos|slp
|move|p1a: Skarmory|Drill Peck|p2a: Zapdos
|-resisted|p2a: Zapdos
|-damage|p2a: Zapdos|43/100 slp
|
|-weather|Sandstorm|[upkeep]
|-damage|p2a: Zapdos|37/100 slp|[from] Sandstorm
|-heal|p2a: Zapdos|43/100 slp|[from] item: Leftovers
|-heal|p1a: Skarmory|36/100|[from] item: Leftovers
|upkeep
|turn|70
|
|t:|1727807794
|-curestatus|p2a: Zapdos|slp|[msg]
|move|p2a: Zapdos|Thunderbolt|p1a: Skarmory
|-supereffective|p1a: Skarmory
|-damage|p1a: Skarmory|0 fnt
|faint|p1a: Skarmory
|
|win|marsandback
|c|☆marsandback|/log marsandback made the replay of this battle unlisted.

</script>
<script type="application/json" class="data" id="replaydata-smogtours-gen3ou-793795">
{"id":"smogtours-gen3ou-793795","format":"[Gen 3] OU","players":["The_App15","marsandback"],"uploadtime":1727807794,"views":213,"formatid":"gen3ou","rating":null,"private":1,"password":null}
</script>

<script defer src="js/replays.js?9d40a366"></script>
