<!DOCTYPE html>
<meta charset="utf-8" />
<meta name="viewport" content="width=device-width" />

<title>[Gen 3] OU: nicole7735 vs. b1urry - Replays - Pok&eacute;mon Showdown!</title>

<meta name="description" content="Watch a replay of a Pok&eacute;mon battle between nicole7735 and b1urry! Format: [Gen 3] OU; Date: Oct 25, 2024" />
<!--

Hey, you! Looking in the source for the replay log?

You can find them in JSON format, just add `.json` at the end of a replay URL.

https://replay.pokemonshowdown.com/gen7randomdoublesbattle-865046831.json

Or, if you only need the log itself, add `.log` instead:

https://replay.pokemonshowdown.com/gen7randomdoublesbattle-865046831.log

-->

<link rel="stylesheet" href="//pokemonshowdown.com/style/global.css?0.767286132409787" />
<link rel="stylesheet" href="//play.pokemonshowdown.com/style/font-awesome.css?0.9266228007934947" />
<link rel="stylesheet" href="//play.pokemonshowdown.com/style/battle.css?0.7924700842790926" />
<link rel="stylesheet" href="//play.pokemonshowdown.com/style/utilichart.css?0.8777417872839479" />

<!-- Global site tag (gtag.js) - Google Analytics -->
<script async src="https://www.googletagmanager.com/gtag/js?id=UA-26211653-1"></script>
<script>
  window.dataLayer = window.dataLayer || [];
  function gtag(){dataLayer.push(arguments);}
  gtag('js', new Date());

  gtag('config', 'UA-26211653-1');
</script>
<!-- End Google Analytics -->
<!-- Venatus Ad Manager - Install in <HEAD> of page -->
	<script src="https://hb.vntsm.com/v3/live/ad-manager.min.js" type="text/javascript" data-site-id="642aba63ec9a7b11c3c9c1be" data-mode="scan" async></script>
<!-- / Venatus Ad Manager -->

<style>
	@media (max-width:820px) {
		.battle {
			margin: 0 auto;
		}
		.battle-log {
			margin: 7px auto 0;
			max-width: 640px;
			height: 300px;
			position: static;
		}
	}
	.optgroup {
		display: inline-block;
		line-height: 22px;
		font-size: 10pt;
	}
	.optgroup .button {
		height: 25px;
		padding-top: 0;
		padding-bottom: 0;
	}
	.optgroup button.button {
		padding-left: 12px;
		padding-right: 12px;
	}
	.linklist {
		list-style: none;
		margin: 0.5em 0;
		padding: 0;
	}
	.linklist li {
		padding: 2px 0;
	}
	.sidebar {
		float: left;
		width: 320px;
	}
	.bar-wrapper {
		max-width: 1100px;
		margin: 0 auto;
	}
	.bar-wrapper.has-sidebar {
		max-width: 1430px;
	}
	.mainbar {
		margin: 0;
		padding-right: 1px;
	}
	.mainbar.has-sidebar {
		margin-left: 330px;
	}
	@media (min-width: 1511px) {
		.sidebar {
			width: 400px;
		}
		.bar-wrapper.has-sidebar {
			max-width: 1510px;
		}
		.mainbar.has-sidebar {
			margin-left: 410px;
		}
	}
	.section.first-section {
		margin-top: 9px;
	}
	.blocklink small {
		white-space: normal;
	}
	.button {
		vertical-align: middle;
	}
	.replay-controls {
		padding-top: 10px;
	}
	.replay-controls h1 {
		font-size: 16pt;
		font-weight: normal;
		color: #CCC;
	}
	.pagelink {
		text-align: center;
	}
	.pagelink a {
		width: 150px;
	}
	.textbox, .button {
		font-size: 11pt;
		vertical-align: middle;
	}
	@media (max-width: 450px) {
		.button {
			font-size: 9pt;
		}
	}
</style>

<div>

	<header>
		<div class="nav-wrapper"><ul class="nav">
			<li><a class="button nav-first" href="//pokemonshowdown.com/"><img src="//pokemonshowdown.com/images/pokemonshowdownbeta.png" srcset="//pokemonshowdown.com/images/pokemonshowdownbeta.png 1x, //pokemonshowdown.com/images/pokemonshowdownbeta@2x.png 2x" alt="Pok&eacute;mon Showdown" width="146" height="44" /> Home</a></li>
			<li><a class="button" href="//pokemonshowdown.com/dex/">Pok&eacute;dex</a></li>
			<li><a class="button cur" href="/">Replays</a></li>
			<li><a class="button" href="//pokemonshowdown.com/ladder/">Ladder</a></li>
			<li><a class="button nav-last" href="//pokemonshowdown.com/forums/">Forum</a></li>
			<li><a class="button greenbutton nav-first nav-last" href="//play.pokemonshowdown.com/">Play</a></li>
		</ul></div>
	</header>

	<div class="main" id="main">

		<noscript><section class="section">You need to enable JavaScript to use this page; sorry!</section></noscript>

	</div>

</div>

<script defer nomodule src="//play.pokemonshowdown.com/js/lib/ps-polyfill.js"></script>
<script defer src="//play.pokemonshowdown.com/js/lib/preact.min.js"></script>

<script defer src="//play.pokemonshowdown.com/config/config.js?6dec07f6"></script>
<script defer src="//play.pokemonshowdown.com/js/lib/jquery-1.11.0.min.js"></script>
<script defer src="//play.pokemonshowdown.com/js/lib/html-sanitizer-minified.js"></script>
<script defer src="//play.pokemonshowdown.com/js/battle-sound.js"></script>
<script defer src="//play.pokemonshowdown.com/js/battledata.js?0.6315294753075389"></script>
<script defer src="//play.pokemonshowdown.com/data/pokedex-mini.js?0.7603743185311358"></script>
<script defer src="//play.pokemonshowdown.com/data/pokedex-mini-bw.js?0.030888842834281283"></script>
<script defer src="//play.pokemonshowdown.com/data/graphics.js?0.05593094747507488"></script>
<script defer src="//play.pokemonshowdown.com/data/pokedex.js?0.47064822249611904"></script>
<script defer src="//play.pokemonshowdown.com/data/moves.js?0.8583693120512459"></script>
<script defer src="//play.pokemonshowdown.com/data/abilities.js?0.16017181182386842"></script>
<script defer src="//play.pokemonshowdown.com/data/items.js?0.4163379185673943"></script>
<script defer src="//play.pokemonshowdown.com/data/teambuilder-tables.js?0.31075597372830477"></script>
<script defer src="//play.pokemonshowdown.com/js/battle-tooltips.js?0.6536193500708172"></script>
<script defer src="//play.pokemonshowdown.com/js/battle.js?0.1916591943277901"></script>

<script defer src="js/utils.js?e31f9a17"></script>
<script defer src="js/replays-battle.js?7008c182"></script>

<!-- don't scrape this data! just add .json or .log after the URL!
Full API docs: https://github.com/smogon/pokemon-showdown-client/blob/master/WEB-API.md -->
<script type="text/plain" class="log" id="replaylog-smogtours-gen3ou-801736">
|inactive|Battle timer is ON: inactive players will automatically lose when time's up.
|t:|1729819691
|gametype|singles
|player|p1|nicole7735|lady-gen4|
|player|p2|b1urry|2|
|teamsize|p1|6
|teamsize|p2|6
|gen|3
|tier|[Gen 3] OU
|rule|Sleep Clause Mod: Limit one foe put to sleep
|rule|Switch Priority Clause Mod: Faster Pokémon switch first
|rule|Species Clause: Limit one of each Pokémon
|rule|OHKO Clause: OHKO moves are banned
|rule|Evasion Items Clause: Evasion items are banned
|rule|Evasion Moves Clause: Evasion moves are banned
|rule|Endless Battle Clause: Forcing endless battles is banned
|rule|HP Percentage Mod: HP is shown in percentages
|rule|One Boost Passer Clause: Limit one Baton Passer that has a way to boost its stats
|rule|Freeze Clause Mod: Limit one foe frozen
|
|t:|1729819691
|start
|switch|p1a: Tyranitar|Tyranitar, F|100/100
|switch|p2a: Salamence|Salamence, F|100/100
|-ability|p2a: Salamence|Intimidate|boost
|-unboost|p1a: Tyranitar|atk|1
|-weather|Sandstorm|[from] ability: Sand Stream|[of] p1a: Tyranitar
|turn|1
|c|☆nicole7735|hf
|
|t:|1729819702
|switch|p1a: Skarmory|Skarmory, F|100/100
|move|p2a: Salamence|Rock Slide|p1a: Skarmory
|-damage|p1a: Skarmory|76/100
|
|-weather|Sandstorm|[upkeep]
|-damage|p2a: Salamence|94/100|[from] Sandstorm
|-heal|p2a: Salamence|100/100|[from] item: Leftovers
|-heal|p1a: Skarmory|82/100|[from] item: Leftovers
|upkeep
|turn|2
|
|t:|1729819709
|switch|p2a: Magneton|Magneton|100/100
|move|p1a: Skarmory|Protect||[still]
|-fail|p1a: Skarmory
|
|-weather|Sandstorm|[upkeep]
|-heal|p1a: Skarmory|88/100|[from] item: Leftovers
|upkeep
|turn|3
|
|t:|1729819713
|move|p2a: Magneton|Thunderbolt|p1a: Skarmory
|-supereffective|p1a: Skarmory
|-damage|p1a: Skarmory|0 fnt
|faint|p1a: Skarmory
|
|t:|1729819720
|switch|p1a: Tyranitar|Tyranitar, F|100/100
|
|-weather|Sandstorm|[upkeep]
|upkeep
|turn|4
|
|t:|1729819727
|move|p2a: Magneton|Reflect|p2a: Magneton
|-sidestart|p2: b1urry|Reflect
|move|p1a: Tyranitar|Ice Beam|p2a: Magneton
|-resisted|p2a: Magneton
|-damage|p2a: Magneton|77/100
|
|-weather|Sandstorm|[upkeep]
|upkeep
|turn|5
|
|t:|1729819731
|move|p2a: Magneton|Toxic|p1a: Tyranitar
|-status|p1a: Tyranitar|tox
|-enditem|p1a: Tyranitar|Lum Berry|[eat]
|-curestatus|p1a: Tyranitar|tox|[msg]
|move|p1a: Tyranitar|Fire Blast|p2a: Magneton
|-supereffective|p2a: Magneton
|-damage|p2a: Magneton|0 fnt
|faint|p2a: Magneton
|
|t:|1729819738
|switch|p2a: Milotic|Milotic, F|100/100
|
|-weather|Sandstorm|[upkeep]
|-damage|p2a: Milotic|94/100|[from] Sandstorm
|-heal|p2a: Milotic|100/100|[from] item: Leftovers
|upkeep
|turn|6
|
|t:|1729819741
|switch|p1a: Celebi|Celebi|100/100
|move|p2a: Milotic|Toxic|p1a: Celebi
|-status|p1a: Celebi|tox
|
|-weather|Sandstorm|[upkeep]
|-damage|p1a: Celebi|94/100 tox|[from] Sandstorm
|-damage|p2a: Milotic|94/100|[from] Sandstorm
|-heal|p1a: Celebi|100/100 tox|[from] item: Leftovers
|-damage|p1a: Celebi|94/100 tox|[from] psn
|-heal|p2a: Milotic|100/100|[from] item: Leftovers
|upkeep
|turn|7
|
|t:|1729819746
|move|p1a: Celebi|Calm Mind|p1a: Celebi
|-boost|p1a: Celebi|spa|1
|-boost|p1a: Celebi|spd|1
|move|p2a: Milotic|Ice Beam|p1a: Celebi
|-supereffective|p1a: Celebi
|-damage|p1a: Celebi|63/100 tox
|
|-weather|Sandstorm|[upkeep]
|-damage|p1a: Celebi|57/100 tox|[from] Sandstorm
|-damage|p2a: Milotic|94/100|[from] Sandstorm
|-heal|p1a: Celebi|63/100 tox|[from] item: Leftovers
|-damage|p1a: Celebi|51/100 tox|[from] psn
|-heal|p2a: Milotic|100/100|[from] item: Leftovers
|upkeep
|turn|8
|
|t:|1729819757
|move|p1a: Celebi|Psychic|p2a: Milotic
|-damage|p2a: Milotic|68/100
|move|p2a: Milotic|Ice Beam|p1a: Celebi
|-supereffective|p1a: Celebi
|-damage|p1a: Celebi|23/100 tox
|
|-sideend|p2: b1urry|Reflect
|-weather|Sandstorm|[upkeep]
|-damage|p1a: Celebi|17/100 tox|[from] Sandstorm
|-damage|p2a: Milotic|61/100|[from] Sandstorm
|-heal|p1a: Celebi|23/100 tox|[from] item: Leftovers
|-damage|p1a: Celebi|4/100 tox|[from] psn
|-heal|p2a: Milotic|68/100|[from] item: Leftovers
|upkeep
|turn|9
|
|t:|1729819766
|move|p1a: Celebi|Giga Drain|p2a: Milotic
|-supereffective|p2a: Milotic
|-damage|p2a: Milotic|23/100
|-heal|p1a: Celebi|30/100 tox|[from] drain|[of] p2a: Milotic
|move|p2a: Milotic|Ice Beam|p1a: Celebi
|-supereffective|p1a: Celebi
|-damage|p1a: Celebi|2/100 tox
|
|-weather|Sandstorm|[upkeep]
|-damage|p1a: Celebi|0 fnt|[from] Sandstorm
|-damage|p2a: Milotic|17/100|[from] Sandstorm
|faint|p1a: Celebi
|-heal|p2a: Milotic|23/100|[from] item: Leftovers
|upkeep
|
|t:|1729819775
|switch|p1a: Gengar|Gengar, M|100/100
|turn|10
|
|t:|1729819789
|switch|p2a: Metagross|Metagross|100/100
|move|p1a: Gengar|Hidden Power|p2a: Metagross
|-resisted|p2a: Metagross
|-damage|p2a: Metagross|90/100
|
|-weather|Sandstorm|[upkeep]
|-damage|p1a: Gengar|95/100|[from] Sandstorm
|-heal|p1a: Gengar|100/100|[from] item: Leftovers
|upkeep
|turn|11
|
|t:|1729819796
|switch|p1a: Swampert|Swampert, M|100/100
|move|p2a: Metagross|Meteor Mash|p1a: Swampert
|-resisted|p1a: Swampert
|-damage|p1a: Swampert|64/100
|
|-weather|Sandstorm|[upkeep]
|-heal|p1a: Swampert|70/100|[from] item: Leftovers
|upkeep
|turn|12
|
|t:|1729819804
|switch|p2a: Snorlax|Snorlax, F|100/100
|move|p1a: Swampert|Earthquake|p2a: Snorlax
|-damage|p2a: Snorlax|65/100
|
|-weather|Sandstorm|[upkeep]
|-damage|p2a: Snorlax|59/100|[from] Sandstorm
|-heal|p1a: Swampert|76/100|[from] item: Leftovers
|-heal|p2a: Snorlax|65/100|[from] item: Leftovers
|upkeep
|turn|13
|
|t:|1729819830
|switch|p2a: Salamence|Salamence, F|100/100
|-ability|p2a: Salamence|Intimidate|boost
|-unboost|p1a: Swampert|atk|1
|move|p1a: Swampert|Earthquake|p2a: Salamence
|-immune|p2a: Salamence
|
|-weather|Sandstorm|[upkeep]
|-damage|p2a: Salamence|94/100|[from] Sandstorm
|-heal|p2a: Salamence|100/100|[from] item: Leftovers
|-heal|p1a: Swampert|83/100|[from] item: Leftovers
|upkeep
|turn|14
|
|t:|1729819844
|switch|p2a: Milotic|Milotic, F|23/100
|move|p1a: Swampert|Earthquake|p2a: Milotic
|-damage|p2a: Milotic|0 fnt
|faint|p2a: Milotic
|
|t:|1729819856
|switch|p2a: Claydol|Claydol|100/100
|
|-weather|Sandstorm|[upkeep]
|-heal|p1a: Swampert|89/100|[from] item: Leftovers
|upkeep
|turn|15
|
|t:|1729819871
|move|p1a: Swampert|Protect|p1a: Swampert
|-singleturn|p1a: Swampert|Protect
|move|p2a: Claydol|Psychic|p1a: Swampert
|-activate|p1a: Swampert|Protect
|
|-weather|Sandstorm|[upkeep]
|-heal|p1a: Swampert|95/100|[from] item: Leftovers
|upkeep
|turn|16
|
|t:|1729819878
|move|p2a: Claydol|Earthquake|p1a: Swampert
|-damage|p1a: Swampert|66/100
|move|p1a: Swampert|Hydro Pump|p2a: Claydol
|-supereffective|p2a: Claydol
|-damage|p2a: Claydol|18/100
|
|-weather|Sandstorm|[upkeep]
|-heal|p2a: Claydol|24/100|[from] item: Leftovers
|-heal|p1a: Swampert|72/100|[from] item: Leftovers
|upkeep
|turn|17
|
|t:|1729819886
|switch|p2a: Snorlax|Snorlax, F|65/100
|move|p1a: Swampert|Protect||[still]
|-fail|p1a: Swampert
|
|-weather|Sandstorm|[upkeep]
|-damage|p2a: Snorlax|59/100|[from] Sandstorm
|-heal|p1a: Swampert|79/100|[from] item: Leftovers
|-heal|p2a: Snorlax|65/100|[from] item: Leftovers
|upkeep
|turn|18
|inactive|nicole7735 has 270 seconds left.
|
|t:|1729819921
|switch|p1a: Gengar|Gengar, M|100/100
|move|p2a: Snorlax|Body Slam|p1a: Gengar
|-immune|p1a: Gengar
|
|-weather|Sandstorm|[upkeep]
|-damage|p1a: Gengar|95/100|[from] Sandstorm
|-damage|p2a: Snorlax|59/100|[from] Sandstorm
|-heal|p1a: Gengar|100/100|[from] item: Leftovers
|-heal|p2a: Snorlax|65/100|[from] item: Leftovers
|upkeep
|turn|19
|inactive|nicole7735 has 270 seconds left.
|
|t:|1729819934
|switch|p1a: Aerodactyl|Aerodactyl, M|100/100
|switch|p2a: Metagross|Metagross|90/100
|
|-weather|Sandstorm|[upkeep]
|upkeep
|turn|20
|inactive|nicole7735 has 270 seconds left.
|
|t:|1729819949
|move|p1a: Aerodactyl|Earthquake|p2a: Metagross
|-supereffective|p2a: Metagross
|-damage|p2a: Metagross|18/100
|move|p2a: Metagross|Meteor Mash|p1a: Aerodactyl
|-supereffective|p1a: Aerodactyl
|-damage|p1a: Aerodactyl|0 fnt
|faint|p1a: Aerodactyl
|
|t:|1729819951
|switch|p1a: Gengar|Gengar, M|100/100
|
|-weather|Sandstorm|[upkeep]
|-damage|p1a: Gengar|95/100|[from] Sandstorm
|-heal|p1a: Gengar|100/100|[from] item: Leftovers
|upkeep
|turn|21
|
|t:|1729819956
|switch|p2a: Snorlax|Snorlax, F|65/100
|move|p1a: Gengar|Fire Punch|p2a: Snorlax
|-damage|p2a: Snorlax|53/100
|
|-weather|Sandstorm|[upkeep]
|-damage|p1a: Gengar|95/100|[from] Sandstorm
|-damage|p2a: Snorlax|47/100|[from] Sandstorm
|-heal|p1a: Gengar|100/100|[from] item: Leftovers
|-heal|p2a: Snorlax|53/100|[from] item: Leftovers
|upkeep
|turn|22
|
|t:|1729819985
|switch|p1a: Tyranitar|Tyranitar, F|100/100
|move|p2a: Snorlax|Rest|p2a: Snorlax
|-status|p2a: Snorlax|slp|[from] move: Rest
|-heal|p2a: Snorlax|100/100 slp|[silent]
|
|-weather|Sandstorm|[upkeep]
|-damage|p2a: Snorlax|94/100 slp|[from] Sandstorm
|-heal|p2a: Snorlax|100/100 slp|[from] item: Leftovers
|upkeep
|turn|23
|
|t:|1729819994
|switch|p2a: Claydol|Claydol|24/100
|move|p1a: Tyranitar|Brick Break|p2a: Claydol
|-resisted|p2a: Claydol
|-damage|p2a: Claydol|12/100
|
|-weather|Sandstorm|[upkeep]
|-heal|p2a: Claydol|18/100|[from] item: Leftovers
|upkeep
|turn|24
|
|t:|1729820007
|switch|p1a: Gengar|Gengar, M|100/100
|move|p2a: Claydol|Psychic|p1a: Gengar
|-supereffective|p1a: Gengar
|-damage|p1a: Gengar|45/100
|
|-weather|Sandstorm|[upkeep]
|-damage|p1a: Gengar|39/100|[from] Sandstorm
|-heal|p1a: Gengar|45/100|[from] item: Leftovers
|-heal|p2a: Claydol|25/100|[from] item: Leftovers
|upkeep
|turn|25
|
|t:|1729820013
|switch|p1a: Tyranitar|Tyranitar, F|100/100
|switch|p2a: Snorlax|Snorlax, F|100/100 slp
|
|-weather|Sandstorm|[upkeep]
|-damage|p2a: Snorlax|94/100 slp|[from] Sandstorm
|-heal|p2a: Snorlax|100/100 slp|[from] item: Leftovers
|upkeep
|turn|26
|
|t:|1729820025
|move|p1a: Tyranitar|Brick Break|p2a: Snorlax
|-supereffective|p2a: Snorlax
|-damage|p2a: Snorlax|57/100 slp
|cant|p2a: Snorlax|slp
|
|-weather|Sandstorm|[upkeep]
|-damage|p2a: Snorlax|51/100 slp|[from] Sandstorm
|-heal|p2a: Snorlax|57/100 slp|[from] item: Leftovers
|upkeep
|turn|27
|
|t:|1729820031
|switch|p2a: Claydol|Claydol|25/100
|move|p1a: Tyranitar|Ice Beam|p2a: Claydol
|-supereffective|p2a: Claydol
|-crit|p2a: Claydol
|-damage|p2a: Claydol|0 fnt
|faint|p2a: Claydol
|
|t:|1729820036
|switch|p2a: Salamence|Salamence, F|100/100
|-ability|p2a: Salamence|Intimidate|boost
|-unboost|p1a: Tyranitar|atk|1
|
|-weather|Sandstorm|[upkeep]
|-damage|p2a: Salamence|94/100|[from] Sandstorm
|-heal|p2a: Salamence|100/100|[from] item: Leftovers
|upkeep
|turn|28
|
|t:|1729820053
|switch|p1a: Swampert|Swampert, M|79/100
|move|p2a: Salamence|Earthquake|p1a: Swampert
|-damage|p1a: Swampert|48/100
|
|-weather|Sandstorm|[upkeep]
|-damage|p2a: Salamence|94/100|[from] Sandstorm
|-heal|p2a: Salamence|100/100|[from] item: Leftovers
|-heal|p1a: Swampert|54/100|[from] item: Leftovers
|upkeep
|turn|29
|
|t:|1729820060
|switch|p2a: Snorlax|Snorlax, F|57/100 slp
|move|p1a: Swampert|Ice Beam|p2a: Snorlax
|-damage|p2a: Snorlax|45/100 slp
|
|-weather|Sandstorm|[upkeep]
|-damage|p2a: Snorlax|39/100 slp|[from] Sandstorm
|-heal|p1a: Swampert|60/100|[from] item: Leftovers
|-heal|p2a: Snorlax|45/100 slp|[from] item: Leftovers
|upkeep
|turn|30
|
|t:|1729820065
|move|p1a: Swampert|Earthquake|p2a: Snorlax
|-damage|p2a: Snorlax|12/100 slp
|cant|p2a: Snorlax|slp
|move|p2a: Snorlax|Sleep Talk|p2a: Snorlax
|move|p2a: Snorlax|Curse|p2a: Snorlax|[from]Sleep Talk
|-unboost|p2a: Snorlax|spe|1
|-boost|p2a: Snorlax|atk|1
|-boost|p2a: Snorlax|def|1
|
|-weather|Sandstorm|[upkeep]
|-damage|p2a: Snorlax|6/100 slp|[from] Sandstorm
|-heal|p1a: Swampert|67/100|[from] item: Leftovers
|-heal|p2a: Snorlax|12/100 slp|[from] item: Leftovers
|upkeep
|turn|31
|
|t:|1729820071
|move|p1a: Swampert|Earthquake|p2a: Snorlax
|-damage|p2a: Snorlax|0 fnt
|faint|p2a: Snorlax
|
|t:|1729820075
|switch|p2a: Metagross|Metagross|18/100
|
|-weather|Sandstorm|[upkeep]
|-heal|p1a: Swampert|73/100|[from] item: Leftovers
|upkeep
|turn|32
|
|t:|1729820078
|move|p1a: Swampert|Protect|p1a: Swampert
|-singleturn|p1a: Swampert|Protect
|move|p2a: Metagross|Meteor Mash|p1a: Swampert
|-activate|p1a: Swampert|Protect
|
|-weather|Sandstorm|[upkeep]
|-heal|p1a: Swampert|79/100|[from] item: Leftovers
|upkeep
|turn|33
|
|t:|1729820081
|move|p2a: Metagross|Meteor Mash|p1a: Swampert|[miss]
|-miss|p2a: Metagross|p1a: Swampert
|move|p1a: Swampert|Earthquake|p2a: Metagross
|-supereffective|p2a: Metagross
|-damage|p2a: Metagross|0 fnt
|faint|p2a: Metagross
|
|t:|1729820084
|switch|p2a: Salamence|Salamence, F|100/100
|-ability|p2a: Salamence|Intimidate|boost
|-unboost|p1a: Swampert|atk|1
|
|-weather|Sandstorm|[upkeep]
|-damage|p2a: Salamence|94/100|[from] Sandstorm
|-heal|p2a: Salamence|100/100|[from] item: Leftovers
|-heal|p1a: Swampert|85/100|[from] item: Leftovers
|upkeep
|turn|34
|
|t:|1729820086
|move|p2a: Salamence|Dragon Dance|p2a: Salamence
|-boost|p2a: Salamence|atk|1
|-boost|p2a: Salamence|spe|1
|move|p1a: Swampert|Ice Beam|p2a: Salamence
|-supereffective|p2a: Salamence
|-damage|p2a: Salamence|0 fnt
|faint|p2a: Salamence
|
|win|nicole7735
|c|☆nicole7735|gg
|c|☆b1urry|gg

</script>
<script type="application/json" class="data" id="replaydata-smogtours-gen3ou-801736">
{"id":"smogtours-gen3ou-801736","format":"[Gen 3] OU","players":["nicole7735","b1urry"],"uploadtime":1729820086,"views":116,"formatid":"gen3ou","rating":null,"private":0,"password":null}
</script>

<script defer src="js/replays.js?9d40a366"></script>
