<!DOCTYPE html>
<meta charset="utf-8" />
<meta name="viewport" content="width=device-width" />

<title>[Gen 3] OU: leoperi99 vs. DiegoIn - Replays - Pok&eacute;mon Showdown!</title>

<meta name="description" content="Watch a replay of a Pok&eacute;mon battle between leoperi99 and DiegoIn! Format: [Gen 3] OU; Date: Oct 26, 2024" />
<!--

Hey, you! Looking in the source for the replay log?

You can find them in JSON format, just add `.json` at the end of a replay URL.

https://replay.pokemonshowdown.com/gen7randomdoublesbattle-865046831.json

Or, if you only need the log itself, add `.log` instead:

https://replay.pokemonshowdown.com/gen7randomdoublesbattle-865046831.log

-->

<link rel="stylesheet" href="//pokemonshowdown.com/style/global.css?0.023195364461161105" />
<link rel="stylesheet" href="//play.pokemonshowdown.com/style/font-awesome.css?0.13261647063804238" />
<link rel="stylesheet" href="//play.pokemonshowdown.com/style/battle.css?0.8753245789963631" />
<link rel="stylesheet" href="//play.pokemonshowdown.com/style/utilichart.css?0.8627959624976733" />

<!-- Global site tag (gtag.js) - Google Analytics -->
<script async src="https://www.googletagmanager.com/gtag/js?id=UA-26211653-1"></script>
<script>
  window.dataLayer = window.dataLayer || [];
  function gtag(){dataLayer.push(arguments);}
  gtag('js', new Date());

  gtag('config', 'UA-26211653-1');
</script>
<!-- End Google Analytics -->
<!-- Venatus Ad Manager - Install in <HEAD> of page -->
	<script src="https://hb.vntsm.com/v3/live/ad-manager.min.js" type="text/javascript" data-site-id="642aba63ec9a7b11c3c9c1be" data-mode="scan" async></script>
<!-- / Venatus Ad Manager -->

<style>
	@media (max-width:820px) {
		.battle {
			margin: 0 auto;
		}
		.battle-log {
			margin: 7px auto 0;
			max-width: 640px;
			height: 300px;
			position: static;
		}
	}
	.optgroup {
		display: inline-block;
		line-height: 22px;
		font-size: 10pt;
	}
	.optgroup .button {
		height: 25px;
		padding-top: 0;
		padding-bottom: 0;
	}
	.optgroup button.button {
		padding-left: 12px;
		padding-right: 12px;
	}
	.linklist {
		list-style: none;
		margin: 0.5em 0;
		padding: 0;
	}
	.linklist li {
		padding: 2px 0;
	}
	.sidebar {
		float: left;
		width: 320px;
	}
	.bar-wrapper {
		max-width: 1100px;
		margin: 0 auto;
	}
	.bar-wrapper.has-sidebar {
		max-width: 1430px;
	}
	.mainbar {
		margin: 0;
		padding-right: 1px;
	}
	.mainbar.has-sidebar {
		margin-left: 330px;
	}
	@media (min-width: 1511px) {
		.sidebar {
			width: 400px;
		}
		.bar-wrapper.has-sidebar {
			max-width: 1510px;
		}
		.mainbar.has-sidebar {
			margin-left: 410px;
		}
	}
	.section.first-section {
		margin-top: 9px;
	}
	.blocklink small {
		white-space: normal;
	}
	.button {
		vertical-align: middle;
	}
	.replay-controls {
		padding-top: 10px;
	}
	.replay-controls h1 {
		font-size: 16pt;
		font-weight: normal;
		color: #CCC;
	}
	.pagelink {
		text-align: center;
	}
	.pagelink a {
		width: 150px;
	}
	.textbox, .button {
		font-size: 11pt;
		vertical-align: middle;
	}
	@media (max-width: 450px) {
		.button {
			font-size: 9pt;
		}
	}
</style>

<div>

	<header>
		<div class="nav-wrapper"><ul class="nav">
			<li><a class="button nav-first" href="//pokemonshowdown.com/"><img src="//pokemonshowdown.com/images/pokemonshowdownbeta.png" srcset="//pokemonshowdown.com/images/pokemonshowdownbeta.png 1x, //pokemonshowdown.com/images/pokemonshowdownbeta@2x.png 2x" alt="Pok&eacute;mon Showdown" width="146" height="44" /> Home</a></li>
			<li><a class="button" href="//pokemonshowdown.com/dex/">Pok&eacute;dex</a></li>
			<li><a class="button cur" href="/">Replays</a></li>
			<li><a class="button" href="//pokemonshowdown.com/ladder/">Ladder</a></li>
			<li><a class="button nav-last" href="//pokemonshowdown.com/forums/">Forum</a></li>
			<li><a class="button greenbutton nav-first nav-last" href="//play.pokemonshowdown.com/">Play</a></li>
		</ul></div>
	</header>

	<div class="main" id="main">

		<noscript><section class="section">You need to enable JavaScript to use this page; sorry!</section></noscript>

	</div>

</div>

<script defer nomodule src="//play.pokemonshowdown.com/js/lib/ps-polyfill.js"></script>
<script defer src="//play.pokemonshowdown.com/js/lib/preact.min.js"></script>

<script defer src="//play.pokemonshowdown.com/config/config.js?2bddbc15"></script>
<script defer src="//play.pokemonshowdown.com/js/lib/jquery-1.11.0.min.js"></script>
<script defer src="//play.pokemonshowdown.com/js/lib/html-sanitizer-minified.js"></script>
<script defer src="//play.pokemonshowdown.com/js/battle-sound.js"></script>
<script defer src="//play.pokemonshowdown.com/js/battledata.js?0.7209276989879541"></script>
<script defer src="//play.pokemonshowdown.com/data/pokedex-mini.js?0.6111056340867951"></script>
<script defer src="//play.pokemonshowdown.com/data/pokedex-mini-bw.js?0.3532142036491459"></script>
<script defer src="//play.pokemonshowdown.com/data/graphics.js?0.24223875632456182"></script>
<script defer src="//play.pokemonshowdown.com/data/pokedex.js?0.38839984266356864"></script>
<script defer src="//play.pokemonshowdown.com/data/moves.js?0.21866028504024015"></script>
<script defer src="//play.pokemonshowdown.com/data/abilities.js?0.2005157953846628"></script>
<script defer src="//play.pokemonshowdown.com/data/items.js?0.9894211263848525"></script>
<script defer src="//play.pokemonshowdown.com/data/teambuilder-tables.js?0.6008791140282215"></script>
<script defer src="//play.pokemonshowdown.com/js/battle-tooltips.js?0.7580118955022959"></script>
<script defer src="//play.pokemonshowdown.com/js/battle.js?0.6057722274234274"></script>

<script defer src="js/utils.js?e31f9a17"></script>
<script defer src="js/replays-battle.js?7008c182"></script>

<!-- don't scrape this data! just add .json or .log after the URL!
Full API docs: https://github.com/smogon/pokemon-showdown-client/blob/master/WEB-API.md -->
<script type="text/plain" class="log" id="replaylog-smogtours-gen3ou-802010">
|inactive|Battle timer is ON: inactive players will automatically lose when time's up.
|t:|1729902607
|gametype|singles
|player|p1|leoperi99|hala|
|player|p2|DiegoIn|ethan|
|teamsize|p1|6
|teamsize|p2|6
|gen|3
|tier|[Gen 3] OU
|rule|Sleep Clause Mod: Limit one foe put to sleep
|rule|Switch Priority Clause Mod: Faster Pokémon switch first
|rule|Species Clause: Limit one of each Pokémon
|rule|OHKO Clause: OHKO moves are banned
|rule|Evasion Items Clause: Evasion items are banned
|rule|Evasion Moves Clause: Evasion moves are banned
|rule|Endless Battle Clause: Forcing endless battles is banned
|rule|HP Percentage Mod: HP is shown in percentages
|rule|One Boost Passer Clause: Limit one Baton Passer that has a way to boost its stats
|rule|Freeze Clause Mod: Limit one foe frozen
|
|t:|1729902607
|start
|switch|p1a: Medicham Kicks|Medicham, M, shiny|100/100
|switch|p2a: Zapdos|Zapdos|100/100
|turn|1
|c|☆leoperi99|hf
|
|t:|1729902619
|switch|p1a: Claydol|Claydol|100/100
|move|p2a: Zapdos|Substitute|p2a: Zapdos
|-start|p2a: Zapdos|Substitute
|-damage|p2a: Zapdos|76/100
|
|-heal|p2a: Zapdos|82/100|[from] item: Leftovers
|upkeep
|turn|2
|
|t:|1729902632
|switch|p1a: Snorlax|Snorlax, F, shiny|100/100
|move|p2a: Zapdos|Hidden Power|p1a: Snorlax
|-damage|p1a: Snorlax|85/100
|
|-heal|p2a: Zapdos|88/100|[from] item: Leftovers
|-heal|p1a: Snorlax|91/100|[from] item: Leftovers
|upkeep
|turn|3
|
|t:|1729902636
|-singleturn|p1a: Snorlax|move: Focus Punch
|move|p2a: Zapdos|Baton Pass|p2a: Zapdos
|
|t:|1729902647
|switch|p2a: PANDORA|Breloom, F|100/100|[from] Baton Pass
|move|p1a: Snorlax|Focus Punch|p2a: PANDORA
|-end|p2a: PANDORA|Substitute
|
|-heal|p1a: Snorlax|97/100|[from] item: Leftovers
|upkeep
|turn|4
|
|t:|1729902659
|switch|p1a: Medicham Kicks|Medicham, M, shiny|100/100
|move|p2a: PANDORA|Spore|p1a: Medicham Kicks
|-status|p1a: Medicham Kicks|slp|[from] move: Spore
|-enditem|p1a: Medicham Kicks|Lum Berry|[eat]
|-curestatus|p1a: Medicham Kicks|slp|[msg]
|
|upkeep
|turn|5
|
|t:|1729902671
|switch|p2a: EVAN|Salamence, F|100/100
|-ability|p2a: EVAN|Intimidate|boost
|-unboost|p1a: Medicham Kicks|atk|1
|move|p1a: Medicham Kicks|Brick Break|p2a: EVAN
|-resisted|p2a: EVAN
|-damage|p2a: EVAN|80/100
|
|upkeep
|turn|6
|
|t:|1729902682
|switch|p1a: Metagross|Metagross|100/100
|move|p2a: EVAN|Hidden Power|p1a: Metagross
|-resisted|p1a: Metagross
|-damage|p1a: Metagross|85/100
|
|-heal|p1a: Metagross|91/100|[from] item: Leftovers
|upkeep
|turn|7
|
|t:|1729902690
|move|p2a: EVAN|Fire Blast|p1a: Metagross|[miss]
|-miss|p2a: EVAN|p1a: Metagross
|move|p1a: Metagross|Rock Slide|p2a: EVAN
|-supereffective|p2a: EVAN
|-damage|p2a: EVAN|12/100
|
|-heal|p1a: Metagross|97/100|[from] item: Leftovers
|upkeep
|turn|8
|
|t:|1729902699
|switch|p2a: Suicune|Suicune|100/100
|switch|p1a: Claydol|Claydol|100/100
|
|upkeep
|turn|9
|
|t:|1729902709
|switch|p2a: PANDORA|Breloom, F|100/100
|switch|p1a: Snorlax|Snorlax, F, shiny|97/100
|
|-heal|p1a: Snorlax|100/100|[from] item: Leftovers
|upkeep
|turn|10
|
|t:|1729902720
|switch|p1a: Claydol|Claydol|100/100
|move|p2a: PANDORA|Spore|p1a: Claydol
|-status|p1a: Claydol|slp|[from] move: Spore
|
|upkeep
|turn|11
|
|t:|1729902723
|switch|p1a: Salamence|Salamence, F|100/100
|-ability|p1a: Salamence|Intimidate|boost
|-unboost|p2a: PANDORA|atk|1
|move|p2a: PANDORA|Substitute|p2a: PANDORA
|-start|p2a: PANDORA|Substitute
|-damage|p2a: PANDORA|76/100
|
|-heal|p2a: PANDORA|82/100|[from] item: Leftovers
|upkeep
|turn|12
|
|t:|1729902727
|move|p1a: Salamence|Hidden Power|p2a: PANDORA
|-supereffective|p2a: PANDORA
|-end|p2a: PANDORA|Substitute
|move|p2a: PANDORA|Leech Seed|p1a: Salamence
|-start|p1a: Salamence|move: Leech Seed
|
|-damage|p1a: Salamence|88/100|[from] Leech Seed|[of] p2a: PANDORA
|-heal|p2a: PANDORA|99/100|[silent]
|-heal|p2a: PANDORA|100/100|[from] item: Leftovers
|upkeep
|turn|13
|
|t:|1729902735
|switch|p1a: Suicune|Suicune, shiny|100/100
|switch|p2a: SUMMER|Blissey, F, shiny|100/100
|
|upkeep
|turn|14
|
|t:|1729902741
|switch|p1a: Snorlax|Snorlax, F, shiny|100/100
|move|p2a: SUMMER|Thunder Wave|p1a: Snorlax
|-status|p1a: Snorlax|par
|
|upkeep
|turn|15
|
|t:|1729902751
|switch|p2a: EVAN|Salamence, F|12/100
|-ability|p2a: EVAN|Intimidate|boost
|-unboost|p1a: Snorlax|atk|1
|cant|p1a: Snorlax|par
|
|upkeep
|turn|16
|
|t:|1729902774
|move|p2a: EVAN|Hidden Power|p1a: Snorlax
|-damage|p1a: Snorlax|69/100 par
|cant|p1a: Snorlax|par
|
|-heal|p1a: Snorlax|75/100 par|[from] item: Leftovers
|upkeep
|turn|17
|
|t:|1729902783
|switch|p2a: Suicune|Suicune|100/100
|switch|p1a: Suicune|Suicune, shiny|100/100
|
|upkeep
|turn|18
|
|t:|1729902788
|switch|p1a: Snorlax|Snorlax, F, shiny|75/100 par
|move|p2a: Suicune|Toxic||[still]
|-fail|p2a: Suicune
|
|-heal|p1a: Snorlax|81/100 par|[from] item: Leftovers
|upkeep
|turn|19
|
|t:|1729902801
|switch|p2a: EVAN|Salamence, F|12/100
|-ability|p2a: EVAN|Intimidate|boost
|-unboost|p1a: Snorlax|atk|1
|cant|p1a: Snorlax|par
|
|-heal|p1a: Snorlax|87/100 par|[from] item: Leftovers
|upkeep
|turn|20
|
|t:|1729902810
|switch|p2a: Zapdos|Zapdos|88/100
|switch|p1a: Suicune|Suicune, shiny|100/100
|
|-heal|p2a: Zapdos|94/100|[from] item: Leftovers
|upkeep
|turn|21
|
|t:|1729902816
|switch|p1a: Claydol|Claydol|100/100 slp
|move|p2a: Zapdos|Substitute|p2a: Zapdos
|-start|p2a: Zapdos|Substitute
|-damage|p2a: Zapdos|69/100
|
|-heal|p2a: Zapdos|76/100|[from] item: Leftovers
|upkeep
|turn|22
|
|t:|1729902823
|move|p2a: Zapdos|Baton Pass|p2a: Zapdos
|
|t:|1729902830
|switch|p2a: SUMMER|Blissey, F, shiny|100/100|[from] Baton Pass
|cant|p1a: Claydol|slp
|
|upkeep
|turn|23
|
|t:|1729902838
|switch|p1a: Snorlax|Snorlax, F, shiny|87/100 par
|move|p2a: SUMMER|Seismic Toss|p1a: Snorlax
|-damage|p1a: Snorlax|65/100 par
|
|-heal|p1a: Snorlax|71/100 par|[from] item: Leftovers
|upkeep
|turn|24
|
|t:|1729902841
|move|p1a: Snorlax|Body Slam|p2a: SUMMER
|-end|p2a: SUMMER|Substitute
|move|p2a: SUMMER|Counter|p1a: Snorlax
|
|-heal|p1a: Snorlax|78/100 par|[from] item: Leftovers
|upkeep
|turn|25
|
|t:|1729902851
|-singleturn|p1a: Snorlax|move: Focus Punch
|switch|p2a: EVAN|Salamence, F|12/100
|-ability|p2a: EVAN|Intimidate|boost
|-unboost|p1a: Snorlax|atk|1
|cant|p1a: Snorlax|par
|
|-heal|p1a: Snorlax|84/100 par|[from] item: Leftovers
|upkeep
|turn|26
|
|t:|1729902881
|switch|p2a: Suicune|Suicune|100/100
|switch|p1a: Claydol|Claydol|100/100 slp
|
|upkeep
|turn|27
|
|t:|1729902888
|switch|p1a: Snorlax|Snorlax, F, shiny|84/100 par
|move|p2a: Suicune|Surf|p1a: Snorlax
|-damage|p1a: Snorlax|66/100 par
|
|-heal|p1a: Snorlax|72/100 par|[from] item: Leftovers
|upkeep
|turn|28
|
|t:|1729902891
|move|p2a: Suicune|Surf|p1a: Snorlax
|-damage|p1a: Snorlax|53/100 par
|move|p1a: Snorlax|Body Slam|p2a: Suicune
|-damage|p2a: Suicune|80/100
|
|-heal|p2a: Suicune|86/100|[from] item: Leftovers
|-heal|p1a: Snorlax|59/100 par|[from] item: Leftovers
|upkeep
|turn|29
|
|t:|1729902897
|move|p2a: Suicune|Surf|p1a: Snorlax
|-damage|p1a: Snorlax|41/100 par
|move|p1a: Snorlax|Body Slam|p2a: Suicune
|-crit|p2a: Suicune
|-damage|p2a: Suicune|39/100
|
|-heal|p2a: Suicune|45/100|[from] item: Leftovers
|-heal|p1a: Snorlax|47/100 par|[from] item: Leftovers
|upkeep
|turn|30
|
|t:|1729902907
|switch|p1a: Suicune|Suicune, shiny|100/100
|move|p2a: Suicune|Rest|p2a: Suicune
|-status|p2a: Suicune|slp|[from] move: Rest
|-heal|p2a: Suicune|100/100 slp|[silent]
|
|upkeep
|turn|31
|
|t:|1729902910
|move|p1a: Suicune|Calm Mind|p1a: Suicune
|-boost|p1a: Suicune|spa|1
|-boost|p1a: Suicune|spd|1
|cant|p2a: Suicune|slp
|move|p2a: Suicune|Sleep Talk|p2a: Suicune
|move|p2a: Suicune|Surf|p1a: Suicune|[from]Sleep Talk
|-resisted|p1a: Suicune
|-damage|p1a: Suicune|93/100
|
|-heal|p1a: Suicune|99/100|[from] item: Leftovers
|upkeep
|turn|32
|
|t:|1729902918
|move|p1a: Suicune|Calm Mind|p1a: Suicune
|-boost|p1a: Suicune|spa|1
|-boost|p1a: Suicune|spd|1
|cant|p2a: Suicune|slp
|move|p2a: Suicune|Sleep Talk|p2a: Suicune
|move|p2a: Suicune|Toxic|p1a: Suicune|[from]Sleep Talk
|-status|p1a: Suicune|tox
|
|-heal|p1a: Suicune|100/100 tox|[from] item: Leftovers
|-damage|p1a: Suicune|94/100 tox|[from] psn
|upkeep
|turn|33
|
|t:|1729902927
|move|p1a: Suicune|Calm Mind|p1a: Suicune
|-boost|p1a: Suicune|spa|1
|-boost|p1a: Suicune|spd|1
|-curestatus|p2a: Suicune|slp|[msg]
|move|p2a: Suicune|Surf|p1a: Suicune
|-resisted|p1a: Suicune
|-damage|p1a: Suicune|90/100 tox
|
|-heal|p1a: Suicune|96/100 tox|[from] item: Leftovers
|-damage|p1a: Suicune|84/100 tox|[from] psn
|upkeep
|turn|34
|
|t:|1729902933
|move|p1a: Suicune|Rest|p1a: Suicune
|-status|p1a: Suicune|slp|[from] move: Rest
|-heal|p1a: Suicune|100/100 slp|[silent]
|move|p2a: Suicune|Surf|p1a: Suicune
|-resisted|p1a: Suicune
|-damage|p1a: Suicune|95/100 slp
|
|-heal|p1a: Suicune|100/100 slp|[from] item: Leftovers
|upkeep
|turn|35
|
|t:|1729902936
|switch|p2a: Zapdos|Zapdos|76/100
|cant|p1a: Suicune|slp
|
|-heal|p2a: Zapdos|82/100|[from] item: Leftovers
|upkeep
|turn|36
|
|t:|1729902943
|move|p2a: Zapdos|Thunderbolt|p1a: Suicune
|-supereffective|p1a: Suicune
|-damage|p1a: Suicune|69/100 slp
|cant|p1a: Suicune|slp
|
|-heal|p2a: Zapdos|88/100|[from] item: Leftovers
|-heal|p1a: Suicune|75/100 slp|[from] item: Leftovers
|upkeep
|turn|37
|
|t:|1729902951
|move|p2a: Zapdos|Thunderbolt|p1a: Suicune
|-supereffective|p1a: Suicune
|-damage|p1a: Suicune|44/100 slp
|-curestatus|p1a: Suicune|slp|[msg]
|move|p1a: Suicune|Ice Beam|p2a: Zapdos
|-supereffective|p2a: Zapdos
|-damage|p2a: Zapdos|0 fnt
|faint|p2a: Zapdos
|
|t:|1729902957
|switch|p2a: PANDORA|Breloom, F|100/100
|
|-heal|p1a: Suicune|50/100|[from] item: Leftovers
|upkeep
|turn|38
|
|t:|1729902961
|switch|p2a: Suicune|Suicune|100/100
|move|p1a: Suicune|Ice Beam|p2a: Suicune
|-resisted|p2a: Suicune
|-damage|p2a: Suicune|74/100
|
|-heal|p1a: Suicune|56/100|[from] item: Leftovers
|-heal|p2a: Suicune|80/100|[from] item: Leftovers
|upkeep
|turn|39
|
|t:|1729902967
|switch|p2a: SUMMER|Blissey, F, shiny|100/100
|move|p1a: Suicune|Surf|p2a: SUMMER
|-damage|p2a: SUMMER|64/100
|
|-heal|p1a: Suicune|63/100|[from] item: Leftovers
|-heal|p2a: SUMMER|70/100|[from] item: Leftovers
|upkeep
|turn|40
|
|t:|1729902971
|move|p1a: Suicune|Calm Mind|p1a: Suicune
|-boost|p1a: Suicune|spa|1
|-boost|p1a: Suicune|spd|1
|move|p2a: SUMMER|Thunder Wave|p1a: Suicune
|-status|p1a: Suicune|par
|
|-heal|p2a: SUMMER|76/100|[from] item: Leftovers
|-heal|p1a: Suicune|69/100 par|[from] item: Leftovers
|upkeep
|turn|41
|
|t:|1729902973
|move|p2a: SUMMER|Seismic Toss|p1a: Suicune
|-damage|p1a: Suicune|44/100 par
|move|p1a: Suicune|Calm Mind|p1a: Suicune
|-boost|p1a: Suicune|spa|1
|-boost|p1a: Suicune|spd|1
|
|-heal|p2a: SUMMER|82/100|[from] item: Leftovers
|-heal|p1a: Suicune|50/100 par|[from] item: Leftovers
|upkeep
|turn|42
|
|t:|1729902978
|move|p2a: SUMMER|Seismic Toss|p1a: Suicune
|-damage|p1a: Suicune|25/100 par
|move|p1a: Suicune|Rest|p1a: Suicune
|-status|p1a: Suicune|slp|[from] move: Rest
|-heal|p1a: Suicune|100/100 slp|[silent]
|
|-heal|p2a: SUMMER|89/100|[from] item: Leftovers
|upkeep
|turn|43
|
|t:|1729902984
|switch|p2a: PANDORA|Breloom, F|100/100
|cant|p1a: Suicune|slp
|
|upkeep
|turn|44
|
|t:|1729902987
|move|p2a: PANDORA|Leech Seed|p1a: Suicune
|-start|p1a: Suicune|move: Leech Seed
|cant|p1a: Suicune|slp
|
|-damage|p1a: Suicune|88/100 slp|[from] Leech Seed|[of] p2a: PANDORA
|upkeep
|turn|45
|
|t:|1729902995
|switch|p1a: Salamence|Salamence, F|88/100
|-ability|p1a: Salamence|Intimidate|boost
|-unboost|p2a: PANDORA|atk|1
|move|p2a: PANDORA|Substitute|p2a: PANDORA
|-start|p2a: PANDORA|Substitute
|-damage|p2a: PANDORA|76/100
|
|-heal|p1a: Salamence|94/100|[from] item: Leftovers
|-heal|p2a: PANDORA|82/100|[from] item: Leftovers
|upkeep
|turn|46
|
|t:|1729902998
|move|p1a: Salamence|Dragon Dance|p1a: Salamence
|-boost|p1a: Salamence|atk|1
|-boost|p1a: Salamence|spe|1
|move|p2a: PANDORA|Leech Seed|p1a: Salamence
|-start|p1a: Salamence|move: Leech Seed
|
|-heal|p1a: Salamence|100/100|[from] item: Leftovers
|-damage|p1a: Salamence|88/100|[from] Leech Seed|[of] p2a: PANDORA
|-heal|p2a: PANDORA|99/100|[silent]
|-heal|p2a: PANDORA|100/100|[from] item: Leftovers
|upkeep
|turn|47
|
|t:|1729903003
|move|p1a: Salamence|Dragon Dance|p1a: Salamence
|-boost|p1a: Salamence|atk|1
|-boost|p1a: Salamence|spe|1
|move|p2a: PANDORA|Substitute|p2a: PANDORA
|-fail|p2a: PANDORA|move: Substitute
|
|-heal|p1a: Salamence|94/100|[from] item: Leftovers
|-damage|p1a: Salamence|82/100|[from] Leech Seed|[of] p2a: PANDORA
|upkeep
|turn|48
|
|t:|1729903006
|move|p1a: Salamence|Hidden Power|p2a: PANDORA
|-supereffective|p2a: PANDORA
|-end|p2a: PANDORA|Substitute
|move|p2a: PANDORA|Substitute|p2a: PANDORA
|-start|p2a: PANDORA|Substitute
|-damage|p2a: PANDORA|76/100
|
|-heal|p1a: Salamence|88/100|[from] item: Leftovers
|-damage|p1a: Salamence|76/100|[from] Leech Seed|[of] p2a: PANDORA
|-heal|p2a: PANDORA|92/100|[silent]
|-heal|p2a: PANDORA|99/100|[from] item: Leftovers
|upkeep
|turn|49
|
|t:|1729903012
|switch|p1a: Claydol|Claydol|100/100 slp
|move|p2a: PANDORA|Substitute|p2a: PANDORA
|-fail|p2a: PANDORA|move: Substitute
|
|-heal|p2a: PANDORA|100/100|[from] item: Leftovers
|upkeep
|turn|50
|
|t:|1729903016
|move|p2a: PANDORA|Leech Seed|p1a: Claydol
|-start|p1a: Claydol|move: Leech Seed
|cant|p1a: Claydol|slp
|
|-damage|p1a: Claydol|88/100 slp|[from] Leech Seed|[of] p2a: PANDORA
|upkeep
|turn|51
|
|t:|1729903019
|-singleturn|p2a: PANDORA|move: Focus Punch
|cant|p1a: Claydol|slp
|move|p2a: PANDORA|Focus Punch|p1a: Claydol
|-resisted|p1a: Claydol
|-damage|p1a: Claydol|62/100 slp
|
|-heal|p1a: Claydol|68/100 slp|[from] item: Leftovers
|-damage|p1a: Claydol|55/100 slp|[from] Leech Seed|[of] p2a: PANDORA
|upkeep
|turn|52
|
|t:|1729903029
|-singleturn|p2a: PANDORA|move: Focus Punch
|switch|p1a: Salamence|Salamence, F|76/100
|move|p2a: PANDORA|Focus Punch|p1a: Salamence
|-resisted|p1a: Salamence
|-damage|p1a: Salamence|46/100
|
|-heal|p1a: Salamence|52/100|[from] item: Leftovers
|upkeep
|turn|53
|
|t:|1729903036
|move|p1a: Salamence|Hidden Power|p2a: PANDORA
|-supereffective|p2a: PANDORA
|-end|p2a: PANDORA|Substitute
|move|p2a: PANDORA|Leech Seed|p1a: Salamence
|-start|p1a: Salamence|move: Leech Seed
|
|-heal|p1a: Salamence|58/100|[from] item: Leftovers
|-damage|p1a: Salamence|46/100|[from] Leech Seed|[of] p2a: PANDORA
|upkeep
|turn|54
|
|t:|1729903043
|switch|p1a: Medicham Kicks|Medicham, M, shiny|100/100
|switch|p2a: Suicune|Suicune|80/100
|
|-heal|p2a: Suicune|87/100|[from] item: Leftovers
|upkeep
|turn|55
|
|t:|1729903047
|switch|p1a: Suicune|Suicune, shiny|88/100 slp
|move|p2a: Suicune|Toxic||[still]
|-fail|p2a: Suicune
|
|-heal|p1a: Suicune|94/100 slp|[from] item: Leftovers
|-heal|p2a: Suicune|93/100|[from] item: Leftovers
|upkeep
|turn|56
|
|t:|1729903050
|switch|p2a: PANDORA|Breloom, F|100/100
|-curestatus|p1a: Suicune|slp|[msg]
|move|p1a: Suicune|Calm Mind|p1a: Suicune
|-boost|p1a: Suicune|spa|1
|-boost|p1a: Suicune|spd|1
|
|-heal|p1a: Suicune|100/100|[from] item: Leftovers
|upkeep
|turn|57
|
|t:|1729903058
|switch|p2a: SUMMER|Blissey, F, shiny|89/100
|move|p1a: Suicune|Surf|p2a: SUMMER
|-damage|p2a: SUMMER|66/100
|
|-heal|p2a: SUMMER|72/100|[from] item: Leftovers
|upkeep
|turn|58
|
|t:|1729903061
|move|p1a: Suicune|Calm Mind|p1a: Suicune
|-boost|p1a: Suicune|spa|1
|-boost|p1a: Suicune|spd|1
|move|p2a: SUMMER|Thunder Wave|p1a: Suicune
|-status|p1a: Suicune|par
|
|-heal|p2a: SUMMER|78/100|[from] item: Leftovers
|upkeep
|turn|59
|
|t:|1729903068
|move|p2a: SUMMER|Seismic Toss|p1a: Suicune
|-damage|p1a: Suicune|76/100 par
|cant|p1a: Suicune|par
|
|-heal|p2a: SUMMER|84/100|[from] item: Leftovers
|-heal|p1a: Suicune|82/100 par|[from] item: Leftovers
|upkeep
|turn|60
|
|t:|1729903074
|move|p2a: SUMMER|Seismic Toss|p1a: Suicune
|-damage|p1a: Suicune|57/100 par
|move|p1a: Suicune|Calm Mind|p1a: Suicune
|-boost|p1a: Suicune|spa|1
|-boost|p1a: Suicune|spd|1
|
|-heal|p2a: SUMMER|91/100|[from] item: Leftovers
|-heal|p1a: Suicune|63/100 par|[from] item: Leftovers
|upkeep
|turn|61
|
|t:|1729903079
|move|p2a: SUMMER|Wish|p2a: SUMMER
|move|p1a: Suicune|Calm Mind|p1a: Suicune
|-boost|p1a: Suicune|spa|1
|-boost|p1a: Suicune|spd|1
|
|-heal|p2a: SUMMER|97/100|[from] item: Leftovers
|-heal|p1a: Suicune|69/100 par|[from] item: Leftovers
|upkeep
|turn|62
|
|t:|1729903085
|move|p2a: SUMMER|Seismic Toss|p1a: Suicune
|-damage|p1a: Suicune|44/100 par
|move|p1a: Suicune|Surf|p2a: SUMMER
|-damage|p2a: SUMMER|50/100
|
|-heal|p2a: SUMMER|99/100|[from] move: Wish|[wisher] SUMMER
|-heal|p2a: SUMMER|100/100|[from] item: Leftovers
|-heal|p1a: Suicune|51/100 par|[from] item: Leftovers
|upkeep
|turn|63
|
|t:|1729903091
|move|p2a: SUMMER|Seismic Toss|p1a: Suicune
|-damage|p1a: Suicune|26/100 par
|move|p1a: Suicune|Rest|p1a: Suicune
|-status|p1a: Suicune|slp|[from] move: Rest
|-heal|p1a: Suicune|100/100 slp|[silent]
|
|upkeep
|turn|64
|
|t:|1729903096
|switch|p2a: PANDORA|Breloom, F|100/100
|cant|p1a: Suicune|slp
|
|upkeep
|turn|65
|
|t:|1729903100
|switch|p1a: Salamence|Salamence, F|46/100
|-ability|p1a: Salamence|Intimidate|boost
|-unboost|p2a: PANDORA|atk|1
|move|p2a: PANDORA|Leech Seed|p1a: Salamence
|-start|p1a: Salamence|move: Leech Seed
|
|-heal|p1a: Salamence|52/100|[from] item: Leftovers
|-damage|p1a: Salamence|40/100|[from] Leech Seed|[of] p2a: PANDORA
|upkeep
|turn|66
|
|t:|1729903103
|switch|p1a: Suicune|Suicune, shiny|100/100 slp
|switch|p2a: Suicune|Suicune|93/100
|
|-heal|p2a: Suicune|99/100|[from] item: Leftovers
|upkeep
|turn|67
|
|t:|1729903107
|switch|p2a: PANDORA|Breloom, F|100/100
|cant|p1a: Suicune|slp
|
|upkeep
|turn|68
|
|t:|1729903110
|move|p2a: PANDORA|Substitute|p2a: PANDORA
|-start|p2a: PANDORA|Substitute
|-damage|p2a: PANDORA|76/100
|-curestatus|p1a: Suicune|slp|[msg]
|move|p1a: Suicune|Ice Beam|p2a: PANDORA
|-supereffective|p2a: PANDORA
|-end|p2a: PANDORA|Substitute
|
|-heal|p2a: PANDORA|82/100|[from] item: Leftovers
|upkeep
|turn|69
|
|t:|1729903116
|switch|p2a: SUMMER|Blissey, F, shiny|100/100
|move|p1a: Suicune|Ice Beam|p2a: SUMMER
|-damage|p2a: SUMMER|91/100
|
|-heal|p2a: SUMMER|97/100|[from] item: Leftovers
|upkeep
|turn|70
|
|t:|1729903120
|switch|p1a: Snorlax|Snorlax, F, shiny|47/100 par
|move|p2a: SUMMER|Thunder Wave|p1a: Snorlax
|-fail|p1a: Snorlax|par
|
|-heal|p2a: SUMMER|100/100|[from] item: Leftovers
|-heal|p1a: Snorlax|53/100 par|[from] item: Leftovers
|upkeep
|turn|71
|
|t:|1729903123
|move|p1a: Snorlax|Body Slam|p2a: SUMMER
|-damage|p2a: SUMMER|66/100
|-status|p2a: SUMMER|par
|move|p2a: SUMMER|Counter|p1a: Snorlax
|-damage|p1a: Snorlax|0 fnt
|faint|p1a: Snorlax
|
|t:|1729903127
|switch|p1a: Metagross|Metagross|97/100
|
|-heal|p1a: Metagross|100/100|[from] item: Leftovers
|-heal|p2a: SUMMER|72/100 par|[from] item: Leftovers
|upkeep
|turn|72
|
|t:|1729903129
|move|p1a: Metagross|Agility|p1a: Metagross
|-boost|p1a: Metagross|spe|2
|move|p2a: SUMMER|Counter|p1a: Metagross
|
|-heal|p2a: SUMMER|78/100 par|[from] item: Leftovers
|upkeep
|turn|73
|
|t:|1729903132
|move|p1a: Metagross|Meteor Mash|p2a: SUMMER|[miss]
|-miss|p1a: Metagross|p2a: SUMMER
|move|p2a: SUMMER|Counter|p1a: Metagross
|
|-heal|p2a: SUMMER|84/100 par|[from] item: Leftovers
|upkeep
|turn|74
|
|t:|1729903136
|switch|p1a: Medicham Kicks|Medicham, M, shiny|100/100
|move|p2a: SUMMER|Counter|p1a: Medicham Kicks
|
|-heal|p2a: SUMMER|90/100 par|[from] item: Leftovers
|upkeep
|turn|75
|
|t:|1729903141
|-curestatus|p2a: SUMMER|par|[from] ability: Natural Cure
|switch|p2a: EVAN|Salamence, F|12/100
|-ability|p2a: EVAN|Intimidate|boost
|-unboost|p1a: Medicham Kicks|atk|1
|move|p1a: Medicham Kicks|Brick Break|p2a: EVAN
|-resisted|p2a: EVAN
|-damage|p2a: EVAN|0 fnt
|faint|p2a: EVAN
|
|t:|1729903148
|switch|p2a: SIGMA|Dugtrio, M|100/100
|
|upkeep
|turn|76
|
|t:|1729903151
|move|p2a: SIGMA|Earthquake|p1a: Medicham Kicks
|-damage|p1a: Medicham Kicks|2/100
|move|p1a: Medicham Kicks|Brick Break|p2a: SIGMA
|-damage|p2a: SIGMA|4/100
|
|upkeep
|turn|77
|
|t:|1729903157
|move|p2a: SIGMA|Earthquake|p1a: Medicham Kicks
|-damage|p1a: Medicham Kicks|0 fnt
|faint|p1a: Medicham Kicks
|
|t:|1729903160
|switch|p1a: Salamence|Salamence, F|40/100
|-ability|p1a: Salamence|Intimidate|boost
|-unboost|p2a: SIGMA|atk|1
|
|-heal|p1a: Salamence|46/100|[from] item: Leftovers
|upkeep
|turn|78
|
|t:|1729903164
|switch|p2a: Suicune|Suicune|99/100
|move|p1a: Salamence|Dragon Dance|p1a: Salamence
|-boost|p1a: Salamence|atk|1
|-boost|p1a: Salamence|spe|1
|
|-heal|p1a: Salamence|52/100|[from] item: Leftovers
|-heal|p2a: Suicune|100/100|[from] item: Leftovers
|upkeep
|turn|79
|
|t:|1729903184
|move|p1a: Salamence|Rock Slide|p2a: Suicune|[miss]
|-miss|p1a: Salamence|p2a: Suicune
|move|p2a: Suicune|Toxic|p1a: Salamence
|-status|p1a: Salamence|tox
|
|-heal|p1a: Salamence|58/100 tox|[from] item: Leftovers
|-damage|p1a: Salamence|52/100 tox|[from] psn
|upkeep
|turn|80
|
|t:|1729903190
|move|p1a: Salamence|Hidden Power|p2a: Suicune
|-damage|p2a: Suicune|67/100
|move|p2a: Suicune|Surf|p1a: Salamence
|-resisted|p1a: Salamence
|-damage|p1a: Salamence|33/100 tox
|
|-heal|p1a: Salamence|39/100 tox|[from] item: Leftovers
|-damage|p1a: Salamence|27/100 tox|[from] psn
|-heal|p2a: Suicune|73/100|[from] item: Leftovers
|upkeep
|turn|81
|
|t:|1729903198
|switch|p1a: Suicune|Suicune, shiny|100/100
|move|p2a: Suicune|Rest|p2a: Suicune
|-status|p2a: Suicune|slp|[from] move: Rest
|-heal|p2a: Suicune|100/100 slp|[silent]
|
|upkeep
|turn|82
|
|t:|1729903204
|switch|p2a: SUMMER|Blissey, F, shiny|90/100
|move|p1a: Suicune|Calm Mind|p1a: Suicune
|-boost|p1a: Suicune|spa|1
|-boost|p1a: Suicune|spd|1
|
|-heal|p2a: SUMMER|96/100|[from] item: Leftovers
|upkeep
|turn|83
|
|t:|1729903208
|move|p1a: Suicune|Calm Mind|p1a: Suicune
|-boost|p1a: Suicune|spa|1
|-boost|p1a: Suicune|spd|1
|move|p2a: SUMMER|Thunder Wave|p1a: Suicune
|-status|p1a: Suicune|par
|
|-heal|p2a: SUMMER|100/100|[from] item: Leftovers
|upkeep
|turn|84
|
|t:|1729903211
|move|p2a: SUMMER|Wish|p2a: SUMMER
|move|p1a: Suicune|Calm Mind|p1a: Suicune
|-boost|p1a: Suicune|spa|1
|-boost|p1a: Suicune|spd|1
|
|upkeep
|turn|85
|
|t:|1729903215
|switch|p2a: SIGMA|Dugtrio, M|4/100
|move|p1a: Suicune|Surf|p2a: SIGMA
|-supereffective|p2a: SIGMA
|-damage|p2a: SIGMA|0 fnt
|faint|p2a: SIGMA
|
|t:|1729903218
|switch|p2a: PANDORA|Breloom, F|82/100
|
|-heal|p2a: PANDORA|100/100|[from] move: Wish|[wisher] SUMMER
|upkeep
|turn|86
|
|t:|1729903221
|switch|p1a: Salamence|Salamence, F|27/100 tox
|-ability|p1a: Salamence|Intimidate|boost
|-unboost|p2a: PANDORA|atk|1
|move|p2a: PANDORA|Substitute|p2a: PANDORA
|-start|p2a: PANDORA|Substitute
|-damage|p2a: PANDORA|76/100
|
|-heal|p1a: Salamence|33/100 tox|[from] item: Leftovers
|-damage|p1a: Salamence|27/100 tox|[from] psn
|-heal|p2a: PANDORA|82/100|[from] item: Leftovers
|upkeep
|turn|87
|
|t:|1729903226
|-singleturn|p2a: PANDORA|move: Focus Punch
|move|p1a: Salamence|Hidden Power|p2a: PANDORA
|-supereffective|p2a: PANDORA
|-crit|p2a: PANDORA
|-end|p2a: PANDORA|Substitute
|move|p2a: PANDORA|Focus Punch|p1a: Salamence
|-resisted|p1a: Salamence
|-damage|p1a: Salamence|0 fnt
|faint|p1a: Salamence
|
|t:|1729903238
|switch|p1a: Claydol|Claydol|55/100 slp
|
|-heal|p2a: PANDORA|88/100|[from] item: Leftovers
|-heal|p1a: Claydol|62/100 slp|[from] item: Leftovers
|upkeep
|turn|88
|
|t:|1729903249
|move|p2a: PANDORA|Substitute|p2a: PANDORA
|-start|p2a: PANDORA|Substitute
|-damage|p2a: PANDORA|63/100
|cant|p1a: Claydol|slp
|
|-heal|p2a: PANDORA|69/100|[from] item: Leftovers
|-heal|p1a: Claydol|68/100 slp|[from] item: Leftovers
|upkeep
|turn|89
|
|t:|1729903253
|move|p2a: PANDORA|Leech Seed|p1a: Claydol
|-start|p1a: Claydol|move: Leech Seed
|-curestatus|p1a: Claydol|slp|[msg]
|move|p1a: Claydol|Psychic|p2a: PANDORA
|-supereffective|p2a: PANDORA
|-end|p2a: PANDORA|Substitute
|
|-heal|p2a: PANDORA|75/100|[from] item: Leftovers
|-heal|p1a: Claydol|74/100|[from] item: Leftovers
|-damage|p1a: Claydol|62/100|[from] Leech Seed|[of] p2a: PANDORA
|-heal|p2a: PANDORA|91/100|[silent]
|upkeep
|turn|90
|
|t:|1729903259
|switch|p1a: Suicune|Suicune, shiny|100/100 par
|move|p2a: PANDORA|Spore||[still]
|-fail|p2a: PANDORA
|
|-heal|p2a: PANDORA|97/100|[from] item: Leftovers
|upkeep
|turn|91
|
|t:|1729903264
|move|p2a: PANDORA|Substitute|p2a: PANDORA
|-start|p2a: PANDORA|Substitute
|-damage|p2a: PANDORA|72/100
|move|p1a: Suicune|Ice Beam|p2a: PANDORA
|-supereffective|p2a: PANDORA
|-end|p2a: PANDORA|Substitute
|
|-heal|p2a: PANDORA|78/100|[from] item: Leftovers
|upkeep
|turn|92
|
|t:|1729903271
|move|p2a: PANDORA|Substitute|p2a: PANDORA
|-start|p2a: PANDORA|Substitute
|-damage|p2a: PANDORA|53/100
|move|p1a: Suicune|Ice Beam|p2a: PANDORA
|-supereffective|p2a: PANDORA
|-end|p2a: PANDORA|Substitute
|
|-heal|p2a: PANDORA|59/100|[from] item: Leftovers
|upkeep
|turn|93
|
|t:|1729903275
|switch|p2a: SUMMER|Blissey, F, shiny|100/100
|move|p1a: Suicune|Ice Beam|p2a: SUMMER
|-crit|p2a: SUMMER
|-damage|p2a: SUMMER|79/100
|
|-heal|p2a: SUMMER|85/100|[from] item: Leftovers
|upkeep
|turn|94
|
|t:|1729903279
|move|p2a: SUMMER|Wish|p2a: SUMMER
|move|p1a: Suicune|Calm Mind|p1a: Suicune
|-boost|p1a: Suicune|spa|1
|-boost|p1a: Suicune|spd|1
|
|-heal|p2a: SUMMER|92/100|[from] item: Leftovers
|upkeep
|turn|95
|
|t:|1729903282
|switch|p2a: PANDORA|Breloom, F|59/100
|move|p1a: Suicune|Surf|p2a: PANDORA
|-resisted|p2a: PANDORA
|-damage|p2a: PANDORA|0 fnt
|faint|p2a: PANDORA
|-message|DiegoIn forfeited.
|
|win|leoperi99
|player|p2|
|c|☆leoperi99|gg

</script>
<script type="application/json" class="data" id="replaydata-smogtours-gen3ou-802010">
{"id":"smogtours-gen3ou-802010","format":"[Gen 3] OU","players":["leoperi99","DiegoIn"],"uploadtime":1729903291,"views":81,"formatid":"gen3ou","rating":null,"private":0,"password":null}
</script>

<script defer src="js/replays.js?9d40a366"></script>
