<!DOCTYPE html>
<meta charset="utf-8" />
<meta name="viewport" content="width=device-width" />

<title>[Gen 3] OU: Derevien vs. Colby2D - Replays - Pok&eacute;mon Showdown!</title>

<meta name="description" content="Watch a replay of a Pok&eacute;mon battle between Derevien and Colby2D! Format: [Gen 3] OU; Date: Nov 3, 2024" />
<!--

Hey, you! Looking in the source for the replay log?

You can find them in JSON format, just add `.json` at the end of a replay URL.

https://replay.pokemonshowdown.com/gen7randomdoublesbattle-865046831.json

Or, if you only need the log itself, add `.log` instead:

https://replay.pokemonshowdown.com/gen7randomdoublesbattle-865046831.log

-->

<link rel="stylesheet" href="//pokemonshowdown.com/style/global.css?0.023195364461161105" />
<link rel="stylesheet" href="//play.pokemonshowdown.com/style/font-awesome.css?0.13261647063804238" />
<link rel="stylesheet" href="//play.pokemonshowdown.com/style/battle.css?0.8753245789963631" />
<link rel="stylesheet" href="//play.pokemonshowdown.com/style/utilichart.css?0.8627959624976733" />

<!-- Global site tag (gtag.js) - Google Analytics -->
<script async src="https://www.googletagmanager.com/gtag/js?id=UA-26211653-1"></script>
<script>
  window.dataLayer = window.dataLayer || [];
  function gtag(){dataLayer.push(arguments);}
  gtag('js', new Date());

  gtag('config', 'UA-26211653-1');
</script>
<!-- End Google Analytics -->
<!-- Venatus Ad Manager - Install in <HEAD> of page -->
	<script src="https://hb.vntsm.com/v3/live/ad-manager.min.js" type="text/javascript" data-site-id="642aba63ec9a7b11c3c9c1be" data-mode="scan" async></script>
<!-- / Venatus Ad Manager -->

<style>
	@media (max-width:820px) {
		.battle {
			margin: 0 auto;
		}
		.battle-log {
			margin: 7px auto 0;
			max-width: 640px;
			height: 300px;
			position: static;
		}
	}
	.optgroup {
		display: inline-block;
		line-height: 22px;
		font-size: 10pt;
	}
	.optgroup .button {
		height: 25px;
		padding-top: 0;
		padding-bottom: 0;
	}
	.optgroup button.button {
		padding-left: 12px;
		padding-right: 12px;
	}
	.linklist {
		list-style: none;
		margin: 0.5em 0;
		padding: 0;
	}
	.linklist li {
		padding: 2px 0;
	}
	.sidebar {
		float: left;
		width: 320px;
	}
	.bar-wrapper {
		max-width: 1100px;
		margin: 0 auto;
	}
	.bar-wrapper.has-sidebar {
		max-width: 1430px;
	}
	.mainbar {
		margin: 0;
		padding-right: 1px;
	}
	.mainbar.has-sidebar {
		margin-left: 330px;
	}
	@media (min-width: 1511px) {
		.sidebar {
			width: 400px;
		}
		.bar-wrapper.has-sidebar {
			max-width: 1510px;
		}
		.mainbar.has-sidebar {
			margin-left: 410px;
		}
	}
	.section.first-section {
		margin-top: 9px;
	}
	.blocklink small {
		white-space: normal;
	}
	.button {
		vertical-align: middle;
	}
	.replay-controls {
		padding-top: 10px;
	}
	.replay-controls h1 {
		font-size: 16pt;
		font-weight: normal;
		color: #CCC;
	}
	.pagelink {
		text-align: center;
	}
	.pagelink a {
		width: 150px;
	}
	.textbox, .button {
		font-size: 11pt;
		vertical-align: middle;
	}
	@media (max-width: 450px) {
		.button {
			font-size: 9pt;
		}
	}
</style>

<div>

	<header>
		<div class="nav-wrapper"><ul class="nav">
			<li><a class="button nav-first" href="//pokemonshowdown.com/"><img src="//pokemonshowdown.com/images/pokemonshowdownbeta.png" srcset="//pokemonshowdown.com/images/pokemonshowdownbeta.png 1x, //pokemonshowdown.com/images/pokemonshowdownbeta@2x.png 2x" alt="Pok&eacute;mon Showdown" width="146" height="44" /> Home</a></li>
			<li><a class="button" href="//pokemonshowdown.com/dex/">Pok&eacute;dex</a></li>
			<li><a class="button cur" href="/">Replays</a></li>
			<li><a class="button" href="//pokemonshowdown.com/ladder/">Ladder</a></li>
			<li><a class="button nav-last" href="//pokemonshowdown.com/forums/">Forum</a></li>
			<li><a class="button greenbutton nav-first nav-last" href="//play.pokemonshowdown.com/">Play</a></li>
		</ul></div>
	</header>

	<div class="main" id="main">

		<noscript><section class="section">You need to enable JavaScript to use this page; sorry!</section></noscript>

	</div>

</div>

<script defer nomodule src="//play.pokemonshowdown.com/js/lib/ps-polyfill.js"></script>
<script defer src="//play.pokemonshowdown.com/js/lib/preact.min.js"></script>

<script defer src="//play.pokemonshowdown.com/config/config.js?2bddbc15"></script>
<script defer src="//play.pokemonshowdown.com/js/lib/jquery-1.11.0.min.js"></script>
<script defer src="//play.pokemonshowdown.com/js/lib/html-sanitizer-minified.js"></script>
<script defer src="//play.pokemonshowdown.com/js/battle-sound.js"></script>
<script defer src="//play.pokemonshowdown.com/js/battledata.js?0.7209276989879541"></script>
<script defer src="//play.pokemonshowdown.com/data/pokedex-mini.js?0.6111056340867951"></script>
<script defer src="//play.pokemonshowdown.com/data/pokedex-mini-bw.js?0.3532142036491459"></script>
<script defer src="//play.pokemonshowdown.com/data/graphics.js?0.24223875632456182"></script>
<script defer src="//play.pokemonshowdown.com/data/pokedex.js?0.38839984266356864"></script>
<script defer src="//play.pokemonshowdown.com/data/moves.js?0.21866028504024015"></script>
<script defer src="//play.pokemonshowdown.com/data/abilities.js?0.2005157953846628"></script>
<script defer src="//play.pokemonshowdown.com/data/items.js?0.9894211263848525"></script>
<script defer src="//play.pokemonshowdown.com/data/teambuilder-tables.js?0.6008791140282215"></script>
<script defer src="//play.pokemonshowdown.com/js/battle-tooltips.js?0.7580118955022959"></script>
<script defer src="//play.pokemonshowdown.com/js/battle.js?0.6057722274234274"></script>

<script defer src="js/utils.js?e31f9a17"></script>
<script defer src="js/replays-battle.js?7008c182"></script>

<!-- don't scrape this data! just add .json or .log after the URL!
Full API docs: https://github.com/smogon/pokemon-showdown-client/blob/master/WEB-API.md -->
<script type="text/plain" class="log" id="replaylog-smogtours-gen3ou-804595">
|inactive|Battle timer is ON: inactive players will automatically lose when time's up.
|t:|1730668098
|gametype|singles
|player|p1|Derevien|miku-flying|
|player|p2|Colby2D|1|
|teamsize|p1|6
|teamsize|p2|6
|gen|3
|tier|[Gen 3] OU
|rule|Sleep Clause Mod: Limit one foe put to sleep
|rule|Switch Priority Clause Mod: Faster Pokémon switch first
|rule|Species Clause: Limit one of each Pokémon
|rule|OHKO Clause: OHKO moves are banned
|rule|Evasion Items Clause: Evasion items are banned
|rule|Evasion Moves Clause: Evasion moves are banned
|rule|Endless Battle Clause: Forcing endless battles is banned
|rule|HP Percentage Mod: HP is shown in percentages
|rule|One Boost Passer Clause: Limit one Baton Passer that has a way to boost its stats
|rule|Freeze Clause Mod: Limit one foe frozen
|
|t:|1730668098
|start
|switch|p1a: Jynx|Jynx, F|100/100
|switch|p2a: Salamence|Salamence, F|100/100
|-ability|p2a: Salamence|Intimidate|boost
|-unboost|p1a: Jynx|atk|1
|turn|1
|
|t:|1730668114
|switch|p2a: Blissey|Blissey, F|100/100
|move|p1a: Jynx|Ice Beam|p2a: Blissey
|-damage|p2a: Blissey|81/100
|
|-heal|p2a: Blissey|88/100|[from] item: Leftovers
|upkeep
|turn|2
|
|t:|1730668122
|switch|p2a: Skarmory|Skarmory, M|100/100
|move|p1a: Jynx|Lovely Kiss|p2a: Skarmory|[miss]
|-miss|p1a: Jynx|p2a: Skarmory
|
|upkeep
|turn|3
|
|t:|1730668127
|move|p1a: Jynx|Lovely Kiss|p2a: Skarmory
|-status|p2a: Skarmory|slp|[from] move: Lovely Kiss
|cant|p2a: Skarmory|slp
|
|upkeep
|turn|4
|
|t:|1730668129
|move|p1a: Jynx|Ice Beam|p2a: Skarmory
|-damage|p2a: Skarmory|57/100 slp
|cant|p2a: Skarmory|slp
|
|upkeep
|turn|5
|
|t:|1730668133
|switch|p2a: Blissey|Blissey, F|88/100
|move|p1a: Jynx|Ice Beam|p2a: Blissey
|-damage|p2a: Blissey|69/100
|
|-heal|p2a: Blissey|75/100|[from] item: Leftovers
|upkeep
|turn|6
|
|t:|1730668136
|switch|p1a: Snorlax|Snorlax, M|100/100
|move|p2a: Blissey|Ice Beam|p1a: Snorlax
|-damage|p1a: Snorlax|86/100
|
|-heal|p2a: Blissey|81/100|[from] item: Leftovers
|-heal|p1a: Snorlax|92/100|[from] item: Leftovers
|upkeep
|turn|7
|
|t:|1730668142
|-singleturn|p1a: Snorlax|move: Focus Punch
|switch|p2a: Skarmory|Skarmory, M|57/100 slp
|move|p1a: Snorlax|Focus Punch|p2a: Skarmory
|-damage|p2a: Skarmory|22/100 slp
|
|-heal|p1a: Snorlax|98/100|[from] item: Leftovers
|upkeep
|turn|8
|
|t:|1730668147
|-singleturn|p1a: Snorlax|move: Focus Punch
|switch|p2a: Salamence|Salamence, F|100/100
|-ability|p2a: Salamence|Intimidate|boost
|-unboost|p1a: Snorlax|atk|1
|move|p1a: Snorlax|Focus Punch|p2a: Salamence
|-resisted|p2a: Salamence
|-damage|p2a: Salamence|78/100
|
|-heal|p2a: Salamence|84/100|[from] item: Leftovers
|-heal|p1a: Snorlax|100/100|[from] item: Leftovers
|upkeep
|turn|9
|
|t:|1730668156
|move|p2a: Salamence|Brick Break|p1a: Snorlax
|-supereffective|p1a: Snorlax
|-crit|p1a: Snorlax
|-damage|p1a: Snorlax|29/100
|move|p1a: Snorlax|Body Slam|p2a: Salamence
|-damage|p2a: Salamence|47/100
|
|-heal|p2a: Salamence|53/100|[from] item: Leftovers
|-heal|p1a: Snorlax|35/100|[from] item: Leftovers
|upkeep
|turn|10
|
|t:|1730668161
|move|p2a: Salamence|Brick Break|p1a: Snorlax
|-supereffective|p1a: Snorlax
|-damage|p1a: Snorlax|0 fnt
|faint|p1a: Snorlax
|
|t:|1730668163
|switch|p1a: Kingdra|Kingdra, M|100/100
|
|-heal|p2a: Salamence|59/100|[from] item: Leftovers
|upkeep
|turn|11
|
|t:|1730668171
|move|p2a: Salamence|Dragon Claw|p1a: Kingdra
|-supereffective|p1a: Kingdra
|-damage|p1a: Kingdra|20/100
|move|p1a: Kingdra|Ice Beam|p2a: Salamence
|-supereffective|p2a: Salamence
|-crit|p2a: Salamence
|-damage|p2a: Salamence|0 fnt
|faint|p2a: Salamence
|
|t:|1730668177
|switch|p2a: Metagross|Metagross|100/100
|
|upkeep
|turn|12
|
|t:|1730668183
|move|p2a: Metagross|Meteor Mash|p1a: Kingdra
|-resisted|p1a: Kingdra
|-damage|p1a: Kingdra|0 fnt
|faint|p1a: Kingdra
|
|t:|1730668189
|switch|p1a: Suicune|Suicune|100/100
|
|upkeep
|turn|13
|
|t:|1730668194
|switch|p2a: Celebi|Celebi|100/100
|move|p1a: Suicune|Surf|p2a: Celebi
|-resisted|p2a: Celebi
|-damage|p2a: Celebi|81/100
|
|-heal|p2a: Celebi|88/100|[from] item: Leftovers
|upkeep
|turn|14
|
|t:|1730668196
|switch|p1a: Jynx|Jynx, F|100/100
|move|p2a: Celebi|Leech Seed|p1a: Jynx
|-start|p1a: Jynx|move: Leech Seed
|
|-damage|p1a: Jynx|88/100|[from] Leech Seed|[of] p2a: Celebi
|-heal|p2a: Celebi|96/100|[silent]
|-heal|p2a: Celebi|100/100|[from] item: Leftovers
|upkeep
|turn|15
|
|t:|1730668202
|switch|p2a: Blissey|Blissey, F|81/100
|move|p1a: Jynx|Ice Beam|p2a: Blissey
|-crit|p2a: Blissey
|-damage|p2a: Blissey|44/100
|
|-heal|p1a: Jynx|94/100|[from] item: Leftovers
|-damage|p1a: Jynx|82/100|[from] Leech Seed|[of] p2a: Blissey
|-heal|p2a: Blissey|49/100|[silent]
|-heal|p2a: Blissey|55/100|[from] item: Leftovers
|upkeep
|turn|16
|
|t:|1730668216
|switch|p1a: Heracross|Heracross, F|100/100
|move|p2a: Blissey|Ice Beam|p1a: Heracross
|-damage|p1a: Heracross|69/100
|
|-heal|p2a: Blissey|61/100|[from] item: Leftovers
|upkeep
|turn|17
|
|t:|1730668221
|switch|p2a: Skarmory|Skarmory, M|22/100 slp
|move|p1a: Heracross|Swords Dance|p1a: Heracross
|-boost|p1a: Heracross|atk|2
|
|upkeep
|turn|18
|
|t:|1730668228
|move|p1a: Heracross|Rock Slide|p2a: Skarmory
|-damage|p2a: Skarmory|0 fnt
|faint|p2a: Skarmory
|
|t:|1730668240
|switch|p2a: Starmie|Starmie|100/100
|
|upkeep
|turn|19
|
|t:|1730668243
|move|p2a: Starmie|Thunder Wave|p1a: Heracross
|-status|p1a: Heracross|par
|cant|p1a: Heracross|par
|
|upkeep
|turn|20
|
|t:|1730668249
|switch|p2a: Celebi|Celebi|100/100
|move|p1a: Heracross|Megahorn|p2a: Celebi
|-supereffective|p2a: Celebi
|-damage|p2a: Celebi|0 fnt
|faint|p2a: Celebi
|
|t:|1730668255
|switch|p2a: Metagross|Metagross|100/100
|
|upkeep
|turn|21
|
|t:|1730668259
|switch|p1a: Suicune|Suicune|100/100
|move|p2a: Metagross|Meteor Mash|p1a: Suicune
|-resisted|p1a: Suicune
|-damage|p1a: Suicune|65/100
|
|-heal|p1a: Suicune|72/100|[from] item: Leftovers
|upkeep
|turn|22
|
|t:|1730668267
|switch|p2a: Starmie|Starmie|100/100
|move|p1a: Suicune|Calm Mind|p1a: Suicune
|-boost|p1a: Suicune|spa|1
|-boost|p1a: Suicune|spd|1
|
|-heal|p1a: Suicune|78/100|[from] item: Leftovers
|upkeep
|turn|23
|
|t:|1730668270
|move|p2a: Starmie|Thunder Wave|p1a: Suicune
|-status|p1a: Suicune|par
|move|p1a: Suicune|Calm Mind|p1a: Suicune
|-boost|p1a: Suicune|spa|1
|-boost|p1a: Suicune|spd|1
|
|-heal|p1a: Suicune|84/100 par|[from] item: Leftovers
|upkeep
|turn|24
|
|t:|1730668273
|switch|p2a: Metagross|Metagross|100/100
|move|p1a: Suicune|Surf|p2a: Metagross
|-damage|p2a: Metagross|3/100
|
|-heal|p1a: Suicune|90/100 par|[from] item: Leftovers
|upkeep
|turn|25
|
|t:|1730668275
|switch|p1a: Heracross|Heracross, F|69/100 par
|move|p2a: Metagross|Explosion|p1a: Heracross
|-damage|p1a: Heracross|0 fnt
|faint|p2a: Metagross
|faint|p1a: Heracross
|
|t:|1730668281
|switch|p1a: Jynx|Jynx, F|82/100
|switch|p2a: Blissey|Blissey, F|61/100
|
|-heal|p1a: Jynx|88/100|[from] item: Leftovers
|-heal|p2a: Blissey|67/100|[from] item: Leftovers
|upkeep
|turn|26
|
|t:|1730668284
|move|p1a: Jynx|Lovely Kiss|p2a: Blissey|[miss]
|-miss|p1a: Jynx|p2a: Blissey
|move|p2a: Blissey|Seismic Toss|p1a: Jynx
|-damage|p1a: Jynx|51/100
|
|-heal|p1a: Jynx|57/100|[from] item: Leftovers
|-heal|p2a: Blissey|74/100|[from] item: Leftovers
|upkeep
|turn|27
|
|t:|1730668286
|move|p1a: Jynx|Lovely Kiss|p2a: Blissey
|-status|p2a: Blissey|slp|[from] move: Lovely Kiss
|cant|p2a: Blissey|slp
|
|-heal|p1a: Jynx|63/100|[from] item: Leftovers
|-heal|p2a: Blissey|80/100 slp|[from] item: Leftovers
|upkeep
|turn|28
|
|t:|1730668288
|switch|p1a: Dugtrio|Dugtrio, F|100/100
|cant|p2a: Blissey|slp
|
|-heal|p2a: Blissey|86/100 slp|[from] item: Leftovers
|upkeep
|turn|29
|
|t:|1730668290
|move|p1a: Dugtrio|Earthquake|p2a: Blissey
|-damage|p2a: Blissey|32/100 slp
|-curestatus|p2a: Blissey|slp|[msg]
|move|p2a: Blissey|Ice Beam|p1a: Dugtrio
|-supereffective|p1a: Dugtrio
|-damage|p1a: Dugtrio|0 fnt
|faint|p1a: Dugtrio
|
|t:|1730668293
|switch|p1a: Jynx|Jynx, F|63/100
|
|-heal|p1a: Jynx|69/100|[from] item: Leftovers
|-heal|p2a: Blissey|38/100|[from] item: Leftovers
|upkeep
|turn|30
|
|t:|1730668297
|move|p1a: Jynx|Lovely Kiss|p2a: Blissey
|-status|p2a: Blissey|slp|[from] move: Lovely Kiss
|cant|p2a: Blissey|slp
|
|-heal|p1a: Jynx|75/100|[from] item: Leftovers
|-heal|p2a: Blissey|44/100 slp|[from] item: Leftovers
|upkeep
|turn|31
|
|t:|1730668299
|move|p1a: Jynx|Calm Mind|p1a: Jynx
|-boost|p1a: Jynx|spa|1
|-boost|p1a: Jynx|spd|1
|-curestatus|p2a: Blissey|slp|[msg]
|move|p2a: Blissey|Soft-Boiled|p2a: Blissey
|-heal|p2a: Blissey|94/100
|
|-heal|p1a: Jynx|81/100|[from] item: Leftovers
|-heal|p2a: Blissey|100/100|[from] item: Leftovers
|upkeep
|turn|32
|
|t:|1730668306
|move|p1a: Jynx|Lovely Kiss|p2a: Blissey|[miss]
|-miss|p1a: Jynx|p2a: Blissey
|move|p2a: Blissey|Seismic Toss|p1a: Jynx
|-damage|p1a: Jynx|44/100
|
|-heal|p1a: Jynx|50/100|[from] item: Leftovers
|upkeep
|turn|33
|
|t:|1730668310
|move|p1a: Jynx|Lovely Kiss|p2a: Blissey
|-status|p2a: Blissey|slp|[from] move: Lovely Kiss
|cant|p2a: Blissey|slp
|
|-heal|p1a: Jynx|55/100|[from] item: Leftovers
|upkeep
|turn|34
|
|t:|1730668312
|-curestatus|p2a: Blissey|slp|[from] ability: Natural Cure
|switch|p2a: Starmie|Starmie|100/100
|move|p1a: Jynx|Calm Mind|p1a: Jynx
|-boost|p1a: Jynx|spa|1
|-boost|p1a: Jynx|spd|1
|
|-heal|p1a: Jynx|61/100|[from] item: Leftovers
|upkeep
|turn|35
|
|t:|1730668318
|move|p2a: Starmie|Thunder Wave|p1a: Jynx
|-status|p1a: Jynx|par
|cant|p1a: Jynx|par
|
|-heal|p1a: Jynx|67/100 par|[from] item: Leftovers
|upkeep
|turn|36
|
|t:|1730668326
|switch|p2a: Blissey|Blissey, F|100/100
|move|p1a: Jynx|Ice Beam|p2a: Blissey
|-damage|p2a: Blissey|66/100
|
|-heal|p2a: Blissey|72/100|[from] item: Leftovers
|-heal|p1a: Jynx|73/100 par|[from] item: Leftovers
|upkeep
|turn|37
|
|t:|1730668328
|move|p2a: Blissey|Seismic Toss|p1a: Jynx
|-damage|p1a: Jynx|36/100 par
|cant|p1a: Jynx|par
|
|-heal|p2a: Blissey|78/100|[from] item: Leftovers
|-heal|p1a: Jynx|42/100 par|[from] item: Leftovers
|upkeep
|turn|38
|
|t:|1730668332
|move|p2a: Blissey|Seismic Toss|p1a: Jynx
|-damage|p1a: Jynx|5/100 par
|move|p1a: Jynx|Lovely Kiss|p2a: Blissey
|-status|p2a: Blissey|slp|[from] move: Lovely Kiss
|
|-heal|p2a: Blissey|84/100 slp|[from] item: Leftovers
|-heal|p1a: Jynx|11/100 par|[from] item: Leftovers
|upkeep
|turn|39
|
|t:|1730668335
|cant|p2a: Blissey|slp
|move|p1a: Jynx|Ice Beam|p2a: Blissey
|-damage|p2a: Blissey|49/100 slp
|
|-heal|p2a: Blissey|55/100 slp|[from] item: Leftovers
|-heal|p1a: Jynx|17/100 par|[from] item: Leftovers
|upkeep
|turn|40
|
|t:|1730668340
|cant|p2a: Blissey|slp
|move|p1a: Jynx|Ice Beam|p2a: Blissey
|-damage|p2a: Blissey|17/100 slp
|
|-heal|p2a: Blissey|23/100 slp|[from] item: Leftovers
|-heal|p1a: Jynx|23/100 par|[from] item: Leftovers
|upkeep
|turn|41
|
|t:|1730668349
|cant|p2a: Blissey|slp
|move|p1a: Jynx|Ice Beam|p2a: Blissey
|-damage|p2a: Blissey|0 fnt
|faint|p2a: Blissey
|
|t:|1730668351
|switch|p2a: Starmie|Starmie|100/100
|
|-heal|p1a: Jynx|29/100 par|[from] item: Leftovers
|upkeep
|turn|42
|
|t:|1730668352
|move|p2a: Starmie|Surf|p1a: Jynx
|-damage|p1a: Jynx|7/100 par
|move|p1a: Jynx|Lovely Kiss|p2a: Starmie|[miss]
|-miss|p1a: Jynx|p2a: Starmie
|
|-heal|p1a: Jynx|13/100 par|[from] item: Leftovers
|upkeep
|turn|43
|
|t:|1730668355
|move|p2a: Starmie|Surf|p1a: Jynx
|-damage|p1a: Jynx|0 fnt
|faint|p1a: Jynx
|
|t:|1730668356
|switch|p1a: Suicune|Suicune|90/100 par
|
|-heal|p1a: Suicune|97/100 par|[from] item: Leftovers
|upkeep
|turn|44
|
|t:|1730668358
|move|p2a: Starmie|Thunder Wave|p1a: Suicune
|-fail|p1a: Suicune|par
|cant|p1a: Suicune|par
|
|-heal|p1a: Suicune|100/100 par|[from] item: Leftovers
|upkeep
|turn|45
|
|t:|1730668360
|move|p2a: Starmie|Surf|p1a: Suicune
|-resisted|p1a: Suicune
|-damage|p1a: Suicune|88/100 par
|move|p1a: Suicune|Calm Mind|p1a: Suicune
|-boost|p1a: Suicune|spa|1
|-boost|p1a: Suicune|spd|1
|
|-heal|p1a: Suicune|94/100 par|[from] item: Leftovers
|upkeep
|turn|46
|
|t:|1730668362
|move|p2a: Starmie|Rapid Spin|p1a: Suicune
|-crit|p1a: Suicune
|-damage|p1a: Suicune|89/100 par
|move|p1a: Suicune|Calm Mind|p1a: Suicune
|-boost|p1a: Suicune|spa|1
|-boost|p1a: Suicune|spd|1
|
|-heal|p1a: Suicune|95/100 par|[from] item: Leftovers
|upkeep
|turn|47
|
|t:|1730668364
|move|p2a: Starmie|Surf|p1a: Suicune
|-resisted|p1a: Suicune
|-damage|p1a: Suicune|89/100 par
|move|p1a: Suicune|Calm Mind|p1a: Suicune
|-boost|p1a: Suicune|spa|1
|-boost|p1a: Suicune|spd|1
|
|-heal|p1a: Suicune|95/100 par|[from] item: Leftovers
|upkeep
|turn|48
|
|t:|1730668365
|move|p2a: Starmie|Surf|p1a: Suicune
|-resisted|p1a: Suicune
|-damage|p1a: Suicune|91/100 par
|cant|p1a: Suicune|par
|
|-heal|p1a: Suicune|97/100 par|[from] item: Leftovers
|upkeep
|turn|49
|
|t:|1730668367
|move|p2a: Starmie|Surf|p1a: Suicune
|-resisted|p1a: Suicune
|-damage|p1a: Suicune|92/100 par
|move|p1a: Suicune|Calm Mind|p1a: Suicune
|-boost|p1a: Suicune|spa|1
|-boost|p1a: Suicune|spd|1
|
|-heal|p1a: Suicune|99/100 par|[from] item: Leftovers
|upkeep
|turn|50
|
|t:|1730668368
|move|p2a: Starmie|Surf|p1a: Suicune
|-resisted|p1a: Suicune
|-damage|p1a: Suicune|94/100 par
|move|p1a: Suicune|Calm Mind|p1a: Suicune
|-boost|p1a: Suicune|spa|1
|-boost|p1a: Suicune|spd|1
|
|-heal|p1a: Suicune|99/100 par|[from] item: Leftovers
|upkeep
|turn|51
|
|t:|1730668369
|move|p2a: Starmie|Surf|p1a: Suicune
|-resisted|p1a: Suicune
|-damage|p1a: Suicune|97/100 par
|cant|p1a: Suicune|par
|
|-heal|p1a: Suicune|100/100 par|[from] item: Leftovers
|upkeep
|turn|52
|
|t:|1730668370
|move|p2a: Starmie|Surf|p1a: Suicune
|-resisted|p1a: Suicune
|-damage|p1a: Suicune|97/100 par
|move|p1a: Suicune|Calm Mind|p1a: Suicune
|-boost|p1a: Suicune|spa|1
|-boost|p1a: Suicune|spd|1
|
|-heal|p1a: Suicune|100/100 par|[from] item: Leftovers
|upkeep
|turn|53
|
|t:|1730668371
|move|p2a: Starmie|Surf|p1a: Suicune
|-resisted|p1a: Suicune
|-damage|p1a: Suicune|98/100 par
|move|p1a: Suicune|Surf|p2a: Starmie
|-resisted|p2a: Starmie
|-damage|p2a: Starmie|0 fnt
|faint|p2a: Starmie
|
|win|Derevien
|c|☆Derevien|gg
|c|☆Colby2D|ggs
|player|p2|

</script>
<script type="application/json" class="data" id="replaydata-smogtours-gen3ou-804595">
{"id":"smogtours-gen3ou-804595","format":"[Gen 3] OU","players":["Derevien","Colby2D"],"uploadtime":1730668371,"views":47,"formatid":"gen3ou","rating":null,"private":0,"password":null}
</script>

<script defer src="js/replays.js?9d40a366"></script>
