<!DOCTYPE html>
<meta charset="utf-8" />
<meta name="viewport" content="width=device-width" />

<title>[Gen 3] OU: tycarter vs. leoperi99 - Replays - Pok&eacute;mon Showdown!</title>

<meta name="description" content="Watch a replay of a Pok&eacute;mon battle between tycarter and leoperi99! Format: [Gen 3] OU; Date: Nov 13, 2024" />
<!--

Hey, you! Looking in the source for the replay log?

You can find them in JSON format, just add `.json` at the end of a replay URL.

https://replay.pokemonshowdown.com/gen7randomdoublesbattle-865046831.json

Or, if you only need the log itself, add `.log` instead:

https://replay.pokemonshowdown.com/gen7randomdoublesbattle-865046831.log

-->

<link rel="stylesheet" href="//pokemonshowdown.com/style/global.css?0.767286132409787" />
<link rel="stylesheet" href="//play.pokemonshowdown.com/style/font-awesome.css?0.9266228007934947" />
<link rel="stylesheet" href="//play.pokemonshowdown.com/style/battle.css?0.7924700842790926" />
<link rel="stylesheet" href="//play.pokemonshowdown.com/style/utilichart.css?0.8777417872839479" />

<!-- Global site tag (gtag.js) - Google Analytics -->
<script async src="https://www.googletagmanager.com/gtag/js?id=UA-26211653-1"></script>
<script>
  window.dataLayer = window.dataLayer || [];
  function gtag(){dataLayer.push(arguments);}
  gtag('js', new Date());

  gtag('config', 'UA-26211653-1');
</script>
<!-- End Google Analytics -->
<!-- Venatus Ad Manager - Install in <HEAD> of page -->
	<script src="https://hb.vntsm.com/v3/live/ad-manager.min.js" type="text/javascript" data-site-id="642aba63ec9a7b11c3c9c1be" data-mode="scan" async></script>
<!-- / Venatus Ad Manager -->

<style>
	@media (max-width:820px) {
		.battle {
			margin: 0 auto;
		}
		.battle-log {
			margin: 7px auto 0;
			max-width: 640px;
			height: 300px;
			position: static;
		}
	}
	.optgroup {
		display: inline-block;
		line-height: 22px;
		font-size: 10pt;
	}
	.optgroup .button {
		height: 25px;
		padding-top: 0;
		padding-bottom: 0;
	}
	.optgroup button.button {
		padding-left: 12px;
		padding-right: 12px;
	}
	.linklist {
		list-style: none;
		margin: 0.5em 0;
		padding: 0;
	}
	.linklist li {
		padding: 2px 0;
	}
	.sidebar {
		float: left;
		width: 320px;
	}
	.bar-wrapper {
		max-width: 1100px;
		margin: 0 auto;
	}
	.bar-wrapper.has-sidebar {
		max-width: 1430px;
	}
	.mainbar {
		margin: 0;
		padding-right: 1px;
	}
	.mainbar.has-sidebar {
		margin-left: 330px;
	}
	@media (min-width: 1511px) {
		.sidebar {
			width: 400px;
		}
		.bar-wrapper.has-sidebar {
			max-width: 1510px;
		}
		.mainbar.has-sidebar {
			margin-left: 410px;
		}
	}
	.section.first-section {
		margin-top: 9px;
	}
	.blocklink small {
		white-space: normal;
	}
	.button {
		vertical-align: middle;
	}
	.replay-controls {
		padding-top: 10px;
	}
	.replay-controls h1 {
		font-size: 16pt;
		font-weight: normal;
		color: #CCC;
	}
	.pagelink {
		text-align: center;
	}
	.pagelink a {
		width: 150px;
	}
	.textbox, .button {
		font-size: 11pt;
		vertical-align: middle;
	}
	@media (max-width: 450px) {
		.button {
			font-size: 9pt;
		}
	}
</style>

<div>

	<header>
		<div class="nav-wrapper"><ul class="nav">
			<li><a class="button nav-first" href="//pokemonshowdown.com/"><img src="//pokemonshowdown.com/images/pokemonshowdownbeta.png" srcset="//pokemonshowdown.com/images/pokemonshowdownbeta.png 1x, //pokemonshowdown.com/images/pokemonshowdownbeta@2x.png 2x" alt="Pok&eacute;mon Showdown" width="146" height="44" /> Home</a></li>
			<li><a class="button" href="//pokemonshowdown.com/dex/">Pok&eacute;dex</a></li>
			<li><a class="button cur" href="/">Replays</a></li>
			<li><a class="button" href="//pokemonshowdown.com/ladder/">Ladder</a></li>
			<li><a class="button nav-last" href="//pokemonshowdown.com/forums/">Forum</a></li>
			<li><a class="button greenbutton nav-first nav-last" href="//play.pokemonshowdown.com/">Play</a></li>
		</ul></div>
	</header>

	<div class="main" id="main">

		<noscript><section class="section">You need to enable JavaScript to use this page; sorry!</section></noscript>

	</div>

</div>

<script defer nomodule src="//play.pokemonshowdown.com/js/lib/ps-polyfill.js"></script>
<script defer src="//play.pokemonshowdown.com/js/lib/preact.min.js"></script>

<script defer src="//play.pokemonshowdown.com/config/config.js?6dec07f6"></script>
<script defer src="//play.pokemonshowdown.com/js/lib/jquery-1.11.0.min.js"></script>
<script defer src="//play.pokemonshowdown.com/js/lib/html-sanitizer-minified.js"></script>
<script defer src="//play.pokemonshowdown.com/js/battle-sound.js"></script>
<script defer src="//play.pokemonshowdown.com/js/battledata.js?0.6315294753075389"></script>
<script defer src="//play.pokemonshowdown.com/data/pokedex-mini.js?0.7603743185311358"></script>
<script defer src="//play.pokemonshowdown.com/data/pokedex-mini-bw.js?0.030888842834281283"></script>
<script defer src="//play.pokemonshowdown.com/data/graphics.js?0.05593094747507488"></script>
<script defer src="//play.pokemonshowdown.com/data/pokedex.js?0.47064822249611904"></script>
<script defer src="//play.pokemonshowdown.com/data/moves.js?0.8583693120512459"></script>
<script defer src="//play.pokemonshowdown.com/data/abilities.js?0.16017181182386842"></script>
<script defer src="//play.pokemonshowdown.com/data/items.js?0.4163379185673943"></script>
<script defer src="//play.pokemonshowdown.com/data/teambuilder-tables.js?0.31075597372830477"></script>
<script defer src="//play.pokemonshowdown.com/js/battle-tooltips.js?0.6536193500708172"></script>
<script defer src="//play.pokemonshowdown.com/js/battle.js?0.1916591943277901"></script>

<script defer src="js/utils.js?e31f9a17"></script>
<script defer src="js/replays-battle.js?7008c182"></script>

<!-- don't scrape this data! just add .json or .log after the URL!
Full API docs: https://github.com/smogon/pokemon-showdown-client/blob/master/WEB-API.md -->
<script type="text/plain" class="log" id="replaylog-smogtours-gen3ou-806165">
|inactive|Battle timer is ON: inactive players will automatically lose when time's up.
|t:|1731525416
|gametype|singles
|player|p1|tycarter|#ptplvjirachis|
|player|p2|leoperi99|hala|
|teamsize|p1|6
|teamsize|p2|6
|gen|3
|tier|[Gen 3] OU
|rule|Sleep Clause Mod: Limit one foe put to sleep
|rule|Switch Priority Clause Mod: Faster Pokémon switch first
|rule|Species Clause: Limit one of each Pokémon
|rule|OHKO Clause: OHKO moves are banned
|rule|Evasion Items Clause: Evasion items are banned
|rule|Evasion Moves Clause: Evasion moves are banned
|rule|Endless Battle Clause: Forcing endless battles is banned
|rule|HP Percentage Mod: HP is shown in percentages
|rule|One Boost Passer Clause: Limit one Baton Passer that has a way to boost its stats
|rule|Freeze Clause Mod: Limit one foe frozen
|
|t:|1731525416
|start
|switch|p1a: Celebi|Celebi|100/100
|switch|p2a: Suicune|Suicune|100/100
|turn|1
|c|☆tycarter|hf
|c|☆leoperi99|u2
|
|t:|1731525457
|move|p1a: Celebi|Leech Seed|p2a: Suicune
|-start|p2a: Suicune|move: Leech Seed
|move|p2a: Suicune|Roar|p1a: Celebi
|drag|p1a: Milotic|Milotic, F|100/100
|
|-damage|p2a: Suicune|88/100|[from] Leech Seed|[of] p1a: Milotic
|upkeep
|turn|2
|
|t:|1731525467
|switch|p2a: Blissey|Blissey, F|100/100
|move|p1a: Milotic|Toxic|p2a: Blissey
|-status|p2a: Blissey|tox
|
|-damage|p2a: Blissey|94/100 tox|[from] psn
|upkeep
|turn|3
|
|t:|1731525481
|switch|p1a: Skarmory|Skarmory, M|100/100
|-curestatus|p2a: Blissey|tox|[from] ability: Natural Cure
|switch|p2a: Skarmory|Skarmory, F|100/100
|
|upkeep
|turn|4
|
|t:|1731525486
|move|p2a: Skarmory|Spikes|p1a: Skarmory
|-sidestart|p1: tycarter|Spikes
|move|p1a: Skarmory|Spikes|p2a: Skarmory
|-sidestart|p2: leoperi99|Spikes
|
|upkeep
|turn|5
|
|t:|1731525491
|move|p2a: Skarmory|Spikes|p1a: Skarmory
|-sidestart|p1: tycarter|Spikes
|move|p1a: Skarmory|Spikes|p2a: Skarmory
|-sidestart|p2: leoperi99|Spikes
|
|upkeep
|turn|6
|
|t:|1731525494
|move|p2a: Skarmory|Spikes|p1a: Skarmory
|-sidestart|p1: tycarter|Spikes
|move|p1a: Skarmory|Spikes|p2a: Skarmory
|-sidestart|p2: leoperi99|Spikes
|
|upkeep
|turn|7
|
|t:|1731525497
|move|p1a: Skarmory|Drill Peck|p2a: Skarmory
|-resisted|p2a: Skarmory
|-damage|p2a: Skarmory|92/100
|move|p2a: Skarmory|Roar|p1a: Skarmory
|drag|p1a: Blissey|Blissey, F|100/100
|-damage|p1a: Blissey|76/100|[from] Spikes
|
|-heal|p2a: Skarmory|98/100|[from] item: Leftovers
|-heal|p1a: Blissey|82/100|[from] item: Leftovers
|upkeep
|turn|8
|
|t:|1731525518
|switch|p1a: Claydol|Claydol|100/100
|move|p2a: Skarmory|Protect||[still]
|-fail|p2a: Skarmory
|
|-heal|p2a: Skarmory|100/100|[from] item: Leftovers
|upkeep
|turn|9
|
|t:|1731525522
|move|p2a: Skarmory|Toxic|p1a: Claydol
|-status|p1a: Claydol|tox
|move|p1a: Claydol|Rapid Spin|p2a: Skarmory
|-resisted|p2a: Skarmory
|-damage|p2a: Skarmory|99/100
|-sideend|p1: tycarter|Spikes|[from] move: Rapid Spin|[of] p1a: Claydol
|
|-heal|p2a: Skarmory|100/100|[from] item: Leftovers
|-damage|p1a: Claydol|94/100 tox|[from] psn
|upkeep
|turn|10
|
|t:|1731525525
|move|p2a: Skarmory|Spikes|p1a: Claydol
|-sidestart|p1: tycarter|Spikes
|move|p1a: Claydol|Refresh|p1a: Claydol
|-curestatus|p1a: Claydol|tox|[msg]
|
|-heal|p1a: Claydol|100/100|[from] item: Leftovers
|upkeep
|turn|11
|
|t:|1731525536
|switch|p2a: Claydol|Claydol|100/100
|move|p1a: Claydol|Rapid Spin|p2a: Claydol
|-damage|p2a: Claydol|97/100
|-sideend|p1: tycarter|Spikes|[from] move: Rapid Spin|[of] p1a: Claydol
|
|-heal|p2a: Claydol|100/100|[from] item: Leftovers
|upkeep
|turn|12
|
|t:|1731525561
|switch|p1a: Milotic|Milotic, F|100/100
|move|p2a: Claydol|Rapid Spin|p1a: Milotic
|-damage|p1a: Milotic|97/100
|-sideend|p2: leoperi99|Spikes|[from] move: Rapid Spin|[of] p2a: Claydol
|
|-heal|p1a: Milotic|100/100|[from] item: Leftovers
|upkeep
|turn|13
|
|t:|1731525575
|switch|p1a: Skarmory|Skarmory, M|100/100
|switch|p2a: Blissey|Blissey, F|94/100
|
|-heal|p2a: Blissey|100/100|[from] item: Leftovers
|upkeep
|turn|14
|
|t:|1731525583
|move|p1a: Skarmory|Protect|p1a: Skarmory
|-singleturn|p1a: Skarmory|Protect
|move|p2a: Blissey|Seismic Toss|p1a: Skarmory
|-activate|p1a: Skarmory|Protect
|
|upkeep
|turn|15
|
|t:|1731525586
|move|p1a: Skarmory|Spikes|p2a: Blissey
|-sidestart|p2: leoperi99|Spikes
|move|p2a: Blissey|Ice Beam|p1a: Skarmory
|-damage|p1a: Skarmory|79/100
|
|-heal|p1a: Skarmory|85/100|[from] item: Leftovers
|upkeep
|turn|16
|
|t:|1731525590
|switch|p1a: Blissey|Blissey, F|82/100
|move|p2a: Blissey|Ice Beam|p1a: Blissey
|-damage|p1a: Blissey|72/100
|
|-heal|p1a: Blissey|79/100|[from] item: Leftovers
|upkeep
|turn|17
|
|t:|1731525595
|switch|p2a: Skarmory|Skarmory, F|100/100
|move|p1a: Blissey|Soft-Boiled|p1a: Blissey
|-heal|p1a: Blissey|100/100
|
|upkeep
|turn|18
|
|t:|1731525597
|move|p2a: Skarmory|Spikes|p1a: Blissey
|-sidestart|p1: tycarter|Spikes
|move|p1a: Blissey|Thunderbolt|p2a: Skarmory
|-supereffective|p2a: Skarmory
|-damage|p2a: Skarmory|52/100
|-status|p2a: Skarmory|par
|
|-heal|p2a: Skarmory|58/100 par|[from] item: Leftovers
|upkeep
|turn|19
|
|t:|1731525609
|switch|p2a: Suicune|Suicune|88/100
|-damage|p2a: Suicune|76/100|[from] Spikes
|move|p1a: Blissey|Calm Mind|p1a: Blissey
|-boost|p1a: Blissey|spa|1
|-boost|p1a: Blissey|spd|1
|
|-heal|p2a: Suicune|82/100|[from] item: Leftovers
|upkeep
|turn|20
|
|t:|1731525616
|move|p2a: Suicune|Calm Mind|p2a: Suicune
|-boost|p2a: Suicune|spa|1
|-boost|p2a: Suicune|spd|1
|move|p1a: Blissey|Thunderbolt|p2a: Suicune
|-supereffective|p2a: Suicune
|-damage|p2a: Suicune|41/100
|-status|p2a: Suicune|par
|
|-heal|p2a: Suicune|47/100 par|[from] item: Leftovers
|upkeep
|turn|21
|
|t:|1731525622
|move|p1a: Blissey|Thunderbolt|p2a: Suicune
|-supereffective|p2a: Suicune
|-damage|p2a: Suicune|7/100 par
|move|p2a: Suicune|Rest|p2a: Suicune
|-status|p2a: Suicune|slp|[from] move: Rest
|-heal|p2a: Suicune|100/100 slp|[silent]
|
|upkeep
|turn|22
|
|t:|1731525625
|cant|p2a: Suicune|slp
|move|p1a: Blissey|Calm Mind|p1a: Blissey
|-boost|p1a: Blissey|spa|1
|-boost|p1a: Blissey|spd|1
|
|upkeep
|turn|23
|
|t:|1731525627
|cant|p2a: Suicune|slp
|move|p1a: Blissey|Thunderbolt|p2a: Suicune
|-supereffective|p2a: Suicune
|-crit|p2a: Suicune
|-damage|p2a: Suicune|0 fnt
|faint|p2a: Suicune
|
|t:|1731525631
|switch|p2a: Claydol|Claydol|100/100
|
|upkeep
|turn|24
|
|t:|1731525636
|switch|p1a: Skarmory|Skarmory, M|85/100
|move|p2a: Claydol|Rapid Spin|p1a: Skarmory
|-resisted|p1a: Skarmory
|-damage|p1a: Skarmory|84/100
|-sideend|p2: leoperi99|Spikes|[from] move: Rapid Spin|[of] p2a: Claydol
|
|-heal|p1a: Skarmory|90/100|[from] item: Leftovers
|upkeep
|turn|25
|
|t:|1731525641
|switch|p2a: Jirachi|Jirachi|100/100
|move|p1a: Skarmory|Spikes|p2a: Jirachi
|-sidestart|p2: leoperi99|Spikes
|
|-heal|p1a: Skarmory|96/100|[from] item: Leftovers
|upkeep
|turn|26
|
|t:|1731525644
|move|p1a: Skarmory|Protect|p1a: Skarmory
|-singleturn|p1a: Skarmory|Protect
|move|p2a: Jirachi|Calm Mind|p2a: Jirachi
|-boost|p2a: Jirachi|spa|1
|-boost|p2a: Jirachi|spd|1
|
|-heal|p1a: Skarmory|100/100|[from] item: Leftovers
|upkeep
|turn|27
|
|t:|1731525646
|move|p2a: Jirachi|Fire Punch|p1a: Skarmory
|-supereffective|p1a: Skarmory
|-damage|p1a: Skarmory|55/100
|-status|p1a: Skarmory|brn
|move|p1a: Skarmory|Roar|p2a: Jirachi
|drag|p2a: Skarmory|Skarmory, F|58/100 par
|
|-heal|p1a: Skarmory|61/100 brn|[from] item: Leftovers
|-damage|p1a: Skarmory|48/100 brn|[from] brn
|-heal|p2a: Skarmory|64/100 par|[from] item: Leftovers
|upkeep
|turn|28
|
|t:|1731525652
|switch|p1a: Claydol|Claydol|100/100
|switch|p2a: Claydol|Claydol|100/100
|
|upkeep
|turn|29
|
|t:|1731525654
|move|p2a: Claydol|Rapid Spin|p1a: Claydol
|-damage|p1a: Claydol|97/100
|-sideend|p2: leoperi99|Spikes|[from] move: Rapid Spin|[of] p2a: Claydol
|move|p1a: Claydol|Rapid Spin|p2a: Claydol
|-damage|p2a: Claydol|97/100
|-sideend|p1: tycarter|Spikes|[from] move: Rapid Spin|[of] p1a: Claydol
|
|-heal|p2a: Claydol|100/100|[from] item: Leftovers
|-heal|p1a: Claydol|100/100|[from] item: Leftovers
|upkeep
|turn|30
|
|t:|1731525659
|move|p2a: Claydol|Psychic|p1a: Claydol
|-resisted|p1a: Claydol
|-damage|p1a: Claydol|92/100
|move|p1a: Claydol|Psychic|p2a: Claydol
|-resisted|p2a: Claydol
|-damage|p2a: Claydol|91/100
|-unboost|p2a: Claydol|spd|1
|
|-heal|p2a: Claydol|97/100|[from] item: Leftovers
|-heal|p1a: Claydol|98/100|[from] item: Leftovers
|upkeep
|turn|31
|
|t:|1731525664
|switch|p2a: Skarmory|Skarmory, F|64/100 par
|switch|p1a: Blissey|Blissey, F|100/100
|
|-heal|p2a: Skarmory|70/100 par|[from] item: Leftovers
|upkeep
|turn|32
|
|t:|1731525673
|switch|p2a: Dugtrio|Dugtrio, F|100/100
|move|p1a: Blissey|Thunderbolt|p2a: Dugtrio
|-immune|p2a: Dugtrio
|
|upkeep
|turn|33
|
|t:|1731525677
|move|p2a: Dugtrio|Earthquake|p1a: Blissey
|-damage|p1a: Blissey|39/100
|move|p1a: Blissey|Ice Beam|p2a: Dugtrio
|-supereffective|p2a: Dugtrio
|-damage|p2a: Dugtrio|0 fnt
|faint|p2a: Dugtrio
|
|t:|1731525681
|switch|p2a: Claydol|Claydol|97/100
|
|-heal|p2a: Claydol|100/100|[from] item: Leftovers
|-heal|p1a: Blissey|45/100|[from] item: Leftovers
|upkeep
|turn|34
|
|t:|1731525686
|switch|p1a: Milotic|Milotic, F|100/100
|move|p2a: Claydol|Psychic|p1a: Milotic
|-damage|p1a: Milotic|85/100
|
|-heal|p1a: Milotic|91/100|[from] item: Leftovers
|upkeep
|turn|35
|
|t:|1731525690
|switch|p2a: Blissey|Blissey, F|100/100
|move|p1a: Milotic|Surf|p2a: Blissey
|-damage|p2a: Blissey|86/100
|
|-heal|p1a: Milotic|97/100|[from] item: Leftovers
|-heal|p2a: Blissey|92/100|[from] item: Leftovers
|upkeep
|turn|36
|
|t:|1731525695
|switch|p2a: Claydol|Claydol|100/100
|move|p1a: Milotic|Toxic|p2a: Claydol
|-status|p2a: Claydol|tox
|
|-heal|p1a: Milotic|100/100|[from] item: Leftovers
|-damage|p2a: Claydol|94/100 tox|[from] psn
|upkeep
|turn|37
|
|t:|1731525698
|switch|p2a: Blissey|Blissey, F|92/100
|move|p1a: Milotic|Surf|p2a: Blissey
|-damage|p2a: Blissey|80/100
|
|-heal|p2a: Blissey|86/100|[from] item: Leftovers
|upkeep
|turn|38
|
|t:|1731525700
|move|p1a: Milotic|Toxic|p2a: Blissey
|-status|p2a: Blissey|tox
|move|p2a: Blissey|Aromatherapy|p2a: Blissey
|-cureteam|p2a: Blissey|[from] move: Aromatherapy
|
|-heal|p2a: Blissey|92/100|[from] item: Leftovers
|upkeep
|turn|39
|
|t:|1731525704
|switch|p1a: Blissey|Blissey, F|45/100
|move|p2a: Blissey|Seismic Toss|p1a: Blissey
|-damage|p1a: Blissey|30/100
|
|-heal|p1a: Blissey|36/100|[from] item: Leftovers
|-heal|p2a: Blissey|98/100|[from] item: Leftovers
|upkeep
|turn|40
|
|t:|1731525710
|switch|p2a: Jirachi|Jirachi|100/100
|move|p1a: Blissey|Soft-Boiled|p1a: Blissey
|-heal|p1a: Blissey|86/100
|
|-heal|p1a: Blissey|92/100|[from] item: Leftovers
|upkeep
|turn|41
|
|t:|1731525712
|switch|p1a: Dugtrio|Dugtrio, F|100/100
|move|p2a: Jirachi|Calm Mind|p2a: Jirachi
|-boost|p2a: Jirachi|spa|1
|-boost|p2a: Jirachi|spd|1
|
|upkeep
|turn|42
|
|t:|1731525714
|move|p1a: Dugtrio|Earthquake|p2a: Jirachi
|-supereffective|p2a: Jirachi
|-damage|p2a: Jirachi|27/100
|move|p2a: Jirachi|Psychic|p1a: Dugtrio
|-damage|p1a: Dugtrio|0 fnt
|faint|p1a: Dugtrio
|
|t:|1731525722
|switch|p1a: Celebi|Celebi|100/100
|
|-heal|p2a: Jirachi|33/100|[from] item: Leftovers
|upkeep
|turn|43
|
|t:|1731525725
|move|p1a: Celebi|Leech Seed|p2a: Jirachi
|-start|p2a: Jirachi|move: Leech Seed
|move|p2a: Jirachi|Wish|p2a: Jirachi
|
|-heal|p2a: Jirachi|39/100|[from] item: Leftovers
|-damage|p2a: Jirachi|27/100|[from] Leech Seed|[of] p1a: Celebi
|upkeep
|turn|44
|
|t:|1731525730
|switch|p1a: Blissey|Blissey, F|92/100
|move|p2a: Jirachi|Fire Punch|p1a: Blissey
|-damage|p1a: Blissey|82/100
|-status|p1a: Blissey|brn
|
|-heal|p2a: Jirachi|77/100|[from] move: Wish|[wisher] Jirachi
|-heal|p2a: Jirachi|83/100|[from] item: Leftovers
|-damage|p2a: Jirachi|71/100|[from] Leech Seed|[of] p1a: Blissey
|-heal|p1a: Blissey|90/100 brn|[silent]
|-heal|p1a: Blissey|96/100 brn|[from] item: Leftovers
|-damage|p1a: Blissey|84/100 brn|[from] brn
|upkeep
|turn|45
|
|t:|1731525737
|switch|p2a: Claydol|Claydol|94/100
|-curestatus|p1a: Blissey|brn|[from] ability: Natural Cure
|switch|p1a: Milotic|Milotic, F|100/100
|
|-heal|p2a: Claydol|100/100|[from] item: Leftovers
|upkeep
|turn|46
|
|t:|1731525740
|switch|p2a: Blissey|Blissey, F|98/100
|move|p1a: Milotic|Surf|p2a: Blissey
|-damage|p2a: Blissey|85/100
|
|-heal|p2a: Blissey|92/100|[from] item: Leftovers
|upkeep
|turn|47
|
|t:|1731525749
|switch|p1a: Blissey|Blissey, F|84/100
|move|p2a: Blissey|Seismic Toss|p1a: Blissey
|-damage|p1a: Blissey|68/100
|
|-heal|p1a: Blissey|75/100|[from] item: Leftovers
|-heal|p2a: Blissey|98/100|[from] item: Leftovers
|upkeep
|turn|48
|
|t:|1731525757
|switch|p2a: Jirachi|Jirachi|71/100
|move|p1a: Blissey|Calm Mind|p1a: Blissey
|-boost|p1a: Blissey|spa|1
|-boost|p1a: Blissey|spd|1
|
|-heal|p2a: Jirachi|77/100|[from] item: Leftovers
|-heal|p1a: Blissey|81/100|[from] item: Leftovers
|upkeep
|turn|49
|
|t:|1731525759
|move|p2a: Jirachi|Calm Mind|p2a: Jirachi
|-boost|p2a: Jirachi|spa|1
|-boost|p2a: Jirachi|spd|1
|move|p1a: Blissey|Calm Mind|p1a: Blissey
|-boost|p1a: Blissey|spa|1
|-boost|p1a: Blissey|spd|1
|
|-heal|p2a: Jirachi|83/100|[from] item: Leftovers
|-heal|p1a: Blissey|87/100|[from] item: Leftovers
|upkeep
|turn|50
|
|t:|1731525763
|move|p2a: Jirachi|Calm Mind|p2a: Jirachi
|-boost|p2a: Jirachi|spa|1
|-boost|p2a: Jirachi|spd|1
|move|p1a: Blissey|Thunderbolt|p2a: Jirachi
|-damage|p2a: Jirachi|62/100
|-status|p2a: Jirachi|par
|
|-heal|p1a: Blissey|93/100|[from] item: Leftovers
|-heal|p2a: Jirachi|68/100 par|[from] item: Leftovers
|upkeep
|turn|51
|
|t:|1731525766
|move|p1a: Blissey|Calm Mind|p1a: Blissey
|-boost|p1a: Blissey|spa|1
|-boost|p1a: Blissey|spd|1
|move|p2a: Jirachi|Fire Punch|p1a: Blissey
|-damage|p1a: Blissey|88/100
|
|-heal|p1a: Blissey|94/100|[from] item: Leftovers
|-heal|p2a: Jirachi|74/100 par|[from] item: Leftovers
|upkeep
|turn|52
|
|t:|1731525769
|move|p1a: Blissey|Calm Mind|p1a: Blissey
|-boost|p1a: Blissey|spa|1
|-boost|p1a: Blissey|spd|1
|cant|p2a: Jirachi|par
|
|-heal|p1a: Blissey|99/100|[from] item: Leftovers
|-heal|p2a: Jirachi|80/100 par|[from] item: Leftovers
|upkeep
|turn|53
|
|t:|1731525770
|switch|p2a: Claydol|Claydol|100/100
|move|p1a: Blissey|Calm Mind|p1a: Blissey
|-boost|p1a: Blissey|spa|1
|-boost|p1a: Blissey|spd|1
|
|-heal|p1a: Blissey|100/100|[from] item: Leftovers
|upkeep
|turn|54
|
|t:|1731525786
|switch|p2a: Skarmory|Skarmory, F|70/100
|switch|p1a: Claydol|Claydol|98/100
|
|-heal|p2a: Skarmory|76/100|[from] item: Leftovers
|-heal|p1a: Claydol|100/100|[from] item: Leftovers
|upkeep
|turn|55
|
|t:|1731525793
|switch|p1a: Milotic|Milotic, F|100/100
|move|p2a: Skarmory|Toxic|p1a: Milotic
|-status|p1a: Milotic|tox
|
|-damage|p1a: Milotic|94/100 tox|[from] psn
|-heal|p2a: Skarmory|82/100|[from] item: Leftovers
|upkeep
|turn|56
|
|t:|1731525796
|switch|p2a: Blissey|Blissey, F|98/100
|move|p1a: Milotic|Refresh|p1a: Milotic
|-curestatus|p1a: Milotic|tox|[msg]
|
|-heal|p1a: Milotic|100/100|[from] item: Leftovers
|-heal|p2a: Blissey|100/100|[from] item: Leftovers
|upkeep
|turn|57
|
|t:|1731525801
|switch|p1a: Blissey|Blissey, F|100/100
|move|p2a: Blissey|Aromatherapy|p2a: Blissey
|-cureteam|p2a: Blissey|[from] move: Aromatherapy
|
|upkeep
|turn|58
|
|t:|1731525806
|switch|p2a: Jirachi|Jirachi|80/100
|move|p1a: Blissey|Calm Mind|p1a: Blissey
|-boost|p1a: Blissey|spa|1
|-boost|p1a: Blissey|spd|1
|
|-heal|p2a: Jirachi|87/100|[from] item: Leftovers
|upkeep
|turn|59
|
|t:|1731525809
|move|p2a: Jirachi|Calm Mind|p2a: Jirachi
|-boost|p2a: Jirachi|spa|1
|-boost|p2a: Jirachi|spd|1
|move|p1a: Blissey|Calm Mind|p1a: Blissey
|-boost|p1a: Blissey|spa|1
|-boost|p1a: Blissey|spd|1
|
|-heal|p2a: Jirachi|93/100|[from] item: Leftovers
|upkeep
|turn|60
|
|t:|1731525811
|move|p2a: Jirachi|Calm Mind|p2a: Jirachi
|-boost|p2a: Jirachi|spa|1
|-boost|p2a: Jirachi|spd|1
|move|p1a: Blissey|Calm Mind|p1a: Blissey
|-boost|p1a: Blissey|spa|1
|-boost|p1a: Blissey|spd|1
|
|-heal|p2a: Jirachi|99/100|[from] item: Leftovers
|upkeep
|turn|61
|
|t:|1731525813
|move|p2a: Jirachi|Calm Mind|p2a: Jirachi
|-boost|p2a: Jirachi|spa|1
|-boost|p2a: Jirachi|spd|1
|move|p1a: Blissey|Calm Mind|p1a: Blissey
|-boost|p1a: Blissey|spa|1
|-boost|p1a: Blissey|spd|1
|
|-heal|p2a: Jirachi|100/100|[from] item: Leftovers
|upkeep
|turn|62
|
|t:|1731525816
|move|p2a: Jirachi|Calm Mind|p2a: Jirachi
|-boost|p2a: Jirachi|spa|1
|-boost|p2a: Jirachi|spd|1
|move|p1a: Blissey|Calm Mind|p1a: Blissey
|-boost|p1a: Blissey|spa|1
|-boost|p1a: Blissey|spd|1
|
|upkeep
|turn|63
|
|t:|1731525819
|move|p2a: Jirachi|Calm Mind|p2a: Jirachi
|-boost|p2a: Jirachi|spa|1
|-boost|p2a: Jirachi|spd|1
|move|p1a: Blissey|Calm Mind|p1a: Blissey
|-boost|p1a: Blissey|spa|1
|-boost|p1a: Blissey|spd|1
|
|upkeep
|turn|64
|
|t:|1731525822
|move|p2a: Jirachi|Calm Mind|p2a: Jirachi
|-boost|p2a: Jirachi|spa|1
|-boost|p2a: Jirachi|spd|1
|move|p1a: Blissey|Ice Beam|p2a: Jirachi
|-resisted|p2a: Jirachi
|-damage|p2a: Jirachi|91/100
|
|-heal|p2a: Jirachi|97/100|[from] item: Leftovers
|upkeep
|turn|65
|
|t:|1731525824
|move|p2a: Jirachi|Fire Punch|p1a: Blissey
|-damage|p1a: Blissey|93/100
|move|p1a: Blissey|Ice Beam|p2a: Jirachi
|-resisted|p2a: Jirachi
|-damage|p2a: Jirachi|87/100
|
|-heal|p2a: Jirachi|93/100|[from] item: Leftovers
|-heal|p1a: Blissey|99/100|[from] item: Leftovers
|upkeep
|turn|66
|
|t:|1731525826
|move|p2a: Jirachi|Fire Punch|p1a: Blissey
|-damage|p1a: Blissey|92/100
|move|p1a: Blissey|Ice Beam|p2a: Jirachi
|-resisted|p2a: Jirachi
|-damage|p2a: Jirachi|82/100
|
|-heal|p2a: Jirachi|89/100|[from] item: Leftovers
|-heal|p1a: Blissey|98/100|[from] item: Leftovers
|upkeep
|turn|67
|
|t:|1731525828
|move|p2a: Jirachi|Fire Punch|p1a: Blissey
|-damage|p1a: Blissey|91/100
|move|p1a: Blissey|Ice Beam|p2a: Jirachi
|-resisted|p2a: Jirachi
|-damage|p2a: Jirachi|78/100
|
|-heal|p2a: Jirachi|84/100|[from] item: Leftovers
|-heal|p1a: Blissey|97/100|[from] item: Leftovers
|upkeep
|turn|68
|
|t:|1731525830
|move|p2a: Jirachi|Fire Punch|p1a: Blissey
|-damage|p1a: Blissey|90/100
|move|p1a: Blissey|Ice Beam|p2a: Jirachi
|-resisted|p2a: Jirachi
|-damage|p2a: Jirachi|74/100
|
|-heal|p2a: Jirachi|80/100|[from] item: Leftovers
|-heal|p1a: Blissey|96/100|[from] item: Leftovers
|upkeep
|turn|69
|
|t:|1731525832
|move|p2a: Jirachi|Wish|p2a: Jirachi
|move|p1a: Blissey|Ice Beam|p2a: Jirachi
|-resisted|p2a: Jirachi
|-damage|p2a: Jirachi|69/100
|
|-heal|p2a: Jirachi|75/100|[from] item: Leftovers
|-heal|p1a: Blissey|100/100|[from] item: Leftovers
|upkeep
|turn|70
|
|t:|1731525834
|move|p2a: Jirachi|Fire Punch|p1a: Blissey
|-damage|p1a: Blissey|93/100
|-status|p1a: Blissey|brn
|move|p1a: Blissey|Thunderbolt|p2a: Jirachi
|-damage|p2a: Jirachi|55/100
|
|-heal|p2a: Jirachi|100/100|[from] move: Wish|[wisher] Jirachi
|-heal|p1a: Blissey|99/100 brn|[from] item: Leftovers
|-damage|p1a: Blissey|87/100 brn|[from] brn
|upkeep
|turn|71
|
|t:|1731525837
|move|p2a: Jirachi|Psychic|p1a: Blissey
|-damage|p1a: Blissey|75/100 brn
|-unboost|p1a: Blissey|spd|1
|move|p1a: Blissey|Ice Beam|p2a: Jirachi
|-resisted|p2a: Jirachi
|-damage|p2a: Jirachi|91/100
|-status|p2a: Jirachi|frz
|
|-heal|p2a: Jirachi|97/100 frz|[from] item: Leftovers
|-heal|p1a: Blissey|81/100 brn|[from] item: Leftovers
|-damage|p1a: Blissey|68/100 brn|[from] brn
|upkeep
|turn|72
|
|t:|1731525841
|cant|p2a: Jirachi|frz
|move|p1a: Blissey|Soft-Boiled|p1a: Blissey
|-heal|p1a: Blissey|100/100 brn
|
|-heal|p2a: Jirachi|100/100 frz|[from] item: Leftovers
|-damage|p1a: Blissey|88/100 brn|[from] brn
|upkeep
|turn|73
|
|t:|1731525842
|cant|p2a: Jirachi|frz
|move|p1a: Blissey|Thunderbolt|p2a: Jirachi
|-damage|p2a: Jirachi|80/100 frz
|
|-heal|p2a: Jirachi|87/100 frz|[from] item: Leftovers
|-heal|p1a: Blissey|94/100 brn|[from] item: Leftovers
|-damage|p1a: Blissey|82/100 brn|[from] brn
|upkeep
|turn|74
|
|t:|1731525844
|-curestatus|p2a: Jirachi|frz|[msg]
|move|p2a: Jirachi|Psychic|p1a: Blissey
|-damage|p1a: Blissey|66/100 brn
|move|p1a: Blissey|Thunderbolt|p2a: Jirachi
|-damage|p2a: Jirachi|65/100
|
|-heal|p2a: Jirachi|71/100|[from] item: Leftovers
|-heal|p1a: Blissey|72/100 brn|[from] item: Leftovers
|-damage|p1a: Blissey|60/100 brn|[from] brn
|upkeep
|turn|75
|
|t:|1731525848
|move|p2a: Jirachi|Fire Punch|p1a: Blissey
|-damage|p1a: Blissey|51/100 brn
|move|p1a: Blissey|Soft-Boiled|p1a: Blissey
|-heal|p1a: Blissey|100/100 brn
|
|-heal|p2a: Jirachi|77/100|[from] item: Leftovers
|-damage|p1a: Blissey|88/100 brn|[from] brn
|upkeep
|turn|76
|
|t:|1731525851
|move|p2a: Jirachi|Psychic|p1a: Blissey
|-crit|p1a: Blissey
|-damage|p1a: Blissey|0 fnt
|faint|p1a: Blissey
|
|t:|1731525858
|switch|p1a: Celebi|Celebi|100/100
|
|-heal|p2a: Jirachi|83/100|[from] item: Leftovers
|upkeep
|turn|77
|
|t:|1731525860
|move|p1a: Celebi|Leech Seed|p2a: Jirachi
|-start|p2a: Jirachi|move: Leech Seed
|move|p2a: Jirachi|Fire Punch|p1a: Celebi
|-supereffective|p1a: Celebi
|-damage|p1a: Celebi|0 fnt
|faint|p1a: Celebi
|
|t:|1731525864
|switch|p1a: Milotic|Milotic, F|100/100
|
|-heal|p2a: Jirachi|90/100|[from] item: Leftovers
|-damage|p2a: Jirachi|77/100|[from] Leech Seed|[of] p1a: Milotic
|upkeep
|turn|78
|
|t:|1731525870
|switch|p2a: Blissey|Blissey, F|100/100
|switch|p1a: Claydol|Claydol|100/100
|
|upkeep
|turn|79
|
|t:|1731525874
|switch|p1a: Milotic|Milotic, F|100/100
|switch|p2a: Skarmory|Skarmory, F|82/100
|
|-heal|p2a: Skarmory|88/100|[from] item: Leftovers
|upkeep
|turn|80
|
|t:|1731525879
|move|p1a: Milotic|Surf|p2a: Skarmory
|-damage|p2a: Skarmory|55/100
|move|p2a: Skarmory|Toxic|p1a: Milotic
|-status|p1a: Milotic|tox
|
|-damage|p1a: Milotic|94/100 tox|[from] psn
|-heal|p2a: Skarmory|61/100|[from] item: Leftovers
|upkeep
|turn|81
|
|t:|1731525886
|switch|p2a: Blissey|Blissey, F|100/100
|move|p1a: Milotic|Refresh|p1a: Milotic
|-curestatus|p1a: Milotic|tox|[msg]
|
|-heal|p1a: Milotic|100/100|[from] item: Leftovers
|upkeep
|turn|82
|
|t:|1731525888
|move|p1a: Milotic|Toxic|p2a: Blissey
|-status|p2a: Blissey|tox
|move|p2a: Blissey|Ice Beam|p1a: Milotic
|-resisted|p1a: Milotic
|-crit|p1a: Milotic
|-damage|p1a: Milotic|85/100
|
|-heal|p1a: Milotic|91/100|[from] item: Leftovers
|-damage|p2a: Blissey|94/100 tox|[from] psn
|upkeep
|turn|83
|
|t:|1731525891
|move|p1a: Milotic|Surf|p2a: Blissey
|-damage|p2a: Blissey|81/100 tox
|move|p2a: Blissey|Seismic Toss|p1a: Milotic
|-damage|p1a: Milotic|66/100
|
|-heal|p1a: Milotic|72/100|[from] item: Leftovers
|-heal|p2a: Blissey|87/100 tox|[from] item: Leftovers
|-damage|p2a: Blissey|75/100 tox|[from] psn
|upkeep
|turn|84
|
|t:|1731525894
|move|p1a: Milotic|Surf|p2a: Blissey
|-damage|p2a: Blissey|61/100 tox
|move|p2a: Blissey|Seismic Toss|p1a: Milotic
|-damage|p1a: Milotic|46/100
|
|-heal|p1a: Milotic|53/100|[from] item: Leftovers
|-heal|p2a: Blissey|67/100 tox|[from] item: Leftovers
|-damage|p2a: Blissey|48/100 tox|[from] psn
|upkeep
|turn|85
|
|t:|1731525896
|move|p1a: Milotic|Recover|p1a: Milotic
|-heal|p1a: Milotic|100/100
|move|p2a: Blissey|Soft-Boiled|p2a: Blissey
|-heal|p2a: Blissey|98/100 tox
|
|-heal|p2a: Blissey|100/100 tox|[from] item: Leftovers
|-damage|p2a: Blissey|76/100 tox|[from] psn
|upkeep
|turn|86
|
|t:|1731525898
|-curestatus|p2a: Blissey|tox|[from] ability: Natural Cure
|switch|p2a: Skarmory|Skarmory, F|61/100
|move|p1a: Milotic|Surf|p2a: Skarmory
|-damage|p2a: Skarmory|31/100
|
|-heal|p2a: Skarmory|37/100|[from] item: Leftovers
|upkeep
|turn|87
|
|t:|1731525901
|move|p2a: Skarmory|Protect|p2a: Skarmory
|-singleturn|p2a: Skarmory|Protect
|move|p1a: Milotic|Surf|p2a: Skarmory
|-activate|p2a: Skarmory|Protect
|
|-heal|p2a: Skarmory|43/100|[from] item: Leftovers
|upkeep
|turn|88
|
|t:|1731525906
|move|p1a: Milotic|Surf|p2a: Skarmory
|-damage|p2a: Skarmory|14/100
|move|p2a: Skarmory|Toxic|p1a: Milotic|[miss]
|-miss|p2a: Skarmory|p1a: Milotic
|
|-heal|p2a: Skarmory|20/100|[from] item: Leftovers
|upkeep
|turn|89
|
|t:|1731525910
|move|p2a: Skarmory|Protect|p2a: Skarmory
|-singleturn|p2a: Skarmory|Protect
|move|p1a: Milotic|Refresh||[still]
|-fail|p1a: Milotic
|
|-heal|p2a: Skarmory|26/100|[from] item: Leftovers
|upkeep
|turn|90
|
|t:|1731525914
|move|p2a: Skarmory|Protect|p2a: Skarmory
|-singleturn|p2a: Skarmory|Protect
|move|p1a: Milotic|Surf|p2a: Skarmory
|-activate|p2a: Skarmory|Protect
|
|-heal|p2a: Skarmory|32/100|[from] item: Leftovers
|upkeep
|turn|91
|
|t:|1731525920
|switch|p2a: Blissey|Blissey, F|76/100
|move|p1a: Milotic|Surf|p2a: Blissey
|-damage|p2a: Blissey|63/100
|
|-heal|p2a: Blissey|69/100|[from] item: Leftovers
|upkeep
|turn|92
|
|t:|1731525922
|move|p1a: Milotic|Surf|p2a: Blissey
|-damage|p2a: Blissey|56/100
|move|p2a: Blissey|Seismic Toss|p1a: Milotic
|-damage|p1a: Milotic|75/100
|
|-heal|p1a: Milotic|81/100|[from] item: Leftovers
|-heal|p2a: Blissey|63/100|[from] item: Leftovers
|upkeep
|turn|93
|
|t:|1731525928
|switch|p2a: Jirachi|Jirachi|77/100
|move|p1a: Milotic|Surf|p2a: Jirachi
|-damage|p2a: Jirachi|50/100
|
|-heal|p2a: Jirachi|57/100|[from] item: Leftovers
|-heal|p1a: Milotic|87/100|[from] item: Leftovers
|upkeep
|turn|94
|
|t:|1731525931
|switch|p1a: Claydol|Claydol|100/100
|move|p2a: Jirachi|Wish|p2a: Jirachi
|
|-heal|p2a: Jirachi|63/100|[from] item: Leftovers
|upkeep
|turn|95
|
|t:|1731525936
|switch|p2a: Skarmory|Skarmory, F|32/100
|switch|p1a: Milotic|Milotic, F|87/100
|
|-heal|p2a: Skarmory|82/100|[from] move: Wish|[wisher] Jirachi
|-heal|p1a: Milotic|93/100|[from] item: Leftovers
|-heal|p2a: Skarmory|88/100|[from] item: Leftovers
|upkeep
|turn|96
|
|t:|1731525941
|switch|p1a: Claydol|Claydol|100/100
|move|p2a: Skarmory|Toxic|p1a: Claydol
|-status|p1a: Claydol|tox
|
|-heal|p2a: Skarmory|94/100|[from] item: Leftovers
|-damage|p1a: Claydol|94/100 tox|[from] psn
|upkeep
|turn|97
|
|t:|1731525945
|switch|p2a: Blissey|Blissey, F|63/100
|move|p1a: Claydol|Refresh|p1a: Claydol
|-curestatus|p1a: Claydol|tox|[msg]
|
|-heal|p1a: Claydol|100/100|[from] item: Leftovers
|-heal|p2a: Blissey|69/100|[from] item: Leftovers
|upkeep
|turn|98
|
|t:|1731525949
|switch|p1a: Milotic|Milotic, F|93/100
|switch|p2a: Claydol|Claydol|100/100
|
|-heal|p1a: Milotic|99/100|[from] item: Leftovers
|upkeep
|turn|99
|
|t:|1731525954
|switch|p2a: Skarmory|Skarmory, F|94/100
|move|p1a: Milotic|Surf|p2a: Skarmory
|-damage|p2a: Skarmory|65/100
|
|-heal|p1a: Milotic|100/100|[from] item: Leftovers
|-heal|p2a: Skarmory|71/100|[from] item: Leftovers
|upkeep
|turn|100
|
|t:|1731525959
|switch|p2a: Blissey|Blissey, F|69/100
|move|p1a: Milotic|Surf|p2a: Blissey
|-damage|p2a: Blissey|54/100
|
|-heal|p2a: Blissey|60/100|[from] item: Leftovers
|upkeep
|turn|101
|
|t:|1731525962
|move|p1a: Milotic|Toxic|p2a: Blissey
|-status|p2a: Blissey|tox
|move|p2a: Blissey|Soft-Boiled|p2a: Blissey
|-heal|p2a: Blissey|100/100 tox
|
|-damage|p2a: Blissey|94/100 tox|[from] psn
|upkeep
|turn|102
|
|t:|1731525967
|switch|p1a: Claydol|Claydol|100/100
|move|p2a: Blissey|Aromatherapy|p2a: Blissey
|-cureteam|p2a: Blissey|[from] move: Aromatherapy
|
|-heal|p2a: Blissey|100/100|[from] item: Leftovers
|upkeep
|turn|103
|c|☆tycarter|gg
|-message|tycarter forfeited.
|
|win|leoperi99
|c|☆leoperi99|gg
|c|☆tycarter|/log tycarter made the replay of this battle unlisted.
|player|p2|

</script>
<script type="application/json" class="data" id="replaydata-smogtours-gen3ou-806165">
{"id":"smogtours-gen3ou-806165","format":"[Gen 3] OU","players":["tycarter","leoperi99"],"uploadtime":1731525974,"views":19,"formatid":"gen3ou","rating":null,"private":1,"password":null}
</script>

<script defer src="js/replays.js?9d40a366"></script>
