<!DOCTYPE html>
<meta charset="utf-8" />
<meta name="viewport" content="width=device-width" />

<title>[Gen 3] OU: Pak vs. blanched - Replays - Pok&eacute;mon Showdown!</title>

<meta name="description" content="Watch a replay of a Pok&eacute;mon battle between Pak and blanched! Format: [Gen 3] OU; Date: Nov 3, 2024" />
<!--

Hey, you! Looking in the source for the replay log?

You can find them in JSON format, just add `.json` at the end of a replay URL.

https://replay.pokemonshowdown.com/gen7randomdoublesbattle-865046831.json

Or, if you only need the log itself, add `.log` instead:

https://replay.pokemonshowdown.com/gen7randomdoublesbattle-865046831.log

-->

<link rel="stylesheet" href="//pokemonshowdown.com/style/global.css?0.023195364461161105" />
<link rel="stylesheet" href="//play.pokemonshowdown.com/style/font-awesome.css?0.13261647063804238" />
<link rel="stylesheet" href="//play.pokemonshowdown.com/style/battle.css?0.8753245789963631" />
<link rel="stylesheet" href="//play.pokemonshowdown.com/style/utilichart.css?0.8627959624976733" />

<!-- Global site tag (gtag.js) - Google Analytics -->
<script async src="https://www.googletagmanager.com/gtag/js?id=UA-26211653-1"></script>
<script>
  window.dataLayer = window.dataLayer || [];
  function gtag(){dataLayer.push(arguments);}
  gtag('js', new Date());

  gtag('config', 'UA-26211653-1');
</script>
<!-- End Google Analytics -->
<!-- Venatus Ad Manager - Install in <HEAD> of page -->
	<script src="https://hb.vntsm.com/v3/live/ad-manager.min.js" type="text/javascript" data-site-id="642aba63ec9a7b11c3c9c1be" data-mode="scan" async></script>
<!-- / Venatus Ad Manager -->

<style>
	@media (max-width:820px) {
		.battle {
			margin: 0 auto;
		}
		.battle-log {
			margin: 7px auto 0;
			max-width: 640px;
			height: 300px;
			position: static;
		}
	}
	.optgroup {
		display: inline-block;
		line-height: 22px;
		font-size: 10pt;
	}
	.optgroup .button {
		height: 25px;
		padding-top: 0;
		padding-bottom: 0;
	}
	.optgroup button.button {
		padding-left: 12px;
		padding-right: 12px;
	}
	.linklist {
		list-style: none;
		margin: 0.5em 0;
		padding: 0;
	}
	.linklist li {
		padding: 2px 0;
	}
	.sidebar {
		float: left;
		width: 320px;
	}
	.bar-wrapper {
		max-width: 1100px;
		margin: 0 auto;
	}
	.bar-wrapper.has-sidebar {
		max-width: 1430px;
	}
	.mainbar {
		margin: 0;
		padding-right: 1px;
	}
	.mainbar.has-sidebar {
		margin-left: 330px;
	}
	@media (min-width: 1511px) {
		.sidebar {
			width: 400px;
		}
		.bar-wrapper.has-sidebar {
			max-width: 1510px;
		}
		.mainbar.has-sidebar {
			margin-left: 410px;
		}
	}
	.section.first-section {
		margin-top: 9px;
	}
	.blocklink small {
		white-space: normal;
	}
	.button {
		vertical-align: middle;
	}
	.replay-controls {
		padding-top: 10px;
	}
	.replay-controls h1 {
		font-size: 16pt;
		font-weight: normal;
		color: #CCC;
	}
	.pagelink {
		text-align: center;
	}
	.pagelink a {
		width: 150px;
	}
	.textbox, .button {
		font-size: 11pt;
		vertical-align: middle;
	}
	@media (max-width: 450px) {
		.button {
			font-size: 9pt;
		}
	}
</style>

<div>

	<header>
		<div class="nav-wrapper"><ul class="nav">
			<li><a class="button nav-first" href="//pokemonshowdown.com/"><img src="//pokemonshowdown.com/images/pokemonshowdownbeta.png" srcset="//pokemonshowdown.com/images/pokemonshowdownbeta.png 1x, //pokemonshowdown.com/images/pokemonshowdownbeta@2x.png 2x" alt="Pok&eacute;mon Showdown" width="146" height="44" /> Home</a></li>
			<li><a class="button" href="//pokemonshowdown.com/dex/">Pok&eacute;dex</a></li>
			<li><a class="button cur" href="/">Replays</a></li>
			<li><a class="button" href="//pokemonshowdown.com/ladder/">Ladder</a></li>
			<li><a class="button nav-last" href="//pokemonshowdown.com/forums/">Forum</a></li>
			<li><a class="button greenbutton nav-first nav-last" href="//play.pokemonshowdown.com/">Play</a></li>
		</ul></div>
	</header>

	<div class="main" id="main">

		<noscript><section class="section">You need to enable JavaScript to use this page; sorry!</section></noscript>

	</div>

</div>

<script defer nomodule src="//play.pokemonshowdown.com/js/lib/ps-polyfill.js"></script>
<script defer src="//play.pokemonshowdown.com/js/lib/preact.min.js"></script>

<script defer src="//play.pokemonshowdown.com/config/config.js?2bddbc15"></script>
<script defer src="//play.pokemonshowdown.com/js/lib/jquery-1.11.0.min.js"></script>
<script defer src="//play.pokemonshowdown.com/js/lib/html-sanitizer-minified.js"></script>
<script defer src="//play.pokemonshowdown.com/js/battle-sound.js"></script>
<script defer src="//play.pokemonshowdown.com/js/battledata.js?0.7209276989879541"></script>
<script defer src="//play.pokemonshowdown.com/data/pokedex-mini.js?0.6111056340867951"></script>
<script defer src="//play.pokemonshowdown.com/data/pokedex-mini-bw.js?0.3532142036491459"></script>
<script defer src="//play.pokemonshowdown.com/data/graphics.js?0.24223875632456182"></script>
<script defer src="//play.pokemonshowdown.com/data/pokedex.js?0.38839984266356864"></script>
<script defer src="//play.pokemonshowdown.com/data/moves.js?0.21866028504024015"></script>
<script defer src="//play.pokemonshowdown.com/data/abilities.js?0.2005157953846628"></script>
<script defer src="//play.pokemonshowdown.com/data/items.js?0.9894211263848525"></script>
<script defer src="//play.pokemonshowdown.com/data/teambuilder-tables.js?0.6008791140282215"></script>
<script defer src="//play.pokemonshowdown.com/js/battle-tooltips.js?0.7580118955022959"></script>
<script defer src="//play.pokemonshowdown.com/js/battle.js?0.6057722274234274"></script>

<script defer src="js/utils.js?e31f9a17"></script>
<script defer src="js/replays-battle.js?7008c182"></script>

<!-- don't scrape this data! just add .json or .log after the URL!
Full API docs: https://github.com/smogon/pokemon-showdown-client/blob/master/WEB-API.md -->
<script type="text/plain" class="log" id="replaylog-smogtours-gen3ou-804489">
|inactive|Battle timer is ON: inactive players will automatically lose when time's up.
|t:|1730660950
|gametype|singles
|player|p1|Pak|#pak|
|player|p2|blanched|#1v1plviiithwackeys|
|teamsize|p1|6
|teamsize|p2|6
|gen|3
|tier|[Gen 3] OU
|rule|Sleep Clause Mod: Limit one foe put to sleep
|rule|Switch Priority Clause Mod: Faster Pokémon switch first
|rule|Species Clause: Limit one of each Pokémon
|rule|OHKO Clause: OHKO moves are banned
|rule|Evasion Items Clause: Evasion items are banned
|rule|Evasion Moves Clause: Evasion moves are banned
|rule|Endless Battle Clause: Forcing endless battles is banned
|rule|HP Percentage Mod: HP is shown in percentages
|rule|One Boost Passer Clause: Limit one Baton Passer that has a way to boost its stats
|rule|Freeze Clause Mod: Limit one foe frozen
|
|t:|1730660950
|start
|switch|p1a: Salamence|Salamence, F|100/100
|switch|p2a: Jynx|Jynx, F|100/100
|-ability|p1a: Salamence|Intimidate|boost
|-unboost|p2a: Jynx|atk|1
|turn|1
|c|☆blanched|hf
|c|☆Pak|hf
|
|t:|1730660972
|switch|p1a: Suicune|Suicune|100/100
|switch|p2a: Suicune|Suicune|100/100
|
|upkeep
|turn|2
|
|t:|1730660990
|switch|p1a: Jirachi|Jirachi|100/100
|move|p2a: Suicune|Roar|p1a: Jirachi
|drag|p1a: Salamence|Salamence, F|100/100
|-ability|p1a: Salamence|Intimidate|boost
|-unboost|p2a: Suicune|atk|1
|
|upkeep
|turn|3
|
|t:|1730661004
|switch|p1a: Jirachi|Jirachi|100/100
|move|p2a: Suicune|Roar|p1a: Jirachi
|drag|p1a: Celebi|Celebi|100/100
|
|upkeep
|turn|4
|
|t:|1730661032
|move|p1a: Celebi|Leech Seed|p2a: Suicune
|-start|p2a: Suicune|move: Leech Seed
|move|p2a: Suicune|Calm Mind|p2a: Suicune
|-boost|p2a: Suicune|spa|1
|-boost|p2a: Suicune|spd|1
|
|-damage|p2a: Suicune|88/100|[from] Leech Seed|[of] p1a: Celebi
|upkeep
|turn|5
|
|t:|1730661039
|switch|p1a: Jirachi|Jirachi|100/100
|move|p2a: Suicune|Hydro Pump|p1a: Jirachi
|-damage|p1a: Jirachi|33/100
|
|-heal|p2a: Suicune|94/100|[from] item: Leftovers
|-damage|p2a: Suicune|82/100|[from] Leech Seed|[of] p1a: Jirachi
|-heal|p1a: Jirachi|44/100|[silent]
|-heal|p1a: Jirachi|51/100|[from] item: Leftovers
|upkeep
|turn|6
|
|t:|1730661044
|switch|p2a: Dugtrio|Dugtrio, M|100/100
|switch|p1a: Suicune|Suicune|100/100
|
|upkeep
|turn|7
|
|t:|1730661048
|switch|p2a: Suicune|Suicune|82/100
|move|p1a: Suicune|Calm Mind|p1a: Suicune
|-boost|p1a: Suicune|spa|1
|-boost|p1a: Suicune|spd|1
|
|-heal|p2a: Suicune|88/100|[from] item: Leftovers
|upkeep
|turn|8
|
|t:|1730661056
|switch|p1a: Skarmory|Skarmory, M|100/100
|move|p2a: Suicune|Roar|p1a: Skarmory
|drag|p1a: Jirachi|Jirachi|51/100
|
|-heal|p2a: Suicune|94/100|[from] item: Leftovers
|-heal|p1a: Jirachi|57/100|[from] item: Leftovers
|upkeep
|turn|9
|
|t:|1730661061
|move|p2a: Suicune|Calm Mind|p2a: Suicune
|-boost|p2a: Suicune|spa|1
|-boost|p2a: Suicune|spd|1
|move|p1a: Jirachi|Toxic|p2a: Suicune
|-status|p2a: Suicune|tox
|
|-heal|p2a: Suicune|100/100 tox|[from] item: Leftovers
|-damage|p2a: Suicune|94/100 tox|[from] psn
|-heal|p1a: Jirachi|63/100|[from] item: Leftovers
|upkeep
|turn|10
|
|t:|1730661066
|switch|p1a: Suicune|Suicune|100/100
|move|p2a: Suicune|Hydro Pump|p1a: Suicune|[miss]
|-miss|p2a: Suicune|p1a: Suicune
|
|-heal|p2a: Suicune|100/100 tox|[from] item: Leftovers
|-damage|p2a: Suicune|88/100 tox|[from] psn
|upkeep
|turn|11
|
|t:|1730661071
|move|p1a: Suicune|Calm Mind|p1a: Suicune
|-boost|p1a: Suicune|spa|1
|-boost|p1a: Suicune|spd|1
|move|p2a: Suicune|Roar|p1a: Suicune
|drag|p1a: Celebi|Celebi|100/100
|
|-heal|p2a: Suicune|94/100 tox|[from] item: Leftovers
|-damage|p2a: Suicune|76/100 tox|[from] psn
|upkeep
|turn|12
|
|t:|1730661086
|switch|p1a: Suicune|Suicune|100/100
|switch|p2a: Jynx|Jynx, F|100/100
|
|upkeep
|turn|13
|
|t:|1730661103
|move|p2a: Jynx|Lovely Kiss|p1a: Suicune|[miss]
|-miss|p2a: Jynx|p1a: Suicune
|move|p1a: Suicune|Surf|p2a: Jynx
|-damage|p2a: Jynx|40/100
|
|-heal|p2a: Jynx|46/100|[from] item: Leftovers
|upkeep
|turn|14
|
|t:|1730661110
|move|p2a: Jynx|Lovely Kiss|p1a: Suicune
|-status|p1a: Suicune|slp|[from] move: Lovely Kiss
|cant|p1a: Suicune|slp
|
|-heal|p2a: Jynx|52/100|[from] item: Leftovers
|upkeep
|turn|15
|
|t:|1730661124
|switch|p2a: Gengar|Gengar, M|100/100
|cant|p1a: Suicune|slp
|
|upkeep
|turn|16
|
|t:|1730661134
|switch|p1a: Celebi|Celebi|100/100
|move|p2a: Gengar|Thunderbolt|p1a: Celebi
|-resisted|p1a: Celebi
|-damage|p1a: Celebi|88/100
|
|-heal|p1a: Celebi|94/100|[from] item: Leftovers
|upkeep
|turn|17
|
|t:|1730661144
|switch|p2a: Jynx|Jynx, F|52/100
|move|p1a: Celebi|Psychic|p2a: Jynx
|-resisted|p2a: Jynx
|-damage|p2a: Jynx|27/100
|
|-heal|p2a: Jynx|33/100|[from] item: Leftovers
|-heal|p1a: Celebi|99/100|[from] item: Leftovers
|upkeep
|turn|18
|
|t:|1730661152
|switch|p2a: Gengar|Gengar, M|100/100
|switch|p1a: Suicune|Suicune|100/100 slp
|
|upkeep
|turn|19
|
|t:|1730661158
|move|p2a: Gengar|Ice Punch|p1a: Suicune
|-resisted|p1a: Suicune
|-damage|p1a: Suicune|93/100 slp
|-curestatus|p1a: Suicune|slp|[msg]
|move|p1a: Suicune|Surf|p2a: Gengar
|-damage|p2a: Gengar|51/100
|
|-heal|p2a: Gengar|57/100|[from] item: Leftovers
|-heal|p1a: Suicune|99/100|[from] item: Leftovers
|upkeep
|turn|20
|
|t:|1730661164
|switch|p1a: Celebi|Celebi|99/100
|move|p2a: Gengar|Thunderbolt|p1a: Celebi
|-resisted|p1a: Celebi
|-crit|p1a: Celebi
|-damage|p1a: Celebi|71/100
|
|-heal|p2a: Gengar|63/100|[from] item: Leftovers
|-heal|p1a: Celebi|78/100|[from] item: Leftovers
|upkeep
|turn|21
|
|t:|1730661186
|switch|p2a: Jynx|Jynx, F|33/100
|move|p1a: Celebi|Giga Drain|p2a: Jynx
|-crit|p2a: Jynx
|-damage|p2a: Jynx|0 fnt
|-heal|p1a: Celebi|90/100|[from] drain|[of] p2a: Jynx
|faint|p2a: Jynx
|inactive|blanched has 270 seconds left.
|
|t:|1730661208
|switch|p2a: Dugtrio|Dugtrio, M|100/100
|
|-heal|p1a: Celebi|96/100|[from] item: Leftovers
|upkeep
|turn|22
|
|t:|1730661211
|move|p2a: Dugtrio|Hidden Power|p1a: Celebi
|-supereffective|p1a: Celebi
|-damage|p1a: Celebi|0 fnt
|faint|p1a: Celebi
|
|t:|1730661215
|switch|p1a: Skarmory|Skarmory, M|100/100
|
|upkeep
|turn|23
|
|t:|1730661220
|switch|p2a: Gengar|Gengar, M|63/100
|move|p1a: Skarmory|Spikes|p2a: Gengar
|-sidestart|p2: blanched|Spikes
|
|-heal|p2a: Gengar|69/100|[from] item: Leftovers
|upkeep
|turn|24
|
|t:|1730661225
|move|p2a: Gengar|Thunderbolt|p1a: Skarmory
|-supereffective|p1a: Skarmory
|-damage|p1a: Skarmory|49/100
|-status|p1a: Skarmory|par
|move|p1a: Skarmory|Drill Peck|p2a: Gengar
|-damage|p2a: Gengar|35/100
|
|-heal|p2a: Gengar|41/100|[from] item: Leftovers
|-heal|p1a: Skarmory|55/100 par|[from] item: Leftovers
|upkeep
|turn|25
|
|t:|1730661238
|switch|p1a: Claydol|Claydol|100/100
|move|p2a: Gengar|Thunderbolt|p1a: Claydol
|-immune|p1a: Claydol
|
|-heal|p2a: Gengar|47/100|[from] item: Leftovers
|upkeep
|turn|26
|
|t:|1730661258
|switch|p2a: Suicune|Suicune|76/100 tox
|-damage|p2a: Suicune|64/100 tox|[from] Spikes
|move|p1a: Claydol|Psychic|p2a: Suicune
|-damage|p2a: Suicune|46/100 tox
|
|-heal|p2a: Suicune|52/100 tox|[from] item: Leftovers
|-damage|p2a: Suicune|46/100 tox|[from] psn
|upkeep
|turn|27
|
|t:|1730661268
|switch|p2a: Gengar|Gengar, M|47/100
|switch|p1a: Suicune|Suicune|99/100
|
|-heal|p2a: Gengar|53/100|[from] item: Leftovers
|-heal|p1a: Suicune|100/100|[from] item: Leftovers
|upkeep
|turn|28
|inactive|Pak has 270 seconds left.
|
|t:|1730661305
|move|p2a: Gengar|Thunderbolt|p1a: Suicune
|-supereffective|p1a: Suicune
|-damage|p1a: Suicune|60/100
|move|p1a: Suicune|Calm Mind|p1a: Suicune
|-boost|p1a: Suicune|spa|1
|-boost|p1a: Suicune|spd|1
|
|-heal|p2a: Gengar|59/100|[from] item: Leftovers
|-heal|p1a: Suicune|66/100|[from] item: Leftovers
|upkeep
|turn|29
|inactive|blanched has 270 seconds left.
|
|t:|1730661328
|switch|p1a: Jirachi|Jirachi|63/100
|move|p2a: Gengar|Explosion|p1a: Jirachi
|-resisted|p1a: Jirachi
|-damage|p1a: Jirachi|42/100
|faint|p2a: Gengar
|
|t:|1730661332
|switch|p2a: Dugtrio|Dugtrio, M|100/100
|-damage|p2a: Dugtrio|88/100|[from] Spikes
|
|-heal|p1a: Jirachi|49/100|[from] item: Leftovers
|upkeep
|turn|30
|
|t:|1730661337
|move|p2a: Dugtrio|Earthquake|p1a: Jirachi
|-supereffective|p1a: Jirachi
|-damage|p1a: Jirachi|0 fnt
|faint|p1a: Jirachi
|
|t:|1730661345
|switch|p1a: Salamence|Salamence, F|100/100
|-ability|p1a: Salamence|Intimidate|boost
|-unboost|p2a: Dugtrio|atk|1
|
|upkeep
|turn|31
|
|t:|1730661349
|switch|p2a: Suicune|Suicune|46/100 tox
|-damage|p2a: Suicune|34/100 tox|[from] Spikes
|move|p1a: Salamence|Dragon Claw|p2a: Suicune
|-damage|p2a: Suicune|4/100 tox
|
|-heal|p2a: Suicune|11/100 tox|[from] item: Leftovers
|-damage|p2a: Suicune|4/100 tox|[from] psn
|upkeep
|turn|32
|
|t:|1730661355
|move|p1a: Salamence|Dragon Claw|p2a: Suicune
|-damage|p2a: Suicune|0 fnt
|faint|p2a: Suicune
|
|t:|1730661364
|switch|p2a: Dugtrio|Dugtrio, M|88/100
|-damage|p2a: Dugtrio|76/100|[from] Spikes
|
|upkeep
|turn|33
|
|t:|1730661368
|switch|p1a: Skarmory|Skarmory, M|55/100 par
|move|p2a: Dugtrio|Hidden Power|p1a: Skarmory
|-resisted|p1a: Skarmory
|-crit|p1a: Skarmory
|-damage|p1a: Skarmory|46/100 par
|
|-heal|p1a: Skarmory|52/100 par|[from] item: Leftovers
|upkeep
|turn|34
|
|t:|1730661377
|switch|p2a: Tyranitar|Tyranitar, M|100/100
|-damage|p2a: Tyranitar|88/100|[from] Spikes
|-weather|Sandstorm|[from] ability: Sand Stream|[of] p2a: Tyranitar
|cant|p1a: Skarmory|par
|
|-weather|Sandstorm|[upkeep]
|-heal|p1a: Skarmory|58/100 par|[from] item: Leftovers
|upkeep
|turn|35
|
|t:|1730661382
|move|p2a: Tyranitar|Dragon Dance|p2a: Tyranitar
|-boost|p2a: Tyranitar|atk|1
|-boost|p2a: Tyranitar|spe|1
|move|p1a: Skarmory|Roar|p2a: Tyranitar
|drag|p2a: Jirachi|Jirachi|100/100
|-damage|p2a: Jirachi|88/100|[from] Spikes
|
|-weather|Sandstorm|[upkeep]
|-heal|p2a: Jirachi|94/100|[from] item: Leftovers
|-heal|p1a: Skarmory|64/100 par|[from] item: Leftovers
|upkeep
|turn|36
|
|t:|1730661392
|move|p2a: Jirachi|Fire Punch|p1a: Skarmory
|-supereffective|p1a: Skarmory
|-damage|p1a: Skarmory|26/100 par
|cant|p1a: Skarmory|par
|
|-weather|Sandstorm|[upkeep]
|-heal|p2a: Jirachi|100/100|[from] item: Leftovers
|-heal|p1a: Skarmory|32/100 par|[from] item: Leftovers
|upkeep
|turn|37
|
|t:|1730661400
|move|p2a: Jirachi|Calm Mind|p2a: Jirachi
|-boost|p2a: Jirachi|spa|1
|-boost|p2a: Jirachi|spd|1
|cant|p1a: Skarmory|par
|
|-weather|Sandstorm|[upkeep]
|-heal|p1a: Skarmory|38/100 par|[from] item: Leftovers
|upkeep
|turn|38
|
|t:|1730661404
|move|p2a: Jirachi|Fire Punch|p1a: Skarmory
|-supereffective|p1a: Skarmory
|-damage|p1a: Skarmory|0 fnt
|faint|p1a: Skarmory
|
|t:|1730661409
|switch|p1a: Claydol|Claydol|100/100
|
|-weather|Sandstorm|[upkeep]
|upkeep
|turn|39
|
|t:|1730661414
|move|p2a: Jirachi|Hidden Power|p1a: Claydol
|-supereffective|p1a: Claydol
|-damage|p1a: Claydol|28/100
|move|p1a: Claydol|Earthquake|p2a: Jirachi
|-supereffective|p2a: Jirachi
|-damage|p2a: Jirachi|42/100
|
|-weather|Sandstorm|[upkeep]
|-heal|p2a: Jirachi|48/100|[from] item: Leftovers
|-heal|p1a: Claydol|34/100|[from] item: Leftovers
|upkeep
|turn|40
|
|t:|1730661421
|switch|p1a: Salamence|Salamence, F|100/100
|-ability|p1a: Salamence|Intimidate|boost
|-unboost|p2a: Jirachi|atk|1
|move|p2a: Jirachi|Hidden Power|p1a: Salamence
|-resisted|p1a: Salamence
|-damage|p1a: Salamence|91/100
|
|-weather|Sandstorm|[upkeep]
|-damage|p1a: Salamence|84/100|[from] Sandstorm
|-heal|p1a: Salamence|91/100|[from] item: Leftovers
|-heal|p2a: Jirachi|54/100|[from] item: Leftovers
|upkeep
|turn|41
|inactive|blanched has 270 seconds left.
|
|t:|1730661464
|move|p1a: Salamence|Flamethrower|p2a: Jirachi
|-supereffective|p2a: Jirachi
|-damage|p2a: Jirachi|23/100
|move|p2a: Jirachi|Psychic|p1a: Salamence
|-damage|p1a: Salamence|6/100
|
|-weather|Sandstorm|[upkeep]
|-damage|p1a: Salamence|0 fnt|[from] Sandstorm
|faint|p1a: Salamence
|-heal|p2a: Jirachi|29/100|[from] item: Leftovers
|upkeep
|
|t:|1730661483
|switch|p1a: Suicune|Suicune|66/100
|turn|42
|inactive|blanched has 270 seconds left.
|
|t:|1730661493
|move|p2a: Jirachi|Psychic|p1a: Suicune
|-damage|p1a: Suicune|18/100
|-unboost|p1a: Suicune|spd|1
|move|p1a: Suicune|Surf|p2a: Jirachi
|-damage|p2a: Jirachi|5/100
|
|-weather|Sandstorm|[upkeep]
|-damage|p1a: Suicune|12/100|[from] Sandstorm
|-heal|p2a: Jirachi|11/100|[from] item: Leftovers
|-heal|p1a: Suicune|18/100|[from] item: Leftovers
|upkeep
|turn|43
|inactive|blanched has 270 seconds left.
|
|t:|1730661501
|move|p2a: Jirachi|Psychic|p1a: Suicune
|-damage|p1a: Suicune|0 fnt
|faint|p1a: Suicune
|-message|Pak forfeited.
|
|win|blanched
|c|☆Pak|gg
|c|☆blanched|gg

</script>
<script type="application/json" class="data" id="replaydata-smogtours-gen3ou-804489">
{"id":"smogtours-gen3ou-804489","format":"[Gen 3] OU","players":["Pak","blanched"],"uploadtime":1730661504,"views":81,"formatid":"gen3ou","rating":null,"private":0,"password":null}
</script>

<script defer src="js/replays.js?9d40a366"></script>
