<!DOCTYPE html>
<meta charset="utf-8" />
<meta name="viewport" content="width=device-width" />

<title>[Gen 3] OU: drby vs. scootymcbooty123 - Replays - Pok&eacute;mon Showdown!</title>

<meta name="description" content="Watch a replay of a Pok&eacute;mon battle between drby and scootymcbooty123! Format: [Gen 3] OU; Date: Oct 29, 2024" />
<!--

Hey, you! Looking in the source for the replay log?

You can find them in JSON format, just add `.json` at the end of a replay URL.

https://replay.pokemonshowdown.com/gen7randomdoublesbattle-865046831.json

Or, if you only need the log itself, add `.log` instead:

https://replay.pokemonshowdown.com/gen7randomdoublesbattle-865046831.log

-->

<link rel="stylesheet" href="//pokemonshowdown.com/style/global.css?0.023195364461161105" />
<link rel="stylesheet" href="//play.pokemonshowdown.com/style/font-awesome.css?0.13261647063804238" />
<link rel="stylesheet" href="//play.pokemonshowdown.com/style/battle.css?0.8753245789963631" />
<link rel="stylesheet" href="//play.pokemonshowdown.com/style/utilichart.css?0.8627959624976733" />

<!-- Global site tag (gtag.js) - Google Analytics -->
<script async src="https://www.googletagmanager.com/gtag/js?id=UA-26211653-1"></script>
<script>
  window.dataLayer = window.dataLayer || [];
  function gtag(){dataLayer.push(arguments);}
  gtag('js', new Date());

  gtag('config', 'UA-26211653-1');
</script>
<!-- End Google Analytics -->
<!-- Venatus Ad Manager - Install in <HEAD> of page -->
	<script src="https://hb.vntsm.com/v3/live/ad-manager.min.js" type="text/javascript" data-site-id="642aba63ec9a7b11c3c9c1be" data-mode="scan" async></script>
<!-- / Venatus Ad Manager -->

<style>
	@media (max-width:820px) {
		.battle {
			margin: 0 auto;
		}
		.battle-log {
			margin: 7px auto 0;
			max-width: 640px;
			height: 300px;
			position: static;
		}
	}
	.optgroup {
		display: inline-block;
		line-height: 22px;
		font-size: 10pt;
	}
	.optgroup .button {
		height: 25px;
		padding-top: 0;
		padding-bottom: 0;
	}
	.optgroup button.button {
		padding-left: 12px;
		padding-right: 12px;
	}
	.linklist {
		list-style: none;
		margin: 0.5em 0;
		padding: 0;
	}
	.linklist li {
		padding: 2px 0;
	}
	.sidebar {
		float: left;
		width: 320px;
	}
	.bar-wrapper {
		max-width: 1100px;
		margin: 0 auto;
	}
	.bar-wrapper.has-sidebar {
		max-width: 1430px;
	}
	.mainbar {
		margin: 0;
		padding-right: 1px;
	}
	.mainbar.has-sidebar {
		margin-left: 330px;
	}
	@media (min-width: 1511px) {
		.sidebar {
			width: 400px;
		}
		.bar-wrapper.has-sidebar {
			max-width: 1510px;
		}
		.mainbar.has-sidebar {
			margin-left: 410px;
		}
	}
	.section.first-section {
		margin-top: 9px;
	}
	.blocklink small {
		white-space: normal;
	}
	.button {
		vertical-align: middle;
	}
	.replay-controls {
		padding-top: 10px;
	}
	.replay-controls h1 {
		font-size: 16pt;
		font-weight: normal;
		color: #CCC;
	}
	.pagelink {
		text-align: center;
	}
	.pagelink a {
		width: 150px;
	}
	.textbox, .button {
		font-size: 11pt;
		vertical-align: middle;
	}
	@media (max-width: 450px) {
		.button {
			font-size: 9pt;
		}
	}
</style>

<div>

	<header>
		<div class="nav-wrapper"><ul class="nav">
			<li><a class="button nav-first" href="//pokemonshowdown.com/"><img src="//pokemonshowdown.com/images/pokemonshowdownbeta.png" srcset="//pokemonshowdown.com/images/pokemonshowdownbeta.png 1x, //pokemonshowdown.com/images/pokemonshowdownbeta@2x.png 2x" alt="Pok&eacute;mon Showdown" width="146" height="44" /> Home</a></li>
			<li><a class="button" href="//pokemonshowdown.com/dex/">Pok&eacute;dex</a></li>
			<li><a class="button cur" href="/">Replays</a></li>
			<li><a class="button" href="//pokemonshowdown.com/ladder/">Ladder</a></li>
			<li><a class="button nav-last" href="//pokemonshowdown.com/forums/">Forum</a></li>
			<li><a class="button greenbutton nav-first nav-last" href="//play.pokemonshowdown.com/">Play</a></li>
		</ul></div>
	</header>

	<div class="main" id="main">

		<noscript><section class="section">You need to enable JavaScript to use this page; sorry!</section></noscript>

	</div>

</div>

<script defer nomodule src="//play.pokemonshowdown.com/js/lib/ps-polyfill.js"></script>
<script defer src="//play.pokemonshowdown.com/js/lib/preact.min.js"></script>

<script defer src="//play.pokemonshowdown.com/config/config.js?2bddbc15"></script>
<script defer src="//play.pokemonshowdown.com/js/lib/jquery-1.11.0.min.js"></script>
<script defer src="//play.pokemonshowdown.com/js/lib/html-sanitizer-minified.js"></script>
<script defer src="//play.pokemonshowdown.com/js/battle-sound.js"></script>
<script defer src="//play.pokemonshowdown.com/js/battledata.js?0.7209276989879541"></script>
<script defer src="//play.pokemonshowdown.com/data/pokedex-mini.js?0.6111056340867951"></script>
<script defer src="//play.pokemonshowdown.com/data/pokedex-mini-bw.js?0.3532142036491459"></script>
<script defer src="//play.pokemonshowdown.com/data/graphics.js?0.24223875632456182"></script>
<script defer src="//play.pokemonshowdown.com/data/pokedex.js?0.38839984266356864"></script>
<script defer src="//play.pokemonshowdown.com/data/moves.js?0.21866028504024015"></script>
<script defer src="//play.pokemonshowdown.com/data/abilities.js?0.2005157953846628"></script>
<script defer src="//play.pokemonshowdown.com/data/items.js?0.9894211263848525"></script>
<script defer src="//play.pokemonshowdown.com/data/teambuilder-tables.js?0.6008791140282215"></script>
<script defer src="//play.pokemonshowdown.com/js/battle-tooltips.js?0.7580118955022959"></script>
<script defer src="//play.pokemonshowdown.com/js/battle.js?0.6057722274234274"></script>

<script defer src="js/utils.js?e31f9a17"></script>
<script defer src="js/replays-battle.js?7008c182"></script>

<!-- don't scrape this data! just add .json or .log after the URL!
Full API docs: https://github.com/smogon/pokemon-showdown-client/blob/master/WEB-API.md -->
<script type="text/plain" class="log" id="replaylog-smogtours-gen3ou-803203">
|inactive|Battle timer is ON: inactive players will automatically lose when time's up.
|t:|1730163852
|gametype|singles
|player|p1|drby|pokemonbreeder-gen4|
|player|p2|scootymcbooty123|2|
|teamsize|p1|6
|teamsize|p2|6
|gen|3
|tier|[Gen 3] OU
|rule|Sleep Clause Mod: Limit one foe put to sleep
|rule|Switch Priority Clause Mod: Faster Pokémon switch first
|rule|Species Clause: Limit one of each Pokémon
|rule|OHKO Clause: OHKO moves are banned
|rule|Evasion Items Clause: Evasion items are banned
|rule|Evasion Moves Clause: Evasion moves are banned
|rule|Endless Battle Clause: Forcing endless battles is banned
|rule|HP Percentage Mod: HP is shown in percentages
|rule|One Boost Passer Clause: Limit one Baton Passer that has a way to boost its stats
|rule|Freeze Clause Mod: Limit one foe frozen
|
|t:|1730163852
|start
|switch|p1a: Charizard|Charizard, F|100/100
|switch|p2a: Jolteon|Jolteon, F|100/100
|turn|1
|c|☆drby|glhf
|c|☆scootymcbooty123|u2!
|
|t:|1730163867
|switch|p1a: Celebi|Celebi|100/100
|move|p2a: Jolteon|Substitute|p2a: Jolteon
|-start|p2a: Jolteon|Substitute
|-damage|p2a: Jolteon|75/100
|
|upkeep
|turn|2
|
|t:|1730163883
|switch|p1a: Forretress|Forretress, M|100/100
|move|p2a: Jolteon|Baton Pass|p2a: Jolteon
|
|t:|1730163889
|switch|p2a: Gengar|Gengar, F|100/100|[from] Baton Pass
|
|upkeep
|turn|3
|
|t:|1730163894
|move|p2a: Gengar|Fire Punch|p1a: Forretress
|-supereffective|p1a: Forretress
|-damage|p1a: Forretress|6/100
|move|p1a: Forretress|Spikes|p2a: Gengar
|-sidestart|p2: scootymcbooty123|Spikes
|
|-heal|p1a: Forretress|12/100|[from] item: Leftovers
|upkeep
|turn|4
|
|t:|1730163905
|switch|p1a: Milotic|Milotic, M, shiny|100/100
|move|p2a: Gengar|Thunderbolt|p1a: Milotic
|-supereffective|p1a: Milotic
|-damage|p1a: Milotic|67/100
|
|-heal|p1a: Milotic|73/100|[from] item: Leftovers
|upkeep
|turn|5
|
|t:|1730163912
|move|p2a: Gengar|Thunderbolt|p1a: Milotic
|-supereffective|p1a: Milotic
|-damage|p1a: Milotic|35/100
|move|p1a: Milotic|Surf|p2a: Gengar
|-end|p2a: Gengar|Substitute
|
|-heal|p1a: Milotic|41/100|[from] item: Leftovers
|upkeep
|turn|6
|
|t:|1730163918
|switch|p2a: Celebi|Celebi|100/100
|-damage|p2a: Celebi|88/100|[from] Spikes
|move|p1a: Milotic|Recover|p1a: Milotic
|-heal|p1a: Milotic|91/100
|
|-heal|p2a: Celebi|94/100|[from] item: Leftovers
|-heal|p1a: Milotic|97/100|[from] item: Leftovers
|upkeep
|turn|7
|
|t:|1730163927
|switch|p1a: Charizard|Charizard, F|100/100
|move|p2a: Celebi|Calm Mind|p2a: Celebi
|-boost|p2a: Celebi|spa|1
|-boost|p2a: Celebi|spd|1
|
|-heal|p2a: Celebi|100/100|[from] item: Leftovers
|upkeep
|turn|8
|inactive|scootymcbooty123 has 270 seconds left.
|
|t:|1730163964
|move|p1a: Charizard|Fire Blast|p2a: Celebi
|-supereffective|p2a: Celebi
|-damage|p2a: Celebi|52/100
|move|p2a: Celebi|Baton Pass|p2a: Celebi
|
|t:|1730163971
|switch|p2a: Jolteon|Jolteon, F|75/100|[from] Baton Pass
|-damage|p2a: Jolteon|63/100|[from] Spikes
|
|upkeep
|turn|9
|inactive|scootymcbooty123 has 270 seconds left.
|
|t:|1730163980
|switch|p1a: Celebi|Celebi|100/100
|move|p2a: Jolteon|Thunderbolt|p1a: Celebi
|-resisted|p1a: Celebi
|-damage|p1a: Celebi|72/100
|
|-heal|p1a: Celebi|79/100|[from] item: Leftovers
|upkeep
|turn|10
|inactive|scootymcbooty123 has 270 seconds left.
|
|t:|1730163998
|move|p2a: Jolteon|Baton Pass|p2a: Jolteon
|
|t:|1730164022
|switch|p2a: Moltres|Moltres|100/100|[from] Baton Pass
|move|p1a: Celebi|Leech Seed|p2a: Moltres
|-start|p2a: Moltres|move: Leech Seed
|
|-heal|p1a: Celebi|85/100|[from] item: Leftovers
|-damage|p2a: Moltres|88/100|[from] Leech Seed|[of] p1a: Celebi
|-heal|p1a: Celebi|99/100|[silent]
|upkeep
|turn|11
|
|t:|1730164033
|switch|p1a: Charizard|Charizard, F|100/100
|move|p2a: Moltres|Hidden Power|p1a: Charizard
|-supereffective|p1a: Charizard
|-damage|p1a: Charizard|0 fnt
|faint|p1a: Charizard
|
|t:|1730164040
|switch|p1a: Milotic|Milotic, M, shiny|97/100
|
|-heal|p2a: Moltres|94/100|[from] item: Leftovers
|-damage|p2a: Moltres|82/100|[from] Leech Seed|[of] p1a: Milotic
|-heal|p1a: Milotic|100/100|[silent]
|upkeep
|turn|12
|
|t:|1730164061
|switch|p2a: Celebi|Celebi|52/100
|-damage|p2a: Celebi|40/100|[from] Spikes
|move|p1a: Milotic|Toxic|p2a: Celebi
|-status|p2a: Celebi|tox
|
|-heal|p2a: Celebi|46/100 tox|[from] item: Leftovers
|-damage|p2a: Celebi|40/100 tox|[from] psn
|upkeep
|turn|13
|
|t:|1730164074
|move|p2a: Celebi|Calm Mind|p2a: Celebi
|-boost|p2a: Celebi|spa|1
|-boost|p2a: Celebi|spd|1
|move|p1a: Milotic|Surf|p2a: Celebi
|-resisted|p2a: Celebi
|-damage|p2a: Celebi|32/100 tox
|
|-heal|p2a: Celebi|38/100 tox|[from] item: Leftovers
|-damage|p2a: Celebi|26/100 tox|[from] psn
|upkeep
|turn|14
|
|t:|1730164083
|switch|p1a: Metagross|Metagross|100/100
|move|p2a: Celebi|Baton Pass|p2a: Celebi
|
|t:|1730164086
|-curestatus|p2a: Celebi|tox|[from] ability: Natural Cure
|switch|p2a: Moltres|Moltres|82/100|[from] Baton Pass
|
|-heal|p2a: Moltres|88/100|[from] item: Leftovers
|upkeep
|turn|15
|
|t:|1730164093
|switch|p1a: Milotic|Milotic, M, shiny|100/100
|move|p2a: Moltres|Flamethrower|p1a: Milotic
|-resisted|p1a: Milotic
|-damage|p1a: Milotic|80/100
|
|-heal|p2a: Moltres|94/100|[from] item: Leftovers
|-heal|p1a: Milotic|86/100|[from] item: Leftovers
|upkeep
|turn|16
|inactive|scootymcbooty123 has 270 seconds left.
|
|t:|1730164123
|move|p2a: Moltres|Hidden Power|p1a: Milotic
|-supereffective|p1a: Milotic
|-damage|p1a: Milotic|41/100
|move|p1a: Milotic|Toxic|p2a: Moltres|[miss]
|-miss|p1a: Milotic|p2a: Moltres
|
|-heal|p2a: Moltres|100/100|[from] item: Leftovers
|-heal|p1a: Milotic|47/100|[from] item: Leftovers
|upkeep
|turn|17
|
|t:|1730164137
|switch|p1a: Forretress|Forretress, M|12/100
|move|p2a: Moltres|Hidden Power|p1a: Forretress
|-damage|p1a: Forretress|0 fnt
|faint|p1a: Forretress
|
|t:|1730164147
|switch|p1a: Gengar|Gengar, M, shiny|100/100
|
|upkeep
|turn|18
|inactive|scootymcbooty123 has 270 seconds left.
|
|t:|1730164165
|move|p1a: Gengar|Thunderbolt|p2a: Moltres
|-supereffective|p2a: Moltres
|-damage|p2a: Moltres|66/100
|move|p2a: Moltres|Flamethrower|p1a: Gengar
|-damage|p1a: Gengar|9/100
|
|-heal|p1a: Gengar|15/100|[from] item: Leftovers
|-heal|p2a: Moltres|72/100|[from] item: Leftovers
|upkeep
|turn|19
|
|t:|1730164170
|move|p1a: Gengar|Destiny Bond|p1a: Gengar
|-singlemove|p1a: Gengar|Destiny Bond
|move|p2a: Moltres|Roar|p1a: Gengar
|drag|p1a: Metagross|Metagross|100/100
|
|-heal|p2a: Moltres|79/100|[from] item: Leftovers
|upkeep
|turn|20
|
|t:|1730164188
|move|p2a: Moltres|Flamethrower|p1a: Metagross
|-supereffective|p1a: Metagross
|-damage|p1a: Metagross|0 fnt
|faint|p1a: Metagross
|
|t:|1730164199
|switch|p1a: Gengar|Gengar, M, shiny|15/100
|
|-heal|p1a: Gengar|21/100|[from] item: Leftovers
|-heal|p2a: Moltres|85/100|[from] item: Leftovers
|upkeep
|turn|21
|
|t:|1730164202
|move|p1a: Gengar|Destiny Bond|p1a: Gengar
|-singlemove|p1a: Gengar|Destiny Bond
|move|p2a: Moltres|Flamethrower|p1a: Gengar
|-damage|p1a: Gengar|0 fnt
|faint|p1a: Gengar
|-activate|p1a: Gengar|move: Destiny Bond
|faint|p2a: Moltres
|
|t:|1730164217
|switch|p1a: Celebi|Celebi|99/100
|switch|p2a: Celebi|Celebi|26/100
|-damage|p2a: Celebi|14/100|[from] Spikes
|
|-heal|p1a: Celebi|100/100|[from] item: Leftovers
|-heal|p2a: Celebi|20/100|[from] item: Leftovers
|upkeep
|turn|22
|
|t:|1730164220
|move|p1a: Celebi|Hidden Power|p2a: Celebi
|-supereffective|p2a: Celebi
|-damage|p2a: Celebi|0 fnt
|faint|p2a: Celebi
|
|t:|1730164228
|switch|p2a: Gengar|Gengar, F|100/100
|
|upkeep
|turn|23
|
|t:|1730164241
|move|p2a: Gengar|Fire Punch|p1a: Celebi
|-supereffective|p1a: Celebi
|-damage|p1a: Celebi|48/100
|move|p1a: Celebi|Psychic|p2a: Gengar
|-supereffective|p2a: Gengar
|-damage|p2a: Gengar|0 fnt
|faint|p2a: Gengar
|
|t:|1730164245
|switch|p2a: Tyranitar|Tyranitar, M|100/100
|-damage|p2a: Tyranitar|88/100|[from] Spikes
|-weather|Sandstorm|[from] ability: Sand Stream|[of] p2a: Tyranitar
|
|-weather|Sandstorm|[upkeep]
|-damage|p1a: Celebi|42/100|[from] Sandstorm
|-heal|p1a: Celebi|48/100|[from] item: Leftovers
|-heal|p2a: Tyranitar|94/100|[from] item: Leftovers
|upkeep
|turn|24
|inactive|scootymcbooty123 has 270 seconds left.
|
|t:|1730164281
|move|p1a: Celebi|Giga Drain|p2a: Tyranitar
|-supereffective|p2a: Tyranitar
|-damage|p2a: Tyranitar|45/100
|-heal|p1a: Celebi|78/100|[from] drain|[of] p2a: Tyranitar
|move|p2a: Tyranitar|Crunch|p1a: Celebi
|-supereffective|p1a: Celebi
|-damage|p1a: Celebi|8/100
|
|-weather|Sandstorm|[upkeep]
|-damage|p1a: Celebi|2/100|[from] Sandstorm
|-heal|p1a: Celebi|8/100|[from] item: Leftovers
|-heal|p2a: Tyranitar|51/100|[from] item: Leftovers
|upkeep
|turn|25
|inactive|scootymcbooty123 has 270 seconds left.
|
|t:|1730164287
|move|p1a: Celebi|Giga Drain|p2a: Tyranitar
|-supereffective|p2a: Tyranitar
|-damage|p2a: Tyranitar|1/100
|-heal|p1a: Celebi|37/100|[from] drain|[of] p2a: Tyranitar
|move|p2a: Tyranitar|Crunch|p1a: Celebi
|-supereffective|p1a: Celebi
|-damage|p1a: Celebi|0 fnt
|faint|p1a: Celebi
|
|t:|1730164291
|switch|p1a: Milotic|Milotic, M, shiny|47/100
|
|-weather|Sandstorm|[upkeep]
|-damage|p1a: Milotic|41/100|[from] Sandstorm
|-heal|p1a: Milotic|47/100|[from] item: Leftovers
|-heal|p2a: Tyranitar|8/100|[from] item: Leftovers
|upkeep
|turn|26
|
|t:|1730164310
|move|p1a: Milotic|Recover|p1a: Milotic
|-heal|p1a: Milotic|97/100
|move|p2a: Tyranitar|Crunch|p1a: Milotic
|-damage|p1a: Milotic|77/100
|-unboost|p1a: Milotic|spd|1
|
|-weather|Sandstorm|[upkeep]
|-damage|p1a: Milotic|71/100|[from] Sandstorm
|-heal|p1a: Milotic|77/100|[from] item: Leftovers
|-heal|p2a: Tyranitar|14/100|[from] item: Leftovers
|upkeep
|turn|27
|
|t:|1730164315
|move|p1a: Milotic|Surf|p2a: Tyranitar
|-supereffective|p2a: Tyranitar
|-damage|p2a: Tyranitar|0 fnt
|faint|p2a: Tyranitar
|
|t:|1730164317
|switch|p2a: Jolteon|Jolteon, F|63/100
|-damage|p2a: Jolteon|50/100|[from] Spikes
|
|-weather|Sandstorm|[upkeep]
|-damage|p2a: Jolteon|44/100|[from] Sandstorm
|-damage|p1a: Milotic|71/100|[from] Sandstorm
|-heal|p1a: Milotic|77/100|[from] item: Leftovers
|upkeep
|turn|28
|
|t:|1730164321
|move|p2a: Jolteon|Thunderbolt|p1a: Milotic
|-supereffective|p1a: Milotic
|-damage|p1a: Milotic|12/100
|move|p1a: Milotic|Surf|p2a: Jolteon
|-damage|p2a: Jolteon|0 fnt
|faint|p2a: Jolteon
|
|t:|1730164328
|switch|p2a: Suicune|Suicune|100/100
|-damage|p2a: Suicune|88/100|[from] Spikes
|
|-weather|Sandstorm|[upkeep]
|-damage|p2a: Suicune|82/100|[from] Sandstorm
|-damage|p1a: Milotic|6/100|[from] Sandstorm
|-heal|p2a: Suicune|88/100|[from] item: Leftovers
|-heal|p1a: Milotic|12/100|[from] item: Leftovers
|upkeep
|turn|29
|
|t:|1730164331
|move|p2a: Suicune|Calm Mind|p2a: Suicune
|-boost|p2a: Suicune|spa|1
|-boost|p2a: Suicune|spd|1
|move|p1a: Milotic|Recover|p1a: Milotic
|-heal|p1a: Milotic|62/100
|
|-weather|Sandstorm|[upkeep]
|-damage|p2a: Suicune|82/100|[from] Sandstorm
|-damage|p1a: Milotic|56/100|[from] Sandstorm
|-heal|p2a: Suicune|88/100|[from] item: Leftovers
|-heal|p1a: Milotic|62/100|[from] item: Leftovers
|upkeep
|turn|30
|
|t:|1730164333
|move|p2a: Suicune|Calm Mind|p2a: Suicune
|-boost|p2a: Suicune|spa|1
|-boost|p2a: Suicune|spd|1
|move|p1a: Milotic|Toxic|p2a: Suicune
|-status|p2a: Suicune|tox
|
|-weather|Sandstorm|[upkeep]
|-damage|p2a: Suicune|82/100 tox|[from] Sandstorm
|-damage|p1a: Milotic|56/100|[from] Sandstorm
|-heal|p2a: Suicune|88/100 tox|[from] item: Leftovers
|-damage|p2a: Suicune|82/100 tox|[from] psn
|-heal|p1a: Milotic|62/100|[from] item: Leftovers
|upkeep
|turn|31
|
|t:|1730164338
|move|p2a: Suicune|Calm Mind|p2a: Suicune
|-boost|p2a: Suicune|spa|1
|-boost|p2a: Suicune|spd|1
|move|p1a: Milotic|Recover|p1a: Milotic
|-heal|p1a: Milotic|100/100
|
|-weather|Sandstorm|[upkeep]
|-damage|p2a: Suicune|76/100 tox|[from] Sandstorm
|-damage|p1a: Milotic|94/100|[from] Sandstorm
|-heal|p2a: Suicune|82/100 tox|[from] item: Leftovers
|-damage|p2a: Suicune|69/100 tox|[from] psn
|-heal|p1a: Milotic|100/100|[from] item: Leftovers
|upkeep
|turn|32
|
|t:|1730164344
|move|p2a: Suicune|Calm Mind|p2a: Suicune
|-boost|p2a: Suicune|spa|1
|-boost|p2a: Suicune|spd|1
|move|p1a: Milotic|Surf|p2a: Suicune
|-resisted|p2a: Suicune
|-damage|p2a: Suicune|65/100 tox
|
|-weather|Sandstorm|[upkeep]
|-damage|p2a: Suicune|59/100 tox|[from] Sandstorm
|-damage|p1a: Milotic|94/100|[from] Sandstorm
|-heal|p2a: Suicune|65/100 tox|[from] item: Leftovers
|-damage|p2a: Suicune|47/100 tox|[from] psn
|-heal|p1a: Milotic|100/100|[from] item: Leftovers
|upkeep
|turn|33
|
|t:|1730164348
|move|p2a: Suicune|Rest|p2a: Suicune
|-status|p2a: Suicune|slp|[from] move: Rest
|-heal|p2a: Suicune|100/100 slp|[silent]
|move|p1a: Milotic|Surf|p2a: Suicune
|-resisted|p2a: Suicune
|-damage|p2a: Suicune|96/100 slp
|
|-weather|Sandstorm|[upkeep]
|-damage|p2a: Suicune|90/100 slp|[from] Sandstorm
|-damage|p1a: Milotic|94/100|[from] Sandstorm
|-heal|p2a: Suicune|96/100 slp|[from] item: Leftovers
|-heal|p1a: Milotic|100/100|[from] item: Leftovers
|upkeep
|turn|34
|c|☆drby|gg
|c|☆scootymcbooty123|GG
|-message|drby forfeited.
|
|win|scootymcbooty123
|player|p2|
|player|p1|
|player|p2|scootymcbooty123|2|

</script>
<script type="application/json" class="data" id="replaydata-smogtours-gen3ou-803203">
{"id":"smogtours-gen3ou-803203","format":"[Gen 3] OU","players":["drby","scootymcbooty123"],"uploadtime":1730164360,"views":53,"formatid":"gen3ou","rating":null,"private":0,"password":null}
</script>

<script defer src="js/replays.js?9d40a366"></script>
