<!DOCTYPE html>
<meta charset="utf-8" />
<meta name="viewport" content="width=device-width" />

<title>[Gen 3] OU: cow xi vs. zxgzxg - Replays - Pok&eacute;mon Showdown!</title>

<meta name="description" content="Watch a replay of a Pok&eacute;mon battle between cow xi and zxgzxg! Format: [Gen 3] OU; Date: Oct 24, 2024" />
<!--

Hey, you! Looking in the source for the replay log?

You can find them in JSON format, just add `.json` at the end of a replay URL.

https://replay.pokemonshowdown.com/gen7randomdoublesbattle-865046831.json

Or, if you only need the log itself, add `.log` instead:

https://replay.pokemonshowdown.com/gen7randomdoublesbattle-865046831.log

-->

<link rel="stylesheet" href="//pokemonshowdown.com/style/global.css?0.767286132409787" />
<link rel="stylesheet" href="//play.pokemonshowdown.com/style/font-awesome.css?0.9266228007934947" />
<link rel="stylesheet" href="//play.pokemonshowdown.com/style/battle.css?0.7924700842790926" />
<link rel="stylesheet" href="//play.pokemonshowdown.com/style/utilichart.css?0.8777417872839479" />

<!-- Global site tag (gtag.js) - Google Analytics -->
<script async src="https://www.googletagmanager.com/gtag/js?id=UA-26211653-1"></script>
<script>
  window.dataLayer = window.dataLayer || [];
  function gtag(){dataLayer.push(arguments);}
  gtag('js', new Date());

  gtag('config', 'UA-26211653-1');
</script>
<!-- End Google Analytics -->
<!-- Venatus Ad Manager - Install in <HEAD> of page -->
	<script src="https://hb.vntsm.com/v3/live/ad-manager.min.js" type="text/javascript" data-site-id="642aba63ec9a7b11c3c9c1be" data-mode="scan" async></script>
<!-- / Venatus Ad Manager -->

<style>
	@media (max-width:820px) {
		.battle {
			margin: 0 auto;
		}
		.battle-log {
			margin: 7px auto 0;
			max-width: 640px;
			height: 300px;
			position: static;
		}
	}
	.optgroup {
		display: inline-block;
		line-height: 22px;
		font-size: 10pt;
	}
	.optgroup .button {
		height: 25px;
		padding-top: 0;
		padding-bottom: 0;
	}
	.optgroup button.button {
		padding-left: 12px;
		padding-right: 12px;
	}
	.linklist {
		list-style: none;
		margin: 0.5em 0;
		padding: 0;
	}
	.linklist li {
		padding: 2px 0;
	}
	.sidebar {
		float: left;
		width: 320px;
	}
	.bar-wrapper {
		max-width: 1100px;
		margin: 0 auto;
	}
	.bar-wrapper.has-sidebar {
		max-width: 1430px;
	}
	.mainbar {
		margin: 0;
		padding-right: 1px;
	}
	.mainbar.has-sidebar {
		margin-left: 330px;
	}
	@media (min-width: 1511px) {
		.sidebar {
			width: 400px;
		}
		.bar-wrapper.has-sidebar {
			max-width: 1510px;
		}
		.mainbar.has-sidebar {
			margin-left: 410px;
		}
	}
	.section.first-section {
		margin-top: 9px;
	}
	.blocklink small {
		white-space: normal;
	}
	.button {
		vertical-align: middle;
	}
	.replay-controls {
		padding-top: 10px;
	}
	.replay-controls h1 {
		font-size: 16pt;
		font-weight: normal;
		color: #CCC;
	}
	.pagelink {
		text-align: center;
	}
	.pagelink a {
		width: 150px;
	}
	.textbox, .button {
		font-size: 11pt;
		vertical-align: middle;
	}
	@media (max-width: 450px) {
		.button {
			font-size: 9pt;
		}
	}
</style>

<div>

	<header>
		<div class="nav-wrapper"><ul class="nav">
			<li><a class="button nav-first" href="//pokemonshowdown.com/"><img src="//pokemonshowdown.com/images/pokemonshowdownbeta.png" srcset="//pokemonshowdown.com/images/pokemonshowdownbeta.png 1x, //pokemonshowdown.com/images/pokemonshowdownbeta@2x.png 2x" alt="Pok&eacute;mon Showdown" width="146" height="44" /> Home</a></li>
			<li><a class="button" href="//pokemonshowdown.com/dex/">Pok&eacute;dex</a></li>
			<li><a class="button cur" href="/">Replays</a></li>
			<li><a class="button" href="//pokemonshowdown.com/ladder/">Ladder</a></li>
			<li><a class="button nav-last" href="//pokemonshowdown.com/forums/">Forum</a></li>
			<li><a class="button greenbutton nav-first nav-last" href="//play.pokemonshowdown.com/">Play</a></li>
		</ul></div>
	</header>

	<div class="main" id="main">

		<noscript><section class="section">You need to enable JavaScript to use this page; sorry!</section></noscript>

	</div>

</div>

<script defer nomodule src="//play.pokemonshowdown.com/js/lib/ps-polyfill.js"></script>
<script defer src="//play.pokemonshowdown.com/js/lib/preact.min.js"></script>

<script defer src="//play.pokemonshowdown.com/config/config.js?6dec07f6"></script>
<script defer src="//play.pokemonshowdown.com/js/lib/jquery-1.11.0.min.js"></script>
<script defer src="//play.pokemonshowdown.com/js/lib/html-sanitizer-minified.js"></script>
<script defer src="//play.pokemonshowdown.com/js/battle-sound.js"></script>
<script defer src="//play.pokemonshowdown.com/js/battledata.js?0.6315294753075389"></script>
<script defer src="//play.pokemonshowdown.com/data/pokedex-mini.js?0.7603743185311358"></script>
<script defer src="//play.pokemonshowdown.com/data/pokedex-mini-bw.js?0.030888842834281283"></script>
<script defer src="//play.pokemonshowdown.com/data/graphics.js?0.05593094747507488"></script>
<script defer src="//play.pokemonshowdown.com/data/pokedex.js?0.47064822249611904"></script>
<script defer src="//play.pokemonshowdown.com/data/moves.js?0.8583693120512459"></script>
<script defer src="//play.pokemonshowdown.com/data/abilities.js?0.16017181182386842"></script>
<script defer src="//play.pokemonshowdown.com/data/items.js?0.4163379185673943"></script>
<script defer src="//play.pokemonshowdown.com/data/teambuilder-tables.js?0.31075597372830477"></script>
<script defer src="//play.pokemonshowdown.com/js/battle-tooltips.js?0.6536193500708172"></script>
<script defer src="//play.pokemonshowdown.com/js/battle.js?0.1916591943277901"></script>

<script defer src="js/utils.js?e31f9a17"></script>
<script defer src="js/replays-battle.js?7008c182"></script>

<!-- don't scrape this data! just add .json or .log after the URL!
Full API docs: https://github.com/smogon/pokemon-showdown-client/blob/master/WEB-API.md -->
<script type="text/plain" class="log" id="replaylog-smogtours-gen3ou-801620">
|inactive|Battle timer is ON: inactive players will automatically lose when time's up.
|t:|1729799064
|gametype|singles
|player|p1|cow xi|lucas|
|player|p2|zxgzxg|102|
|teamsize|p1|6
|teamsize|p2|6
|gen|3
|tier|[Gen 3] OU
|rule|Sleep Clause Mod: Limit one foe put to sleep
|rule|Switch Priority Clause Mod: Faster Pokémon switch first
|rule|Species Clause: Limit one of each Pokémon
|rule|OHKO Clause: OHKO moves are banned
|rule|Evasion Items Clause: Evasion items are banned
|rule|Evasion Moves Clause: Evasion moves are banned
|rule|Endless Battle Clause: Forcing endless battles is banned
|rule|HP Percentage Mod: HP is shown in percentages
|rule|One Boost Passer Clause: Limit one Baton Passer that has a way to boost its stats
|rule|Freeze Clause Mod: Limit one foe frozen
|
|t:|1729799064
|start
|switch|p1a: Tyranitar|Tyranitar, M|100/100
|switch|p2a: Medicham|Medicham, F|100/100
|-weather|Sandstorm|[from] ability: Sand Stream|[of] p1a: Tyranitar
|turn|1
|c|☆cow xi|hf
|c|☆zxgzxg|u2
|
|t:|1729799081
|switch|p1a: Moltres|Moltres|100/100
|move|p2a: Medicham|Brick Break|p1a: Moltres
|-resisted|p1a: Moltres
|-damage|p1a: Moltres|72/100
|
|-weather|Sandstorm|[upkeep]
|-damage|p1a: Moltres|66/100|[from] Sandstorm
|-damage|p2a: Medicham|94/100|[from] Sandstorm
|-heal|p1a: Moltres|72/100|[from] item: Leftovers
|upkeep
|turn|2
|
|t:|1729799088
|switch|p1a: Skarmory|Skarmory, M|100/100
|move|p2a: Medicham|Rock Slide|p1a: Skarmory
|-damage|p1a: Skarmory|75/100
|
|-weather|Sandstorm|[upkeep]
|-damage|p2a: Medicham|88/100|[from] Sandstorm
|-heal|p1a: Skarmory|81/100|[from] item: Leftovers
|upkeep
|turn|3
|
|t:|1729799095
|switch|p2a: Magneton|Magneton|100/100
|move|p1a: Skarmory|Spikes|p2a: Magneton
|-sidestart|p2: zxgzxg|Spikes
|
|-weather|Sandstorm|[upkeep]
|-heal|p1a: Skarmory|87/100|[from] item: Leftovers
|upkeep
|turn|4
|
|t:|1729799100
|move|p2a: Magneton|Thunderbolt|p1a: Skarmory
|-supereffective|p1a: Skarmory
|-damage|p1a: Skarmory|0 fnt
|faint|p1a: Skarmory
|
|t:|1729799103
|switch|p1a: Moltres|Moltres|72/100
|
|-weather|Sandstorm|[upkeep]
|-damage|p1a: Moltres|66/100|[from] Sandstorm
|-heal|p1a: Moltres|72/100|[from] item: Leftovers
|upkeep
|turn|5
|
|t:|1729799109
|switch|p2a: Suicune|Suicune|100/100
|-damage|p2a: Suicune|88/100|[from] Spikes
|move|p1a: Moltres|Flamethrower|p2a: Suicune
|-resisted|p2a: Suicune
|-damage|p2a: Suicune|72/100
|
|-weather|Sandstorm|[upkeep]
|-damage|p1a: Moltres|66/100|[from] Sandstorm
|-damage|p2a: Suicune|66/100|[from] Sandstorm
|-heal|p1a: Moltres|72/100|[from] item: Leftovers
|-heal|p2a: Suicune|72/100|[from] item: Leftovers
|upkeep
|turn|6
|
|t:|1729799115
|switch|p1a: Gyarados|Gyarados, M|100/100
|-ability|p1a: Gyarados|Intimidate|boost
|-unboost|p2a: Suicune|atk|1
|move|p2a: Suicune|Surf|p1a: Gyarados
|-resisted|p1a: Gyarados
|-damage|p1a: Gyarados|82/100
|
|-weather|Sandstorm|[upkeep]
|-damage|p1a: Gyarados|76/100|[from] Sandstorm
|-damage|p2a: Suicune|66/100|[from] Sandstorm
|-heal|p1a: Gyarados|82/100|[from] item: Leftovers
|-heal|p2a: Suicune|72/100|[from] item: Leftovers
|upkeep
|turn|7
|
|t:|1729799120
|switch|p2a: Salamence|Salamence, F|100/100
|-ability|p2a: Salamence|Intimidate|boost
|-unboost|p1a: Gyarados|atk|1
|move|p1a: Gyarados|Dragon Dance|p1a: Gyarados
|-boost|p1a: Gyarados|atk|1
|-boost|p1a: Gyarados|spe|1
|
|-weather|Sandstorm|[upkeep]
|-damage|p1a: Gyarados|76/100|[from] Sandstorm
|-damage|p2a: Salamence|94/100|[from] Sandstorm
|-heal|p1a: Gyarados|82/100|[from] item: Leftovers
|-heal|p2a: Salamence|100/100|[from] item: Leftovers
|upkeep
|turn|8
|
|t:|1729799124
|move|p1a: Gyarados|Hidden Power|p2a: Salamence
|-supereffective|p2a: Salamence
|-damage|p2a: Salamence|40/100
|move|p2a: Salamence|Rock Slide|p1a: Gyarados
|-supereffective|p1a: Gyarados
|-damage|p1a: Gyarados|16/100
|
|-weather|Sandstorm|[upkeep]
|-damage|p1a: Gyarados|10/100|[from] Sandstorm
|-damage|p2a: Salamence|34/100|[from] Sandstorm
|-heal|p1a: Gyarados|16/100|[from] item: Leftovers
|-heal|p2a: Salamence|40/100|[from] item: Leftovers
|upkeep
|turn|9
|
|t:|1729799133
|switch|p2a: Metagross|Metagross|100/100
|-damage|p2a: Metagross|88/100|[from] Spikes
|move|p1a: Gyarados|Hidden Power|p2a: Metagross
|-resisted|p2a: Metagross
|-damage|p2a: Metagross|80/100
|
|-weather|Sandstorm|[upkeep]
|-damage|p1a: Gyarados|10/100|[from] Sandstorm
|-heal|p1a: Gyarados|16/100|[from] item: Leftovers
|-heal|p2a: Metagross|86/100|[from] item: Leftovers
|upkeep
|turn|10
|
|t:|1729799144
|switch|p1a: Flygon|Flygon, M|100/100
|move|p2a: Metagross|Meteor Mash|p1a: Flygon
|-damage|p1a: Flygon|55/100
|
|-weather|Sandstorm|[upkeep]
|-heal|p1a: Flygon|61/100|[from] item: Leftovers
|-heal|p2a: Metagross|92/100|[from] item: Leftovers
|upkeep
|turn|11
|
|t:|1729799150
|move|p1a: Flygon|Earthquake|p2a: Metagross
|-supereffective|p2a: Metagross
|-damage|p2a: Metagross|40/100
|move|p2a: Metagross|Agility|p2a: Metagross
|-boost|p2a: Metagross|spe|2
|
|-weather|Sandstorm|[upkeep]
|-heal|p2a: Metagross|46/100|[from] item: Leftovers
|-heal|p1a: Flygon|67/100|[from] item: Leftovers
|upkeep
|turn|12
|
|t:|1729799163
|move|p1a: Flygon|Protect|p1a: Flygon
|-singleturn|p1a: Flygon|Protect
|move|p2a: Metagross|Explosion|p1a: Flygon
|-activate|p1a: Flygon|Protect
|faint|p2a: Metagross
|
|t:|1729799165
|switch|p2a: Suicune|Suicune|72/100
|-damage|p2a: Suicune|60/100|[from] Spikes
|
|-weather|Sandstorm|[upkeep]
|-damage|p2a: Suicune|54/100|[from] Sandstorm
|-heal|p1a: Flygon|73/100|[from] item: Leftovers
|-heal|p2a: Suicune|60/100|[from] item: Leftovers
|upkeep
|turn|13
|
|t:|1729799176
|move|p1a: Flygon|Earthquake|p2a: Suicune
|-damage|p2a: Suicune|36/100
|move|p2a: Suicune|Ice Beam|p1a: Flygon
|-supereffective|p1a: Flygon
|-damage|p1a: Flygon|0 fnt
|faint|p1a: Flygon
|
|t:|1729799183
|switch|p1a: Moltres|Moltres|72/100
|
|-weather|Sandstorm|[upkeep]
|-damage|p1a: Moltres|66/100|[from] Sandstorm
|-damage|p2a: Suicune|30/100|[from] Sandstorm
|-heal|p1a: Moltres|72/100|[from] item: Leftovers
|-heal|p2a: Suicune|36/100|[from] item: Leftovers
|upkeep
|turn|14
|
|t:|1729799184
|move|p1a: Moltres|Hidden Power|p2a: Suicune
|-supereffective|p2a: Suicune
|-damage|p2a: Suicune|3/100
|move|p2a: Suicune|Rest|p2a: Suicune
|-status|p2a: Suicune|slp|[from] move: Rest
|-heal|p2a: Suicune|100/100 slp|[silent]
|
|-weather|Sandstorm|[upkeep]
|-damage|p1a: Moltres|66/100|[from] Sandstorm
|-damage|p2a: Suicune|94/100 slp|[from] Sandstorm
|-heal|p1a: Moltres|72/100|[from] item: Leftovers
|-heal|p2a: Suicune|100/100 slp|[from] item: Leftovers
|upkeep
|turn|15
|
|t:|1729799192
|switch|p1a: Gyarados|Gyarados, M|16/100
|-ability|p1a: Gyarados|Intimidate|boost
|-unboost|p2a: Suicune|atk|1
|switch|p2a: Salamence|Salamence, F|40/100
|-ability|p2a: Salamence|Intimidate|boost
|-unboost|p1a: Gyarados|atk|1
|
|-weather|Sandstorm|[upkeep]
|-damage|p2a: Salamence|34/100|[from] Sandstorm
|-damage|p1a: Gyarados|10/100|[from] Sandstorm
|-heal|p2a: Salamence|40/100|[from] item: Leftovers
|-heal|p1a: Gyarados|16/100|[from] item: Leftovers
|upkeep
|turn|16
|
|t:|1729799199
|switch|p1a: Jirachi|Jirachi|100/100
|move|p2a: Salamence|Rock Slide|p1a: Jirachi
|-resisted|p1a: Jirachi
|-damage|p1a: Jirachi|92/100
|
|-weather|Sandstorm|[upkeep]
|-damage|p2a: Salamence|34/100|[from] Sandstorm
|-heal|p2a: Salamence|40/100|[from] item: Leftovers
|-heal|p1a: Jirachi|98/100|[from] item: Leftovers
|upkeep
|turn|17
|
|t:|1729799208
|switch|p2a: Magneton|Magneton|100/100
|-damage|p2a: Magneton|88/100|[from] Spikes
|move|p1a: Jirachi|Wish|p1a: Jirachi
|
|-weather|Sandstorm|[upkeep]
|-heal|p1a: Jirachi|100/100|[from] item: Leftovers
|upkeep
|turn|18
|
|t:|1729799211
|move|p1a: Jirachi|Fire Punch|p2a: Magneton
|-supereffective|p2a: Magneton
|-damage|p2a: Magneton|22/100
|-status|p2a: Magneton|brn
|move|p2a: Magneton|Hidden Power|p1a: Jirachi
|-supereffective|p1a: Jirachi
|-damage|p1a: Jirachi|63/100
|
|-heal|p1a: Jirachi|100/100|[from] move: Wish|[wisher] Jirachi
|-weather|Sandstorm|[upkeep]
|-damage|p2a: Magneton|9/100 brn|[from] brn
|upkeep
|turn|19
|
|t:|1729799218
|move|p1a: Jirachi|Fire Punch|p2a: Magneton
|-supereffective|p2a: Magneton
|-damage|p2a: Magneton|0 fnt
|faint|p2a: Magneton
|
|t:|1729799224
|switch|p2a: Suicune|Suicune|100/100 slp
|-damage|p2a: Suicune|88/100 slp|[from] Spikes
|
|-weather|Sandstorm|[upkeep]
|-damage|p2a: Suicune|82/100 slp|[from] Sandstorm
|-heal|p2a: Suicune|88/100 slp|[from] item: Leftovers
|upkeep
|turn|20
|
|t:|1729799228
|move|p1a: Jirachi|Wish|p1a: Jirachi
|cant|p2a: Suicune|slp
|
|-weather|Sandstorm|[upkeep]
|-damage|p2a: Suicune|82/100 slp|[from] Sandstorm
|-heal|p2a: Suicune|88/100 slp|[from] item: Leftovers
|upkeep
|turn|21
|
|t:|1729799231
|switch|p1a: Gyarados|Gyarados, M|16/100
|-ability|p1a: Gyarados|Intimidate|boost
|-unboost|p2a: Suicune|atk|1
|switch|p2a: Salamence|Salamence, F|40/100
|-ability|p2a: Salamence|Intimidate|boost
|-unboost|p1a: Gyarados|atk|1
|
|-heal|p1a: Gyarados|66/100|[from] move: Wish|[wisher] Jirachi
|-weather|Sandstorm|[upkeep]
|-damage|p2a: Salamence|34/100|[from] Sandstorm
|-damage|p1a: Gyarados|60/100|[from] Sandstorm
|-heal|p2a: Salamence|40/100|[from] item: Leftovers
|-heal|p1a: Gyarados|66/100|[from] item: Leftovers
|upkeep
|turn|22
|c|+NoName6293|whats this for
|c|+rezzo64|revival
|c|+NoName6293|word
|c|+NoName6293|gl cow
|
|t:|1729799253
|switch|p1a: Moltres|Moltres|72/100
|move|p2a: Salamence|Earthquake|p1a: Moltres
|-immune|p1a: Moltres
|
|-weather|Sandstorm|[upkeep]
|-damage|p1a: Moltres|66/100|[from] Sandstorm
|-damage|p2a: Salamence|34/100|[from] Sandstorm
|-heal|p1a: Moltres|72/100|[from] item: Leftovers
|-heal|p2a: Salamence|40/100|[from] item: Leftovers
|upkeep
|turn|23
|c|+rezzo64|gl zxg zxg
|c|☆zxgzxg|thank u rezo
|
|t:|1729799263
|move|p1a: Moltres|Will-O-Wisp|p2a: Salamence|[miss]
|-miss|p1a: Moltres|p2a: Salamence
|move|p2a: Salamence|Rock Slide|p1a: Moltres
|-supereffective|p1a: Moltres
|-damage|p1a: Moltres|0 fnt
|faint|p1a: Moltres
|
|t:|1729799269
|switch|p1a: Tyranitar|Tyranitar, M|100/100
|
|-weather|Sandstorm|[upkeep]
|-damage|p2a: Salamence|34/100|[from] Sandstorm
|-heal|p2a: Salamence|40/100|[from] item: Leftovers
|upkeep
|turn|24
|
|t:|1729799275
|switch|p2a: Medicham|Medicham, F|88/100
|-damage|p2a: Medicham|76/100|[from] Spikes
|move|p1a: Tyranitar|Crunch|p2a: Medicham
|-damage|p2a: Medicham|12/100
|
|-weather|Sandstorm|[upkeep]
|-damage|p2a: Medicham|6/100|[from] Sandstorm
|-enditem|p2a: Medicham|Salac Berry|[eat]
|-boost|p2a: Medicham|spe|1|[from] item: Salac Berry
|upkeep
|turn|25
|
|t:|1729799282
|-singleturn|p2a: Medicham|move: Focus Punch
|switch|p1a: Jirachi|Jirachi|100/100
|move|p2a: Medicham|Focus Punch|p1a: Jirachi
|-damage|p1a: Jirachi|38/100
|
|-weather|Sandstorm|[upkeep]
|-damage|p2a: Medicham|0 fnt|[from] Sandstorm
|faint|p2a: Medicham
|-heal|p1a: Jirachi|45/100|[from] item: Leftovers
|upkeep
|
|t:|1729799287
|switch|p2a: Salamence|Salamence, F|40/100
|-ability|p2a: Salamence|Intimidate|boost
|-unboost|p1a: Jirachi|atk|1
|turn|26
|
|t:|1729799296
|switch|p1a: Gyarados|Gyarados, M|66/100
|-ability|p1a: Gyarados|Intimidate|boost
|-unboost|p2a: Salamence|atk|1
|move|p2a: Salamence|Dragon Dance|p2a: Salamence
|-boost|p2a: Salamence|atk|1
|-boost|p2a: Salamence|spe|1
|
|-weather|Sandstorm|[upkeep]
|-damage|p2a: Salamence|34/100|[from] Sandstorm
|-damage|p1a: Gyarados|60/100|[from] Sandstorm
|-heal|p2a: Salamence|40/100|[from] item: Leftovers
|-heal|p1a: Gyarados|66/100|[from] item: Leftovers
|upkeep
|turn|27
|
|t:|1729799302
|switch|p1a: Tyranitar|Tyranitar, M|100/100
|move|p2a: Salamence|Rock Slide|p1a: Tyranitar|[miss]
|-miss|p2a: Salamence|p1a: Tyranitar
|
|-weather|Sandstorm|[upkeep]
|-damage|p2a: Salamence|34/100|[from] Sandstorm
|-heal|p2a: Salamence|40/100|[from] item: Leftovers
|upkeep
|turn|28
|
|t:|1729799312
|switch|p2a: Snorlax|Snorlax, F|100/100
|-damage|p2a: Snorlax|88/100|[from] Spikes
|move|p1a: Tyranitar|Crunch|p2a: Snorlax
|-damage|p2a: Snorlax|66/100
|
|-weather|Sandstorm|[upkeep]
|-damage|p2a: Snorlax|59/100|[from] Sandstorm
|-heal|p2a: Snorlax|66/100|[from] item: Leftovers
|upkeep
|turn|29
|
|t:|1729799317
|switch|p1a: Jirachi|Jirachi|45/100
|move|p2a: Snorlax|Body Slam|p1a: Jirachi
|-resisted|p1a: Jirachi
|-damage|p1a: Jirachi|32/100
|
|-weather|Sandstorm|[upkeep]
|-damage|p2a: Snorlax|59/100|[from] Sandstorm
|-heal|p1a: Jirachi|39/100|[from] item: Leftovers
|-heal|p2a: Snorlax|66/100|[from] item: Leftovers
|upkeep
|turn|30
|
|t:|1729799321
|move|p1a: Jirachi|Wish|p1a: Jirachi
|move|p2a: Snorlax|Earthquake|p1a: Jirachi
|-supereffective|p1a: Jirachi
|-damage|p1a: Jirachi|1/100
|
|-weather|Sandstorm|[upkeep]
|-damage|p2a: Snorlax|59/100|[from] Sandstorm
|-heal|p1a: Jirachi|7/100|[from] item: Leftovers
|-heal|p2a: Snorlax|66/100|[from] item: Leftovers
|upkeep
|turn|31
|
|t:|1729799326
|switch|p2a: Suicune|Suicune|88/100 slp
|-damage|p2a: Suicune|76/100 slp|[from] Spikes
|move|p1a: Jirachi|Protect||[still]
|-fail|p1a: Jirachi
|
|-heal|p1a: Jirachi|57/100|[from] move: Wish|[wisher] Jirachi
|-weather|Sandstorm|[upkeep]
|-damage|p2a: Suicune|70/100 slp|[from] Sandstorm
|-heal|p1a: Jirachi|63/100|[from] item: Leftovers
|-heal|p2a: Suicune|76/100 slp|[from] item: Leftovers
|upkeep
|turn|32
|
|t:|1729799329
|move|p1a: Jirachi|Wish|p1a: Jirachi
|cant|p2a: Suicune|slp
|
|-weather|Sandstorm|[upkeep]
|-damage|p2a: Suicune|70/100 slp|[from] Sandstorm
|-heal|p1a: Jirachi|69/100|[from] item: Leftovers
|-heal|p2a: Suicune|76/100 slp|[from] item: Leftovers
|upkeep
|turn|33
|
|t:|1729799334
|switch|p1a: Gyarados|Gyarados, M|66/100
|-ability|p1a: Gyarados|Intimidate|boost
|-unboost|p2a: Suicune|atk|1
|switch|p2a: Salamence|Salamence, F|40/100
|-ability|p2a: Salamence|Intimidate|boost
|-unboost|p1a: Gyarados|atk|1
|
|-heal|p1a: Gyarados|100/100|[from] move: Wish|[wisher] Jirachi
|-weather|Sandstorm|[upkeep]
|-damage|p2a: Salamence|34/100|[from] Sandstorm
|-damage|p1a: Gyarados|94/100|[from] Sandstorm
|-heal|p2a: Salamence|40/100|[from] item: Leftovers
|-heal|p1a: Gyarados|100/100|[from] item: Leftovers
|upkeep
|turn|34
|
|t:|1729799345
|switch|p1a: Tyranitar|Tyranitar, M|100/100
|move|p2a: Salamence|Dragon Dance|p2a: Salamence
|-boost|p2a: Salamence|atk|1
|-boost|p2a: Salamence|spe|1
|
|-weather|Sandstorm|[upkeep]
|-damage|p2a: Salamence|34/100|[from] Sandstorm
|-heal|p2a: Salamence|40/100|[from] item: Leftovers
|upkeep
|turn|35
|
|t:|1729799348
|move|p2a: Salamence|Earthquake|p1a: Tyranitar
|-supereffective|p1a: Tyranitar
|-damage|p1a: Tyranitar|10/100
|move|p1a: Tyranitar|Crunch|p2a: Salamence
|-damage|p2a: Salamence|3/100
|
|-weather|Sandstorm|[upkeep]
|-damage|p2a: Salamence|0 fnt|[from] Sandstorm
|faint|p2a: Salamence
|-heal|p1a: Tyranitar|16/100|[from] item: Leftovers
|upkeep
|
|t:|1729799351
|switch|p2a: Suicune|Suicune|76/100 slp
|-damage|p2a: Suicune|63/100 slp|[from] Spikes
|turn|36
|
|t:|1729799354
|switch|p1a: Gyarados|Gyarados, M|100/100
|-ability|p1a: Gyarados|Intimidate|boost
|-unboost|p2a: Suicune|atk|1
|-curestatus|p2a: Suicune|slp|[msg]
|move|p2a: Suicune|Surf|p1a: Gyarados
|-resisted|p1a: Gyarados
|-damage|p1a: Gyarados|82/100
|
|-weather|Sandstorm|[upkeep]
|-damage|p1a: Gyarados|76/100|[from] Sandstorm
|-damage|p2a: Suicune|57/100|[from] Sandstorm
|-heal|p1a: Gyarados|82/100|[from] item: Leftovers
|-heal|p2a: Suicune|63/100|[from] item: Leftovers
|upkeep
|turn|37
|
|t:|1729799359
|switch|p2a: Snorlax|Snorlax, F|66/100
|-damage|p2a: Snorlax|53/100|[from] Spikes
|move|p1a: Gyarados|Taunt|p2a: Snorlax
|-start|p2a: Snorlax|move: Taunt
|
|-weather|Sandstorm|[upkeep]
|-damage|p1a: Gyarados|76/100|[from] Sandstorm
|-damage|p2a: Snorlax|47/100|[from] Sandstorm
|-heal|p1a: Gyarados|82/100|[from] item: Leftovers
|-heal|p2a: Snorlax|53/100|[from] item: Leftovers
|upkeep
|turn|38
|
|t:|1729799370
|switch|p1a: Jirachi|Jirachi|69/100
|move|p2a: Snorlax|Body Slam|p1a: Jirachi
|-resisted|p1a: Jirachi
|-damage|p1a: Jirachi|58/100
|
|-weather|Sandstorm|[upkeep]
|-damage|p2a: Snorlax|47/100|[from] Sandstorm
|-heal|p1a: Jirachi|64/100|[from] item: Leftovers
|-heal|p2a: Snorlax|53/100|[from] item: Leftovers
|-end|p2a: Snorlax|move: Taunt|[silent]
|upkeep
|turn|39
|
|t:|1729799374
|move|p1a: Jirachi|Wish|p1a: Jirachi
|move|p2a: Snorlax|Earthquake|p1a: Jirachi
|-supereffective|p1a: Jirachi
|-damage|p1a: Jirachi|26/100
|
|-weather|Sandstorm|[upkeep]
|-damage|p2a: Snorlax|47/100|[from] Sandstorm
|-heal|p1a: Jirachi|33/100|[from] item: Leftovers
|-heal|p2a: Snorlax|53/100|[from] item: Leftovers
|upkeep
|turn|40
|
|t:|1729799377
|move|p1a: Jirachi|Protect|p1a: Jirachi
|-singleturn|p1a: Jirachi|Protect
|move|p2a: Snorlax|Earthquake|p1a: Jirachi
|-activate|p1a: Jirachi|Protect
|
|-heal|p1a: Jirachi|83/100|[from] move: Wish|[wisher] Jirachi
|-weather|Sandstorm|[upkeep]
|-damage|p2a: Snorlax|47/100|[from] Sandstorm
|-heal|p1a: Jirachi|89/100|[from] item: Leftovers
|-heal|p2a: Snorlax|53/100|[from] item: Leftovers
|upkeep
|turn|41
|
|t:|1729799380
|move|p1a: Jirachi|Wish|p1a: Jirachi
|move|p2a: Snorlax|Earthquake|p1a: Jirachi
|-supereffective|p1a: Jirachi
|-damage|p1a: Jirachi|49/100
|
|-weather|Sandstorm|[upkeep]
|-damage|p2a: Snorlax|47/100|[from] Sandstorm
|-heal|p1a: Jirachi|55/100|[from] item: Leftovers
|-heal|p2a: Snorlax|53/100|[from] item: Leftovers
|upkeep
|turn|42
|
|t:|1729799385
|move|p1a: Jirachi|Fire Punch|p2a: Snorlax
|-damage|p2a: Snorlax|44/100
|move|p2a: Snorlax|Body Slam|p1a: Jirachi
|-resisted|p1a: Jirachi
|-damage|p1a: Jirachi|44/100
|
|-heal|p1a: Jirachi|94/100|[from] move: Wish|[wisher] Jirachi
|-weather|Sandstorm|[upkeep]
|-damage|p2a: Snorlax|38/100|[from] Sandstorm
|-heal|p1a: Jirachi|99/100|[from] item: Leftovers
|-heal|p2a: Snorlax|44/100|[from] item: Leftovers
|upkeep
|turn|43
|
|t:|1729799391
|move|p1a: Jirachi|Wish|p1a: Jirachi
|move|p2a: Snorlax|Self-Destruct|p1a: Jirachi
|-resisted|p1a: Jirachi
|-damage|p1a: Jirachi|45/100
|faint|p2a: Snorlax
|
|t:|1729799392
|switch|p2a: Suicune|Suicune|63/100
|-damage|p2a: Suicune|51/100|[from] Spikes
|
|-weather|Sandstorm|[upkeep]
|-damage|p2a: Suicune|45/100|[from] Sandstorm
|-heal|p1a: Jirachi|51/100|[from] item: Leftovers
|-heal|p2a: Suicune|51/100|[from] item: Leftovers
|upkeep
|turn|44
|
|t:|1729799395
|switch|p1a: Gyarados|Gyarados, M|82/100
|-ability|p1a: Gyarados|Intimidate|boost
|-unboost|p2a: Suicune|atk|1
|move|p2a: Suicune|Calm Mind|p2a: Suicune
|-boost|p2a: Suicune|spa|1
|-boost|p2a: Suicune|spd|1
|
|-heal|p1a: Gyarados|100/100|[from] move: Wish|[wisher] Jirachi
|-weather|Sandstorm|[upkeep]
|-damage|p1a: Gyarados|94/100|[from] Sandstorm
|-damage|p2a: Suicune|45/100|[from] Sandstorm
|-heal|p1a: Gyarados|100/100|[from] item: Leftovers
|-heal|p2a: Suicune|51/100|[from] item: Leftovers
|upkeep
|turn|45
|
|t:|1729799398
|move|p1a: Gyarados|Taunt|p2a: Suicune
|-start|p2a: Suicune|move: Taunt
|move|p2a: Suicune|Ice Beam|p1a: Gyarados
|-damage|p1a: Gyarados|68/100
|
|-weather|Sandstorm|[upkeep]
|-damage|p1a: Gyarados|62/100|[from] Sandstorm
|-damage|p2a: Suicune|45/100|[from] Sandstorm
|-heal|p1a: Gyarados|68/100|[from] item: Leftovers
|-heal|p2a: Suicune|51/100|[from] item: Leftovers
|upkeep
|turn|46
|
|t:|1729799400
|move|p1a: Gyarados|Earthquake|p2a: Suicune
|-damage|p2a: Suicune|25/100
|move|p2a: Suicune|Ice Beam|p1a: Gyarados
|-damage|p1a: Gyarados|33/100
|
|-weather|Sandstorm|[upkeep]
|-damage|p1a: Gyarados|27/100|[from] Sandstorm
|-damage|p2a: Suicune|19/100|[from] Sandstorm
|-heal|p1a: Gyarados|33/100|[from] item: Leftovers
|-heal|p2a: Suicune|25/100|[from] item: Leftovers
|-end|p2a: Suicune|move: Taunt|[silent]
|upkeep
|turn|47
|
|t:|1729799405
|move|p1a: Gyarados|Earthquake|p2a: Suicune
|-damage|p2a: Suicune|0 fnt
|faint|p2a: Suicune
|
|win|cow xi
|c|☆zxgzxg|gg
|c|☆cow xi|gg

</script>
<script type="application/json" class="data" id="replaydata-smogtours-gen3ou-801620">
{"id":"smogtours-gen3ou-801620","format":"[Gen 3] OU","players":["cow xi","zxgzxg"],"uploadtime":1729799405,"views":92,"formatid":"gen3ou","rating":null,"private":0,"password":null}
</script>

<script defer src="js/replays.js?9d40a366"></script>
