<!DOCTYPE html>
<meta charset="utf-8" />
<meta name="viewport" content="width=device-width" />

<title>[Gen 3] OU: steffmula vs. Strawbbz - Replays - Pok&eacute;mon Showdown!</title>

<meta name="description" content="Watch a replay of a Pok&eacute;mon battle between steffmula and Strawbbz! Format: [Gen 3] OU; Date: Oct 2, 2024" />
<!--

Hey, you! Looking in the source for the replay log?

You can find them in JSON format, just add `.json` at the end of a replay URL.

https://replay.pokemonshowdown.com/gen7randomdoublesbattle-865046831.json

Or, if you only need the log itself, add `.log` instead:

https://replay.pokemonshowdown.com/gen7randomdoublesbattle-865046831.log

-->

<link rel="stylesheet" href="//pokemonshowdown.com/style/global.css?0.023195364461161105" />
<link rel="stylesheet" href="//play.pokemonshowdown.com/style/font-awesome.css?0.13261647063804238" />
<link rel="stylesheet" href="//play.pokemonshowdown.com/style/battle.css?0.8753245789963631" />
<link rel="stylesheet" href="//play.pokemonshowdown.com/style/utilichart.css?0.8627959624976733" />

<!-- Global site tag (gtag.js) - Google Analytics -->
<script async src="https://www.googletagmanager.com/gtag/js?id=UA-26211653-1"></script>
<script>
  window.dataLayer = window.dataLayer || [];
  function gtag(){dataLayer.push(arguments);}
  gtag('js', new Date());

  gtag('config', 'UA-26211653-1');
</script>
<!-- End Google Analytics -->
<!-- Venatus Ad Manager - Install in <HEAD> of page -->
	<script src="https://hb.vntsm.com/v3/live/ad-manager.min.js" type="text/javascript" data-site-id="642aba63ec9a7b11c3c9c1be" data-mode="scan" async></script>
<!-- / Venatus Ad Manager -->

<style>
	@media (max-width:820px) {
		.battle {
			margin: 0 auto;
		}
		.battle-log {
			margin: 7px auto 0;
			max-width: 640px;
			height: 300px;
			position: static;
		}
	}
	.optgroup {
		display: inline-block;
		line-height: 22px;
		font-size: 10pt;
	}
	.optgroup .button {
		height: 25px;
		padding-top: 0;
		padding-bottom: 0;
	}
	.optgroup button.button {
		padding-left: 12px;
		padding-right: 12px;
	}
	.linklist {
		list-style: none;
		margin: 0.5em 0;
		padding: 0;
	}
	.linklist li {
		padding: 2px 0;
	}
	.sidebar {
		float: left;
		width: 320px;
	}
	.bar-wrapper {
		max-width: 1100px;
		margin: 0 auto;
	}
	.bar-wrapper.has-sidebar {
		max-width: 1430px;
	}
	.mainbar {
		margin: 0;
		padding-right: 1px;
	}
	.mainbar.has-sidebar {
		margin-left: 330px;
	}
	@media (min-width: 1511px) {
		.sidebar {
			width: 400px;
		}
		.bar-wrapper.has-sidebar {
			max-width: 1510px;
		}
		.mainbar.has-sidebar {
			margin-left: 410px;
		}
	}
	.section.first-section {
		margin-top: 9px;
	}
	.blocklink small {
		white-space: normal;
	}
	.button {
		vertical-align: middle;
	}
	.replay-controls {
		padding-top: 10px;
	}
	.replay-controls h1 {
		font-size: 16pt;
		font-weight: normal;
		color: #CCC;
	}
	.pagelink {
		text-align: center;
	}
	.pagelink a {
		width: 150px;
	}
	.textbox, .button {
		font-size: 11pt;
		vertical-align: middle;
	}
	@media (max-width: 450px) {
		.button {
			font-size: 9pt;
		}
	}
</style>

<div>

	<header>
		<div class="nav-wrapper"><ul class="nav">
			<li><a class="button nav-first" href="//pokemonshowdown.com/"><img src="//pokemonshowdown.com/images/pokemonshowdownbeta.png" srcset="//pokemonshowdown.com/images/pokemonshowdownbeta.png 1x, //pokemonshowdown.com/images/pokemonshowdownbeta@2x.png 2x" alt="Pok&eacute;mon Showdown" width="146" height="44" /> Home</a></li>
			<li><a class="button" href="//pokemonshowdown.com/dex/">Pok&eacute;dex</a></li>
			<li><a class="button cur" href="/">Replays</a></li>
			<li><a class="button" href="//pokemonshowdown.com/ladder/">Ladder</a></li>
			<li><a class="button nav-last" href="//pokemonshowdown.com/forums/">Forum</a></li>
			<li><a class="button greenbutton nav-first nav-last" href="//play.pokemonshowdown.com/">Play</a></li>
		</ul></div>
	</header>

	<div class="main" id="main">

		<noscript><section class="section">You need to enable JavaScript to use this page; sorry!</section></noscript>

	</div>

</div>

<script defer nomodule src="//play.pokemonshowdown.com/js/lib/ps-polyfill.js"></script>
<script defer src="//play.pokemonshowdown.com/js/lib/preact.min.js"></script>

<script defer src="//play.pokemonshowdown.com/config/config.js?2bddbc15"></script>
<script defer src="//play.pokemonshowdown.com/js/lib/jquery-1.11.0.min.js"></script>
<script defer src="//play.pokemonshowdown.com/js/lib/html-sanitizer-minified.js"></script>
<script defer src="//play.pokemonshowdown.com/js/battle-sound.js"></script>
<script defer src="//play.pokemonshowdown.com/js/battledata.js?0.7209276989879541"></script>
<script defer src="//play.pokemonshowdown.com/data/pokedex-mini.js?0.6111056340867951"></script>
<script defer src="//play.pokemonshowdown.com/data/pokedex-mini-bw.js?0.3532142036491459"></script>
<script defer src="//play.pokemonshowdown.com/data/graphics.js?0.24223875632456182"></script>
<script defer src="//play.pokemonshowdown.com/data/pokedex.js?0.38839984266356864"></script>
<script defer src="//play.pokemonshowdown.com/data/moves.js?0.21866028504024015"></script>
<script defer src="//play.pokemonshowdown.com/data/abilities.js?0.2005157953846628"></script>
<script defer src="//play.pokemonshowdown.com/data/items.js?0.9894211263848525"></script>
<script defer src="//play.pokemonshowdown.com/data/teambuilder-tables.js?0.6008791140282215"></script>
<script defer src="//play.pokemonshowdown.com/js/battle-tooltips.js?0.7580118955022959"></script>
<script defer src="//play.pokemonshowdown.com/js/battle.js?0.6057722274234274"></script>

<script defer src="js/utils.js?e31f9a17"></script>
<script defer src="js/replays-battle.js?7008c182"></script>

<!-- don't scrape this data! just add .json or .log after the URL!
Full API docs: https://github.com/smogon/pokemon-showdown-client/blob/master/WEB-API.md -->
<script type="text/plain" class="log" id="replaylog-smogtours-gen3ou-794077">
|inactive|Battle timer is ON: inactive players will automatically lose when time's up.
|t:|1727904304
|gametype|singles
|player|p1|steffmula|acetrainerf-gen2|
|player|p2|Strawbbz|silver-gen2|
|teamsize|p1|6
|teamsize|p2|6
|gen|3
|tier|[Gen 3] OU
|rule|Sleep Clause Mod: Limit one foe put to sleep
|rule|Switch Priority Clause Mod: Faster Pokémon switch first
|rule|Species Clause: Limit one of each Pokémon
|rule|OHKO Clause: OHKO moves are banned
|rule|Evasion Items Clause: Evasion items are banned
|rule|Evasion Moves Clause: Evasion moves are banned
|rule|Endless Battle Clause: Forcing endless battles is banned
|rule|HP Percentage Mod: HP is shown in percentages
|rule|One Boost Passer Clause: Limit one Baton Passer that has a way to boost its stats
|rule|Freeze Clause Mod: Limit one foe frozen
|
|t:|1727904304
|start
|switch|p1a: Salamence|Salamence, M|100/100
|switch|p2a: Ohm's Law|Zapdos|100/100
|-ability|p1a: Salamence|Intimidate|boost
|-unboost|p2a: Ohm's Law|atk|1
|turn|1
|inactive|steffmula has 270 seconds left.
|
|t:|1727904343
|switch|p1a: Blissey|Blissey, F|100/100
|move|p2a: Ohm's Law|Agility|p2a: Ohm's Law
|-boost|p2a: Ohm's Law|spe|2
|
|upkeep
|turn|2
|
|t:|1727904348
|move|p2a: Ohm's Law|Baton Pass|p2a: Ohm's Law
|
|t:|1727904361
|switch|p2a: Allahu Akbar|Metagross|100/100|[from] Baton Pass
|move|p1a: Blissey|Wish|p1a: Blissey
|
|upkeep
|turn|3
|
|t:|1727904375
|switch|p1a: Starmie|Starmie|100/100
|move|p2a: Allahu Akbar|Meteor Mash|p1a: Starmie|[miss]
|-miss|p2a: Allahu Akbar|p1a: Starmie
|
|upkeep
|turn|4
|
|t:|1727904382
|move|p2a: Allahu Akbar|Explosion|p1a: Starmie
|-damage|p1a: Starmie|0 fnt
|faint|p2a: Allahu Akbar
|faint|p1a: Starmie
|
|t:|1727904394
|switch|p1a: Hariyama|Hariyama, M, shiny|100/100
|switch|p2a: Ohm's Law|Zapdos|100/100
|
|upkeep
|turn|5
|
|t:|1727904401
|move|p2a: Ohm's Law|Substitute|p2a: Ohm's Law
|-start|p2a: Ohm's Law|Substitute
|-damage|p2a: Ohm's Law|76/100
|move|p1a: Hariyama|Whirlwind|p2a: Ohm's Law
|drag|p2a: Sui****|Suicune|100/100
|
|upkeep
|turn|6
|
|t:|1727904407
|move|p2a: Sui****|Calm Mind|p2a: Sui****
|-boost|p2a: Sui****|spa|1
|-boost|p2a: Sui****|spd|1
|move|p1a: Hariyama|Knock Off|p2a: Sui****
|-damage|p2a: Sui****|99/100
|-enditem|p2a: Sui****|Leftovers|[from] move: Knock Off|[of] p1a: Hariyama
|-hint|In Gens 3-4, Knock Off only makes the target's item unusable; it cannot obtain a new item.
|
|upkeep
|turn|7
|
|t:|1727904422
|move|p2a: Sui****|Calm Mind|p2a: Sui****
|-boost|p2a: Sui****|spa|1
|-boost|p2a: Sui****|spd|1
|move|p1a: Hariyama|Whirlwind|p2a: Sui****
|drag|p2a: Ohm's Law|Zapdos|76/100
|
|-heal|p2a: Ohm's Law|82/100|[from] item: Leftovers
|upkeep
|turn|8
|
|t:|1727904428
|move|p2a: Ohm's Law|Thunderbolt|p1a: Hariyama
|-damage|p1a: Hariyama|56/100
|move|p1a: Hariyama|Knock Off|p2a: Ohm's Law
|-damage|p2a: Ohm's Law|79/100
|-enditem|p2a: Ohm's Law|Leftovers|[from] move: Knock Off|[of] p1a: Hariyama
|
|-heal|p1a: Hariyama|62/100|[from] item: Leftovers
|upkeep
|turn|9
|inactive|steffmula has 270 seconds left.
|
|t:|1727904459
|switch|p1a: Tyranitar|Tyranitar, M|100/100
|-weather|Sandstorm|[from] ability: Sand Stream|[of] p1a: Tyranitar
|move|p2a: Ohm's Law|Baton Pass|p2a: Ohm's Law
|
|t:|1727904473
|switch|p2a: Sui****|Suicune|99/100|[from] Baton Pass
|
|-weather|Sandstorm|[upkeep]
|-damage|p2a: Sui****|93/100|[from] Sandstorm
|upkeep
|turn|10
|inactive|steffmula has 270 seconds left.
|
|t:|1727904493
|switch|p1a: Blissey|Blissey, F|100/100
|move|p2a: Sui****|Calm Mind|p2a: Sui****
|-boost|p2a: Sui****|spa|1
|-boost|p2a: Sui****|spd|1
|
|-weather|Sandstorm|[upkeep]
|-damage|p2a: Sui****|87/100|[from] Sandstorm
|-damage|p1a: Blissey|94/100|[from] Sandstorm
|-heal|p1a: Blissey|100/100|[from] item: Leftovers
|upkeep
|turn|11
|
|t:|1727904499
|move|p2a: Sui****|Calm Mind|p2a: Sui****
|-boost|p2a: Sui****|spa|1
|-boost|p2a: Sui****|spd|1
|move|p1a: Blissey|Wish|p1a: Blissey
|
|-weather|Sandstorm|[upkeep]
|-damage|p2a: Sui****|80/100|[from] Sandstorm
|-damage|p1a: Blissey|94/100|[from] Sandstorm
|-heal|p1a: Blissey|100/100|[from] item: Leftovers
|upkeep
|turn|12
|
|t:|1727904502
|move|p2a: Sui****|Calm Mind|p2a: Sui****
|-boost|p2a: Sui****|spa|1
|-boost|p2a: Sui****|spd|1
|move|p1a: Blissey|Seismic Toss|p2a: Sui****
|-damage|p2a: Sui****|55/100
|
|-weather|Sandstorm|[upkeep]
|-damage|p2a: Sui****|48/100|[from] Sandstorm
|-damage|p1a: Blissey|94/100|[from] Sandstorm
|-heal|p1a: Blissey|100/100|[from] item: Leftovers
|upkeep
|turn|13
|
|t:|1727904513
|move|p2a: Sui****|Surf|p1a: Blissey
|-crit|p1a: Blissey
|-damage|p1a: Blissey|43/100
|move|p1a: Blissey|Seismic Toss|p2a: Sui****
|-damage|p2a: Sui****|22/100
|
|-weather|Sandstorm|[upkeep]
|-damage|p2a: Sui****|16/100|[from] Sandstorm
|-damage|p1a: Blissey|37/100|[from] Sandstorm
|-heal|p1a: Blissey|43/100|[from] item: Leftovers
|upkeep
|turn|14
|
|t:|1727904515
|move|p2a: Sui****|Rest|p2a: Sui****
|-status|p2a: Sui****|slp|[from] move: Rest
|-heal|p2a: Sui****|100/100 slp|[silent]
|move|p1a: Blissey|Soft-Boiled|p1a: Blissey
|-heal|p1a: Blissey|93/100
|
|-weather|Sandstorm|[upkeep]
|-damage|p2a: Sui****|94/100 slp|[from] Sandstorm
|-damage|p1a: Blissey|87/100|[from] Sandstorm
|-heal|p1a: Blissey|93/100|[from] item: Leftovers
|upkeep
|turn|15
|
|t:|1727904531
|switch|p1a: Hariyama|Hariyama, M, shiny|62/100
|cant|p2a: Sui****|slp
|
|-weather|Sandstorm|[upkeep]
|-damage|p2a: Sui****|88/100 slp|[from] Sandstorm
|-damage|p1a: Hariyama|56/100|[from] Sandstorm
|-heal|p1a: Hariyama|62/100|[from] item: Leftovers
|upkeep
|turn|16
|
|t:|1727904537
|cant|p2a: Sui****|slp
|move|p1a: Hariyama|Whirlwind|p2a: Sui****
|drag|p2a: Free Ninjask|Marowak, M|100/100
|
|-weather|Sandstorm|[upkeep]
|-damage|p1a: Hariyama|56/100|[from] Sandstorm
|-heal|p1a: Hariyama|62/100|[from] item: Leftovers
|upkeep
|turn|17
|
|t:|1727904565
|switch|p1a: Salamence|Salamence, M|100/100
|-ability|p1a: Salamence|Intimidate|boost
|-unboost|p2a: Free Ninjask|atk|1
|move|p2a: Free Ninjask|Bonemerang|p1a: Salamence
|-immune|p1a: Salamence
|
|-weather|Sandstorm|[upkeep]
|-damage|p1a: Salamence|94/100|[from] Sandstorm
|-heal|p1a: Salamence|100/100|[from] item: Leftovers
|upkeep
|turn|18
|inactive|Strawbbz has 270 seconds left.
|
|t:|1727904583
|switch|p2a: Sui****|Suicune|88/100 slp
|move|p1a: Salamence|Dragon Claw|p2a: Sui****
|-damage|p2a: Sui****|58/100 slp
|
|-weather|Sandstorm|[upkeep]
|-damage|p1a: Salamence|94/100|[from] Sandstorm
|-damage|p2a: Sui****|52/100 slp|[from] Sandstorm
|-heal|p1a: Salamence|100/100|[from] item: Leftovers
|upkeep
|turn|19
|inactive|Strawbbz has 270 seconds left.
|inactive|steffmula has 270 seconds left.
|
|t:|1727904624
|switch|p1a: Blissey|Blissey, F|93/100
|switch|p2a: Matchup Fishing|Magneton|100/100
|
|-weather|Sandstorm|[upkeep]
|-damage|p1a: Blissey|87/100|[from] Sandstorm
|-heal|p1a: Blissey|93/100|[from] item: Leftovers
|upkeep
|turn|20
|
|t:|1727904638
|move|p2a: Matchup Fishing|Toxic|p1a: Blissey
|-status|p1a: Blissey|tox
|move|p1a: Blissey|Wish|p1a: Blissey
|
|-weather|Sandstorm|[upkeep]
|-damage|p1a: Blissey|87/100 tox|[from] Sandstorm
|-heal|p1a: Blissey|93/100 tox|[from] item: Leftovers
|-damage|p1a: Blissey|87/100 tox|[from] psn
|upkeep
|turn|21
|
|t:|1727904643
|move|p2a: Matchup Fishing|Thunderbolt|p1a: Blissey
|-damage|p1a: Blissey|63/100 tox
|move|p1a: Blissey|Seismic Toss|p2a: Matchup Fishing
|-damage|p2a: Matchup Fishing|59/100
|
|-heal|p1a: Blissey|100/100 tox|[from] move: Wish|[wisher] Blissey
|-weather|Sandstorm|[upkeep]
|-damage|p1a: Blissey|94/100 tox|[from] Sandstorm
|-heal|p1a: Blissey|100/100 tox|[from] item: Leftovers
|-damage|p1a: Blissey|88/100 tox|[from] psn
|upkeep
|turn|22
|inactive|steffmula has 270 seconds left.
|inactive|Strawbbz has 270 seconds left.
|inactive|steffmula has 240 seconds left.
|
|t:|1727904679
|move|p2a: Matchup Fishing|Thunderbolt|p1a: Blissey
|-damage|p1a: Blissey|66/100 tox
|move|p1a: Blissey|Seismic Toss|p2a: Matchup Fishing
|-damage|p2a: Matchup Fishing|18/100
|
|-weather|Sandstorm|[upkeep]
|-damage|p1a: Blissey|60/100 tox|[from] Sandstorm
|-heal|p1a: Blissey|66/100 tox|[from] item: Leftovers
|-damage|p1a: Blissey|48/100 tox|[from] psn
|upkeep
|turn|23
|
|t:|1727904688
|-curestatus|p1a: Blissey|tox|[from] ability: Natural Cure
|switch|p1a: Salamence|Salamence, M|100/100
|-ability|p1a: Salamence|Intimidate|boost
|-unboost|p2a: Matchup Fishing|atk|1
|move|p2a: Matchup Fishing|Thunderbolt|p1a: Salamence
|-damage|p1a: Salamence|29/100
|
|-weather|Sandstorm|[upkeep]
|-damage|p1a: Salamence|23/100|[from] Sandstorm
|-heal|p1a: Salamence|29/100|[from] item: Leftovers
|upkeep
|turn|24
|inactive|steffmula has 240 seconds left.
|
|t:|1727904704
|move|p1a: Salamence|Dragon Claw|p2a: Matchup Fishing
|-resisted|p2a: Matchup Fishing
|-damage|p2a: Matchup Fishing|0 fnt
|faint|p2a: Matchup Fishing
|
|t:|1727904706
|switch|p2a: Ohm's Law|Zapdos|79/100
|
|-weather|Sandstorm|[upkeep]
|-damage|p1a: Salamence|23/100|[from] Sandstorm
|-damage|p2a: Ohm's Law|73/100|[from] Sandstorm
|-heal|p1a: Salamence|29/100|[from] item: Leftovers
|upkeep
|turn|25
|
|t:|1727904720
|switch|p1a: Tyranitar|Tyranitar, M|100/100
|move|p2a: Ohm's Law|Thunderbolt|p1a: Tyranitar
|-damage|p1a: Tyranitar|55/100
|
|-weather|Sandstorm|[upkeep]
|-damage|p2a: Ohm's Law|67/100|[from] Sandstorm
|-heal|p1a: Tyranitar|61/100|[from] item: Leftovers
|upkeep
|turn|26
|
|t:|1727904736
|switch|p2a: Free Ninjask|Marowak, M|100/100
|move|p1a: Tyranitar|Crunch|p2a: Free Ninjask
|-damage|p2a: Free Ninjask|41/100
|
|-weather|Sandstorm|[upkeep]
|-heal|p1a: Tyranitar|67/100|[from] item: Leftovers
|upkeep
|turn|27
|
|t:|1727904745
|move|p2a: Free Ninjask|Bonemerang|p1a: Tyranitar
|-supereffective|p1a: Tyranitar
|-damage|p1a: Tyranitar|9/100
|-supereffective|p1a: Tyranitar
|-damage|p1a: Tyranitar|0 fnt
|-hitcount|p1a: Tyranitar|2
|faint|p1a: Tyranitar
|
|t:|1727904751
|switch|p1a: Salamence|Salamence, M|29/100
|-ability|p1a: Salamence|Intimidate|boost
|-unboost|p2a: Free Ninjask|atk|1
|
|-weather|Sandstorm|[upkeep]
|-damage|p1a: Salamence|23/100|[from] Sandstorm
|-heal|p1a: Salamence|29/100|[from] item: Leftovers
|upkeep
|turn|28
|
|t:|1727904754
|move|p1a: Salamence|Dragon Claw|p2a: Free Ninjask
|-damage|p2a: Free Ninjask|0 fnt
|faint|p2a: Free Ninjask
|
|t:|1727904756
|switch|p2a: Ohm's Law|Zapdos|67/100
|
|-weather|Sandstorm|[upkeep]
|-damage|p1a: Salamence|23/100|[from] Sandstorm
|-damage|p2a: Ohm's Law|61/100|[from] Sandstorm
|-heal|p1a: Salamence|29/100|[from] item: Leftovers
|upkeep
|turn|29
|inactive|steffmula has 270 seconds left.
|inactive|steffmula has 240 seconds left.
|
|t:|1727904792
|switch|p1a: Hariyama|Hariyama, M, shiny|62/100
|move|p2a: Ohm's Law|Agility|p2a: Ohm's Law
|-boost|p2a: Ohm's Law|spe|2
|
|-weather|Sandstorm|[upkeep]
|-damage|p2a: Ohm's Law|54/100|[from] Sandstorm
|-damage|p1a: Hariyama|56/100|[from] Sandstorm
|-heal|p1a: Hariyama|62/100|[from] item: Leftovers
|upkeep
|turn|30
|
|t:|1727904795
|move|p2a: Ohm's Law|Thunderbolt|p1a: Hariyama
|-damage|p1a: Hariyama|18/100
|move|p1a: Hariyama|Whirlwind|p2a: Ohm's Law
|drag|p2a: Sui****|Suicune|52/100 slp
|
|-weather|Sandstorm|[upkeep]
|-damage|p2a: Sui****|45/100 slp|[from] Sandstorm
|-damage|p1a: Hariyama|12/100|[from] Sandstorm
|-heal|p1a: Hariyama|18/100|[from] item: Leftovers
|upkeep
|turn|31
|
|t:|1727904805
|-curestatus|p2a: Sui****|slp|[msg]
|move|p2a: Sui****|Calm Mind|p2a: Sui****
|-boost|p2a: Sui****|spa|1
|-boost|p2a: Sui****|spd|1
|move|p1a: Hariyama|Brick Break|p2a: Sui****
|-damage|p2a: Sui****|28/100
|
|-weather|Sandstorm|[upkeep]
|-damage|p2a: Sui****|21/100|[from] Sandstorm
|-damage|p1a: Hariyama|12/100|[from] Sandstorm
|-heal|p1a: Hariyama|18/100|[from] item: Leftovers
|upkeep
|turn|32
|inactive|steffmula has 240 seconds left.
|inactive|steffmula has 210 seconds left.
|inactive|Strawbbz has 270 seconds left.
|
|t:|1727904890
|switch|p1a: Blissey|Blissey, F|48/100
|move|p2a: Sui****|Rest|p2a: Sui****
|-status|p2a: Sui****|slp|[from] move: Rest
|-heal|p2a: Sui****|100/100 slp|[silent]
|
|-weather|Sandstorm|[upkeep]
|-damage|p2a: Sui****|94/100 slp|[from] Sandstorm
|-damage|p1a: Blissey|42/100|[from] Sandstorm
|-heal|p1a: Blissey|48/100|[from] item: Leftovers
|upkeep
|turn|33
|
|t:|1727904893
|switch|p2a: Punchbug|Heracross, M|100/100
|move|p1a: Blissey|Soft-Boiled|p1a: Blissey
|-heal|p1a: Blissey|98/100
|
|-weather|Sandstorm|[upkeep]
|-damage|p2a: Punchbug|95/100|[from] Sandstorm
|-damage|p1a: Blissey|91/100|[from] Sandstorm
|-heal|p2a: Punchbug|100/100|[from] item: Leftovers
|-heal|p1a: Blissey|98/100|[from] item: Leftovers
|upkeep
|turn|34
|inactive|steffmula has 210 seconds left.
|inactive|Strawbbz has 270 seconds left.
|
|t:|1727904937
|switch|p1a: Hariyama|Hariyama, M, shiny|18/100
|move|p2a: Punchbug|Megahorn|p1a: Hariyama|[miss]
|-miss|p2a: Punchbug|p1a: Hariyama
|
|-weather|Sandstorm|[upkeep]
|-damage|p2a: Punchbug|95/100|[from] Sandstorm
|-damage|p1a: Hariyama|12/100|[from] Sandstorm
|-heal|p2a: Punchbug|100/100|[from] item: Leftovers
|-heal|p1a: Hariyama|18/100|[from] item: Leftovers
|upkeep
|turn|35
|
|t:|1727904950
|move|p2a: Punchbug|Megahorn|p1a: Hariyama|[miss]
|-miss|p2a: Punchbug|p1a: Hariyama
|move|p1a: Hariyama|Knock Off|p2a: Punchbug
|-resisted|p2a: Punchbug
|-damage|p2a: Punchbug|99/100
|-enditem|p2a: Punchbug|Leftovers|[from] move: Knock Off|[of] p1a: Hariyama
|
|-weather|Sandstorm|[upkeep]
|-damage|p2a: Punchbug|94/100|[from] Sandstorm
|-damage|p1a: Hariyama|12/100|[from] Sandstorm
|-heal|p1a: Hariyama|18/100|[from] item: Leftovers
|upkeep
|turn|36
|
|t:|1727904962
|move|p2a: Punchbug|Megahorn|p1a: Hariyama
|-resisted|p1a: Hariyama
|-damage|p1a: Hariyama|0 fnt
|faint|p1a: Hariyama
|inactive|steffmula has 180 seconds left.
|
|t:|1727904979
|switch|p1a: Salamence|Salamence, M|29/100
|-ability|p1a: Salamence|Intimidate|boost
|-unboost|p2a: Punchbug|atk|1
|
|-weather|Sandstorm|[upkeep]
|-damage|p1a: Salamence|23/100|[from] Sandstorm
|-damage|p2a: Punchbug|88/100|[from] Sandstorm
|-heal|p1a: Salamence|29/100|[from] item: Leftovers
|upkeep
|turn|37
|
|t:|1727904982
|switch|p2a: Sui****|Suicune|94/100 slp
|move|p1a: Salamence|Fire Blast|p2a: Sui****
|-resisted|p2a: Sui****
|-damage|p2a: Sui****|79/100 slp
|
|-weather|Sandstorm|[upkeep]
|-damage|p1a: Salamence|23/100|[from] Sandstorm
|-damage|p2a: Sui****|73/100 slp|[from] Sandstorm
|-heal|p1a: Salamence|29/100|[from] item: Leftovers
|upkeep
|turn|38
|
|t:|1727904995
|move|p1a: Salamence|Hidden Power|p2a: Sui****
|-supereffective|p2a: Sui****
|-damage|p2a: Sui****|37/100 slp
|cant|p2a: Sui****|slp
|
|-weather|Sandstorm|[upkeep]
|-damage|p1a: Salamence|23/100|[from] Sandstorm
|-damage|p2a: Sui****|30/100 slp|[from] Sandstorm
|-heal|p1a: Salamence|29/100|[from] item: Leftovers
|upkeep
|turn|39
|
|t:|1727904999
|move|p1a: Salamence|Hidden Power|p2a: Sui****
|-supereffective|p2a: Sui****
|-damage|p2a: Sui****|0 fnt
|faint|p2a: Sui****
|
|t:|1727905000
|switch|p2a: Ohm's Law|Zapdos|54/100
|
|-weather|Sandstorm|[upkeep]
|-damage|p1a: Salamence|23/100|[from] Sandstorm
|-damage|p2a: Ohm's Law|48/100|[from] Sandstorm
|-heal|p1a: Salamence|29/100|[from] item: Leftovers
|upkeep
|turn|40
|inactive|steffmula has 210 seconds left.
|
|t:|1727905021
|switch|p1a: Metagross|Metagross|100/100
|move|p2a: Ohm's Law|Agility|p2a: Ohm's Law
|-boost|p2a: Ohm's Law|spe|2
|
|-weather|Sandstorm|[upkeep]
|-damage|p2a: Ohm's Law|42/100|[from] Sandstorm
|upkeep
|turn|41
|
|t:|1727905026
|move|p2a: Ohm's Law|Substitute|p2a: Ohm's Law
|-start|p2a: Ohm's Law|Substitute
|-damage|p2a: Ohm's Law|17/100
|move|p1a: Metagross|Explosion|p2a: Ohm's Law
|-end|p2a: Ohm's Law|Substitute
|faint|p1a: Metagross
|
|t:|1727905035
|switch|p1a: Blissey|Blissey, F|98/100
|
|-weather|Sandstorm|[upkeep]
|-damage|p2a: Ohm's Law|11/100|[from] Sandstorm
|-damage|p1a: Blissey|91/100|[from] Sandstorm
|-heal|p1a: Blissey|98/100|[from] item: Leftovers
|upkeep
|turn|42
|
|t:|1727905043
|move|p2a: Ohm's Law|Baton Pass|p2a: Ohm's Law
|
|t:|1727905044
|switch|p2a: Punchbug|Heracross, M|88/100|[from] Baton Pass
|move|p1a: Blissey|Seismic Toss|p2a: Punchbug
|-damage|p2a: Punchbug|54/100
|
|-weather|Sandstorm|[upkeep]
|-damage|p2a: Punchbug|49/100|[from] Sandstorm
|-damage|p1a: Blissey|91/100|[from] Sandstorm
|-heal|p1a: Blissey|98/100|[from] item: Leftovers
|upkeep
|turn|43
|inactive|steffmula has 210 seconds left.
|inactive|Strawbbz has 270 seconds left.
|inactive|Strawbbz has 240 seconds left.
|
|t:|1727905114
|move|p2a: Punchbug|Megahorn|p1a: Blissey|[miss]
|-miss|p2a: Punchbug|p1a: Blissey
|move|p1a: Blissey|Wish|p1a: Blissey
|
|-weather|Sandstorm|[upkeep]
|-damage|p2a: Punchbug|43/100|[from] Sandstorm
|-damage|p1a: Blissey|91/100|[from] Sandstorm
|-heal|p1a: Blissey|98/100|[from] item: Leftovers
|upkeep
|turn|44
|inactive|steffmula has 210 seconds left.
|
|t:|1727905128
|move|p2a: Punchbug|Megahorn|p1a: Blissey
|-crit|p1a: Blissey
|-damage|p1a: Blissey|0 fnt
|faint|p1a: Blissey
|
|t:|1727905132
|switch|p1a: Salamence|Salamence, M|29/100
|-ability|p1a: Salamence|Intimidate|boost
|-unboost|p2a: Punchbug|atk|1
|
|-heal|p1a: Salamence|79/100|[from] move: Wish|[wisher] Blissey
|-weather|Sandstorm|[upkeep]
|-damage|p2a: Punchbug|37/100|[from] Sandstorm
|-damage|p1a: Salamence|73/100|[from] Sandstorm
|-heal|p1a: Salamence|79/100|[from] item: Leftovers
|upkeep
|turn|45
|
|t:|1727905139
|move|p2a: Punchbug|Rock Slide|p1a: Salamence
|-supereffective|p1a: Salamence
|-damage|p1a: Salamence|35/100
|move|p1a: Salamence|Dragon Claw|p2a: Punchbug
|-damage|p2a: Punchbug|0 fnt
|faint|p2a: Punchbug
|
|t:|1727905141
|switch|p2a: Ohm's Law|Zapdos|11/100
|
|-weather|Sandstorm|[upkeep]
|-damage|p1a: Salamence|29/100|[from] Sandstorm
|-damage|p2a: Ohm's Law|5/100|[from] Sandstorm
|-heal|p1a: Salamence|35/100|[from] item: Leftovers
|upkeep
|turn|46
|
|t:|1727905146
|move|p1a: Salamence|Dragon Claw|p2a: Ohm's Law
|-crit|p2a: Ohm's Law
|-damage|p2a: Ohm's Law|0 fnt
|faint|p2a: Ohm's Law
|
|win|steffmula
|c|☆steffmula|gg
|c|☆Strawbbz|gg

</script>
<script type="application/json" class="data" id="replaydata-smogtours-gen3ou-794077">
{"id":"smogtours-gen3ou-794077","format":"[Gen 3] OU","players":["steffmula","Strawbbz"],"uploadtime":1727905146,"views":116,"formatid":"gen3ou","rating":null,"private":0,"password":null}
</script>

<script defer src="js/replays.js?9d40a366"></script>
