<!DOCTYPE html>
<meta charset="utf-8" />
<meta name="viewport" content="width=device-width" />

<title>[Gen 3] OU: zacpz vs. OOF_MAXIMA - Replays - Pok&eacute;mon Showdown!</title>

<meta name="description" content="Watch a replay of a Pok&eacute;mon battle between zacpz and OOF_MAXIMA! Format: [Gen 3] OU; Date: Nov 7, 2024" />
<!--

Hey, you! Looking in the source for the replay log?

You can find them in JSON format, just add `.json` at the end of a replay URL.

https://replay.pokemonshowdown.com/gen7randomdoublesbattle-865046831.json

Or, if you only need the log itself, add `.log` instead:

https://replay.pokemonshowdown.com/gen7randomdoublesbattle-865046831.log

-->

<link rel="stylesheet" href="//pokemonshowdown.com/style/global.css?0.023195364461161105" />
<link rel="stylesheet" href="//play.pokemonshowdown.com/style/font-awesome.css?0.13261647063804238" />
<link rel="stylesheet" href="//play.pokemonshowdown.com/style/battle.css?0.8753245789963631" />
<link rel="stylesheet" href="//play.pokemonshowdown.com/style/utilichart.css?0.8627959624976733" />

<!-- Global site tag (gtag.js) - Google Analytics -->
<script async src="https://www.googletagmanager.com/gtag/js?id=UA-26211653-1"></script>
<script>
  window.dataLayer = window.dataLayer || [];
  function gtag(){dataLayer.push(arguments);}
  gtag('js', new Date());

  gtag('config', 'UA-26211653-1');
</script>
<!-- End Google Analytics -->
<!-- Venatus Ad Manager - Install in <HEAD> of page -->
	<script src="https://hb.vntsm.com/v3/live/ad-manager.min.js" type="text/javascript" data-site-id="642aba63ec9a7b11c3c9c1be" data-mode="scan" async></script>
<!-- / Venatus Ad Manager -->

<style>
	@media (max-width:820px) {
		.battle {
			margin: 0 auto;
		}
		.battle-log {
			margin: 7px auto 0;
			max-width: 640px;
			height: 300px;
			position: static;
		}
	}
	.optgroup {
		display: inline-block;
		line-height: 22px;
		font-size: 10pt;
	}
	.optgroup .button {
		height: 25px;
		padding-top: 0;
		padding-bottom: 0;
	}
	.optgroup button.button {
		padding-left: 12px;
		padding-right: 12px;
	}
	.linklist {
		list-style: none;
		margin: 0.5em 0;
		padding: 0;
	}
	.linklist li {
		padding: 2px 0;
	}
	.sidebar {
		float: left;
		width: 320px;
	}
	.bar-wrapper {
		max-width: 1100px;
		margin: 0 auto;
	}
	.bar-wrapper.has-sidebar {
		max-width: 1430px;
	}
	.mainbar {
		margin: 0;
		padding-right: 1px;
	}
	.mainbar.has-sidebar {
		margin-left: 330px;
	}
	@media (min-width: 1511px) {
		.sidebar {
			width: 400px;
		}
		.bar-wrapper.has-sidebar {
			max-width: 1510px;
		}
		.mainbar.has-sidebar {
			margin-left: 410px;
		}
	}
	.section.first-section {
		margin-top: 9px;
	}
	.blocklink small {
		white-space: normal;
	}
	.button {
		vertical-align: middle;
	}
	.replay-controls {
		padding-top: 10px;
	}
	.replay-controls h1 {
		font-size: 16pt;
		font-weight: normal;
		color: #CCC;
	}
	.pagelink {
		text-align: center;
	}
	.pagelink a {
		width: 150px;
	}
	.textbox, .button {
		font-size: 11pt;
		vertical-align: middle;
	}
	@media (max-width: 450px) {
		.button {
			font-size: 9pt;
		}
	}
</style>

<div>

	<header>
		<div class="nav-wrapper"><ul class="nav">
			<li><a class="button nav-first" href="//pokemonshowdown.com/"><img src="//pokemonshowdown.com/images/pokemonshowdownbeta.png" srcset="//pokemonshowdown.com/images/pokemonshowdownbeta.png 1x, //pokemonshowdown.com/images/pokemonshowdownbeta@2x.png 2x" alt="Pok&eacute;mon Showdown" width="146" height="44" /> Home</a></li>
			<li><a class="button" href="//pokemonshowdown.com/dex/">Pok&eacute;dex</a></li>
			<li><a class="button cur" href="/">Replays</a></li>
			<li><a class="button" href="//pokemonshowdown.com/ladder/">Ladder</a></li>
			<li><a class="button nav-last" href="//pokemonshowdown.com/forums/">Forum</a></li>
			<li><a class="button greenbutton nav-first nav-last" href="//play.pokemonshowdown.com/">Play</a></li>
		</ul></div>
	</header>

	<div class="main" id="main">

		<noscript><section class="section">You need to enable JavaScript to use this page; sorry!</section></noscript>

	</div>

</div>

<script defer nomodule src="//play.pokemonshowdown.com/js/lib/ps-polyfill.js"></script>
<script defer src="//play.pokemonshowdown.com/js/lib/preact.min.js"></script>

<script defer src="//play.pokemonshowdown.com/config/config.js?2bddbc15"></script>
<script defer src="//play.pokemonshowdown.com/js/lib/jquery-1.11.0.min.js"></script>
<script defer src="//play.pokemonshowdown.com/js/lib/html-sanitizer-minified.js"></script>
<script defer src="//play.pokemonshowdown.com/js/battle-sound.js"></script>
<script defer src="//play.pokemonshowdown.com/js/battledata.js?0.7209276989879541"></script>
<script defer src="//play.pokemonshowdown.com/data/pokedex-mini.js?0.6111056340867951"></script>
<script defer src="//play.pokemonshowdown.com/data/pokedex-mini-bw.js?0.3532142036491459"></script>
<script defer src="//play.pokemonshowdown.com/data/graphics.js?0.24223875632456182"></script>
<script defer src="//play.pokemonshowdown.com/data/pokedex.js?0.38839984266356864"></script>
<script defer src="//play.pokemonshowdown.com/data/moves.js?0.21866028504024015"></script>
<script defer src="//play.pokemonshowdown.com/data/abilities.js?0.2005157953846628"></script>
<script defer src="//play.pokemonshowdown.com/data/items.js?0.9894211263848525"></script>
<script defer src="//play.pokemonshowdown.com/data/teambuilder-tables.js?0.6008791140282215"></script>
<script defer src="//play.pokemonshowdown.com/js/battle-tooltips.js?0.7580118955022959"></script>
<script defer src="//play.pokemonshowdown.com/js/battle.js?0.6057722274234274"></script>

<script defer src="js/utils.js?e31f9a17"></script>
<script defer src="js/replays-battle.js?7008c182"></script>

<!-- don't scrape this data! just add .json or .log after the URL!
Full API docs: https://github.com/smogon/pokemon-showdown-client/blob/master/WEB-API.md -->
<script type="text/plain" class="log" id="replaylog-smogtours-gen3ou-805162">
|inactive|Battle timer is ON: inactive players will automatically lose when time's up.
|t:|1731016505
|gametype|singles
|player|p1|zacpz|#roaplxyorknewyanma|
|player|p2|OOF_MAXIMA|cress|
|teamsize|p1|6
|teamsize|p2|6
|gen|3
|tier|[Gen 3] OU
|rule|Sleep Clause Mod: Limit one foe put to sleep
|rule|Switch Priority Clause Mod: Faster Pokémon switch first
|rule|Species Clause: Limit one of each Pokémon
|rule|OHKO Clause: OHKO moves are banned
|rule|Evasion Items Clause: Evasion items are banned
|rule|Evasion Moves Clause: Evasion moves are banned
|rule|Endless Battle Clause: Forcing endless battles is banned
|rule|HP Percentage Mod: HP is shown in percentages
|rule|One Boost Passer Clause: Limit one Baton Passer that has a way to boost its stats
|rule|Freeze Clause Mod: Limit one foe frozen
|
|t:|1731016505
|start
|switch|p1a: Blissey|Blissey, F|100/100
|switch|p2a: angry goober|Zapdos|100/100
|turn|1
|c|☆OOF_MAXIMA|gl hf chief
|c|☆zacpz|you too man
|inactive|OOF_MAXIMA has 270 seconds left.
|
|t:|1731016537
|switch|p2a: sandy goober|Tyranitar, M|100/100
|-weather|Sandstorm|[from] ability: Sand Stream|[of] p2a: sandy goober
|move|p1a: Blissey|Seismic Toss|p2a: sandy goober
|-damage|p2a: sandy goober|71/100
|
|-weather|Sandstorm|[upkeep]
|-damage|p1a: Blissey|94/100|[from] Sandstorm
|-heal|p2a: sandy goober|77/100|[from] item: Leftovers
|-heal|p1a: Blissey|100/100|[from] item: Leftovers
|upkeep
|turn|2
|
|t:|1731016549
|-singleturn|p2a: sandy goober|move: Focus Punch
|switch|p1a: Weezing|Weezing, M|100/100
|move|p2a: sandy goober|Focus Punch|p1a: Weezing
|-resisted|p1a: Weezing
|-damage|p1a: Weezing|86/100
|
|-weather|Sandstorm|[upkeep]
|-damage|p1a: Weezing|80/100|[from] Sandstorm
|-heal|p2a: sandy goober|83/100|[from] item: Leftovers
|-heal|p1a: Weezing|86/100|[from] item: Leftovers
|upkeep
|turn|3
|inactive|OOF_MAXIMA has 270 seconds left.
|c|+voyager|lgi zacpeniszenis
|
|t:|1731016608
|move|p2a: sandy goober|Thunder|p1a: Weezing
|-damage|p1a: Weezing|35/100
|move|p1a: Weezing|Will-O-Wisp|p2a: sandy goober
|-status|p2a: sandy goober|brn
|
|-weather|Sandstorm|[upkeep]
|-damage|p1a: Weezing|29/100|[from] Sandstorm
|-heal|p2a: sandy goober|90/100 brn|[from] item: Leftovers
|-damage|p2a: sandy goober|77/100 brn|[from] brn
|-heal|p1a: Weezing|35/100|[from] item: Leftovers
|upkeep
|turn|4
|inactive|OOF_MAXIMA has 240 seconds left.
|
|t:|1731016628
|switch|p2a: diggy goober|Dugtrio, M|100/100
|switch|p1a: Blissey|Blissey, F|100/100
|
|-weather|Sandstorm|[upkeep]
|-damage|p1a: Blissey|94/100|[from] Sandstorm
|-heal|p1a: Blissey|100/100|[from] item: Leftovers
|upkeep
|turn|5
|
|t:|1731016633
|move|p2a: diggy goober|Beat Up|p1a: Blissey
|-damage|p1a: Blissey|91/100
|-damage|p1a: Blissey|81/100
|-damage|p1a: Blissey|72/100
|-damage|p1a: Blissey|63/100
|-damage|p1a: Blissey|52/100
|-hitcount|p1a: Blissey|5
|move|p1a: Blissey|Soft-Boiled|p1a: Blissey
|-heal|p1a: Blissey|100/100
|
|-weather|Sandstorm|[upkeep]
|-damage|p1a: Blissey|94/100|[from] Sandstorm
|-heal|p1a: Blissey|100/100|[from] item: Leftovers
|upkeep
|turn|6
|
|t:|1731016637
|move|p2a: diggy goober|Beat Up|p1a: Blissey
|-damage|p1a: Blissey|91/100
|-damage|p1a: Blissey|80/100
|-damage|p1a: Blissey|70/100
|-damage|p1a: Blissey|60/100
|-damage|p1a: Blissey|51/100
|-hitcount|p1a: Blissey|5
|move|p1a: Blissey|Soft-Boiled|p1a: Blissey
|-heal|p1a: Blissey|100/100
|
|-weather|Sandstorm|[upkeep]
|-damage|p1a: Blissey|94/100|[from] Sandstorm
|-heal|p1a: Blissey|100/100|[from] item: Leftovers
|upkeep
|turn|7
|
|t:|1731016643
|move|p2a: diggy goober|Beat Up|p1a: Blissey
|-damage|p1a: Blissey|91/100
|-damage|p1a: Blissey|79/100
|-damage|p1a: Blissey|69/100
|-damage|p1a: Blissey|60/100
|-damage|p1a: Blissey|49/100
|-hitcount|p1a: Blissey|5
|move|p1a: Blissey|Wish|p1a: Blissey
|
|-weather|Sandstorm|[upkeep]
|-damage|p1a: Blissey|43/100|[from] Sandstorm
|-heal|p1a: Blissey|49/100|[from] item: Leftovers
|upkeep
|turn|8
|
|t:|1731016648
|move|p2a: diggy goober|Beat Up|p1a: Blissey
|-damage|p1a: Blissey|39/100
|-damage|p1a: Blissey|28/100
|-damage|p1a: Blissey|18/100
|-damage|p1a: Blissey|8/100
|-damage|p1a: Blissey|0 fnt
|-hitcount|p1a: Blissey|5
|faint|p1a: Blissey
|
|t:|1731016651
|switch|p1a: Weezing|Weezing, M|35/100
|
|-heal|p1a: Weezing|85/100|[from] move: Wish|[wisher] Blissey
|-weather|Sandstorm|[upkeep]
|-damage|p1a: Weezing|79/100|[from] Sandstorm
|-heal|p1a: Weezing|85/100|[from] item: Leftovers
|upkeep
|turn|9
|c|☆zacpz|I have no idea how blissey works
|
|t:|1731016665
|switch|p2a: sandy goober|Tyranitar, M|77/100 brn
|move|p1a: Weezing|Will-O-Wisp|p2a: sandy goober
|-fail|p2a: sandy goober|brn
|
|-weather|Sandstorm|[upkeep]
|-damage|p1a: Weezing|79/100|[from] Sandstorm
|-heal|p2a: sandy goober|83/100 brn|[from] item: Leftovers
|-damage|p2a: sandy goober|71/100 brn|[from] brn
|-heal|p1a: Weezing|85/100|[from] item: Leftovers
|upkeep
|turn|10
|c|☆OOF_MAXIMA|me neither tbh
|
|t:|1731016679
|switch|p1a: Flygon|Flygon, M|100/100
|move|p2a: sandy goober|Ice Beam|p1a: Flygon
|-supereffective|p1a: Flygon
|-damage|p1a: Flygon|0 fnt
|faint|p1a: Flygon
|c|☆zacpz|wtf is that ttar
|
|t:|1731016700
|switch|p1a: Skarmory|Skarmory, M|100/100
|
|-weather|Sandstorm|[upkeep]
|-heal|p2a: sandy goober|77/100 brn|[from] item: Leftovers
|-damage|p2a: sandy goober|65/100 brn|[from] brn
|upkeep
|turn|11
|
|t:|1731016702
|move|p1a: Skarmory|Protect|p1a: Skarmory
|-singleturn|p1a: Skarmory|Protect
|move|p2a: sandy goober|Thunder|p1a: Skarmory|[miss]
|-miss|p2a: sandy goober|p1a: Skarmory
|
|-weather|Sandstorm|[upkeep]
|-heal|p2a: sandy goober|71/100 brn|[from] item: Leftovers
|-damage|p2a: sandy goober|59/100 brn|[from] brn
|upkeep
|turn|12
|
|t:|1731016705
|move|p2a: sandy goober|Thunder|p1a: Skarmory
|-supereffective|p1a: Skarmory
|-damage|p1a: Skarmory|33/100
|move|p1a: Skarmory|Spikes|p2a: sandy goober
|-sidestart|p2: OOF_MAXIMA|Spikes
|
|-weather|Sandstorm|[upkeep]
|-heal|p2a: sandy goober|65/100 brn|[from] item: Leftovers
|-damage|p2a: sandy goober|53/100 brn|[from] brn
|-heal|p1a: Skarmory|39/100|[from] item: Leftovers
|upkeep
|turn|13
|
|t:|1731016714
|move|p1a: Skarmory|Protect|p1a: Skarmory
|-singleturn|p1a: Skarmory|Protect
|move|p2a: sandy goober|Thunder|p1a: Skarmory|[miss]
|-miss|p2a: sandy goober|p1a: Skarmory
|
|-weather|Sandstorm|[upkeep]
|-heal|p2a: sandy goober|59/100 brn|[from] item: Leftovers
|-damage|p2a: sandy goober|47/100 brn|[from] brn
|-heal|p1a: Skarmory|45/100|[from] item: Leftovers
|upkeep
|turn|14
|
|t:|1731016717
|switch|p1a: Zapdos|Zapdos|100/100
|move|p2a: sandy goober|Thunder|p1a: Zapdos
|-damage|p1a: Zapdos|74/100
|-status|p1a: Zapdos|par
|
|-weather|Sandstorm|[upkeep]
|-damage|p1a: Zapdos|68/100 par|[from] Sandstorm
|-heal|p2a: sandy goober|53/100 brn|[from] item: Leftovers
|-damage|p2a: sandy goober|40/100 brn|[from] brn
|-heal|p1a: Zapdos|74/100 par|[from] item: Leftovers
|upkeep
|turn|15
|
|t:|1731016720
|move|p2a: sandy goober|Ice Beam|p1a: Zapdos
|-supereffective|p1a: Zapdos
|-damage|p1a: Zapdos|31/100 par
|move|p1a: Zapdos|Rest|p1a: Zapdos
|-status|p1a: Zapdos|slp|[from] move: Rest
|-heal|p1a: Zapdos|100/100 slp|[silent]
|
|-weather|Sandstorm|[upkeep]
|-damage|p1a: Zapdos|94/100 slp|[from] Sandstorm
|-heal|p1a: Zapdos|100/100 slp|[from] item: Leftovers
|-heal|p2a: sandy goober|47/100 brn|[from] item: Leftovers
|-damage|p2a: sandy goober|34/100 brn|[from] brn
|upkeep
|turn|16
|
|t:|1731016725
|cant|p1a: Zapdos|slp
|move|p1a: Zapdos|Sleep Talk|p1a: Zapdos
|move|p1a: Zapdos|Thunderbolt|p2a: sandy goober|[from]Sleep Talk
|-damage|p2a: sandy goober|0 fnt
|faint|p2a: sandy goober
|
|t:|1731016733
|switch|p2a: angry goober|Zapdos|100/100
|
|-weather|Sandstorm|[upkeep]
|-damage|p2a: angry goober|94/100|[from] Sandstorm
|-damage|p1a: Zapdos|94/100 slp|[from] Sandstorm
|-heal|p2a: angry goober|100/100|[from] item: Leftovers
|-heal|p1a: Zapdos|100/100 slp|[from] item: Leftovers
|upkeep
|turn|17
|
|t:|1731016736
|move|p2a: angry goober|Thunderbolt|p1a: Zapdos
|-damage|p1a: Zapdos|67/100 slp
|cant|p1a: Zapdos|slp
|
|-weather|Sandstorm|[upkeep]
|-damage|p2a: angry goober|94/100|[from] Sandstorm
|-damage|p1a: Zapdos|61/100 slp|[from] Sandstorm
|-heal|p2a: angry goober|100/100|[from] item: Leftovers
|-heal|p1a: Zapdos|67/100 slp|[from] item: Leftovers
|upkeep
|turn|18
|
|t:|1731016739
|move|p2a: angry goober|Thunderbolt|p1a: Zapdos
|-damage|p1a: Zapdos|29/100 slp
|-curestatus|p1a: Zapdos|slp|[msg]
|move|p1a: Zapdos|Rest|p1a: Zapdos
|-status|p1a: Zapdos|slp|[from] move: Rest
|-heal|p1a: Zapdos|100/100 slp|[silent]
|
|-weather|Sandstorm|[upkeep]
|-damage|p2a: angry goober|94/100|[from] Sandstorm
|-damage|p1a: Zapdos|94/100 slp|[from] Sandstorm
|-heal|p2a: angry goober|100/100|[from] item: Leftovers
|-heal|p1a: Zapdos|100/100 slp|[from] item: Leftovers
|upkeep
|turn|19
|
|t:|1731016743
|move|p2a: angry goober|Thunderbolt|p1a: Zapdos
|-crit|p1a: Zapdos
|-damage|p1a: Zapdos|25/100 slp
|cant|p1a: Zapdos|slp
|
|-weather|Sandstorm|[upkeep]
|-damage|p2a: angry goober|94/100|[from] Sandstorm
|-damage|p1a: Zapdos|19/100 slp|[from] Sandstorm
|-heal|p2a: angry goober|100/100|[from] item: Leftovers
|-heal|p1a: Zapdos|25/100 slp|[from] item: Leftovers
|upkeep
|turn|20
|
|t:|1731016748
|switch|p1a: Skarmory|Skarmory, M|45/100
|move|p2a: angry goober|Thunderbolt|p1a: Skarmory
|-supereffective|p1a: Skarmory
|-damage|p1a: Skarmory|0 fnt
|faint|p1a: Skarmory
|c|☆OOF_MAXIMA|yeesh mb
|
|t:|1731016751
|switch|p1a: Weezing|Weezing, M|85/100
|
|-weather|Sandstorm|[upkeep]
|-damage|p2a: angry goober|94/100|[from] Sandstorm
|-damage|p1a: Weezing|79/100|[from] Sandstorm
|-heal|p2a: angry goober|100/100|[from] item: Leftovers
|-heal|p1a: Weezing|85/100|[from] item: Leftovers
|upkeep
|turn|21
|
|t:|1731016755
|move|p2a: angry goober|Baton Pass|p2a: angry goober
|
|t:|1731016762
|switch|p2a: duck goober|Golduck, M|100/100|[from] Baton Pass
|-damage|p2a: duck goober|88/100|[from] Spikes
|move|p1a: Weezing|Pain Split|p2a: duck goober
|-sethp|p2a: duck goober|91/100|[from] move: Pain Split|[silent]
|-sethp|p1a: Weezing|82/100|[from] move: Pain Split
|
|-weather|Sandstorm|[upkeep]
|-heal|p1a: Weezing|88/100|[from] item: Leftovers
|upkeep
|turn|22
|
|t:|1731016766
|move|p2a: duck goober|Calm Mind|p2a: duck goober
|-boost|p2a: duck goober|spa|1
|-boost|p2a: duck goober|spd|1
|move|p1a: Weezing|Taunt|p2a: duck goober
|-start|p2a: duck goober|move: Taunt
|
|-weather|Sandstorm|[upkeep]
|-heal|p1a: Weezing|94/100|[from] item: Leftovers
|upkeep
|turn|23
|
|t:|1731016768
|move|p2a: duck goober|Hydro Pump|p1a: Weezing
|-damage|p1a: Weezing|0 fnt
|faint|p1a: Weezing
|
|t:|1731016771
|switch|p1a: Moltres|Moltres|100/100
|
|-weather|Sandstorm|[upkeep]
|-end|p2a: duck goober|move: Taunt|[silent]
|upkeep
|turn|24
|
|t:|1731016773
|move|p1a: Moltres|Hidden Power|p2a: duck goober
|-supereffective|p2a: duck goober
|-damage|p2a: duck goober|48/100
|move|p2a: duck goober|Hydro Pump|p1a: Moltres
|-supereffective|p1a: Moltres
|-damage|p1a: Moltres|0 fnt
|faint|p1a: Moltres
|
|t:|1731016776
|switch|p1a: Zapdos|Zapdos|25/100 slp
|
|-weather|Sandstorm|[upkeep]
|-heal|p1a: Zapdos|32/100 slp|[from] item: Leftovers
|upkeep
|turn|25
|
|t:|1731016778
|move|p2a: duck goober|Ice Beam|p1a: Zapdos
|-supereffective|p1a: Zapdos
|-damage|p1a: Zapdos|0 fnt
|faint|p1a: Zapdos
|
|win|OOF_MAXIMA
|c|☆zacpz|gg
|c|☆OOF_MAXIMA|gg

</script>
<script type="application/json" class="data" id="replaydata-smogtours-gen3ou-805162">
{"id":"smogtours-gen3ou-805162","format":"[Gen 3] OU","players":["zacpz","OOF_MAXIMA"],"uploadtime":1731016778,"views":52,"formatid":"gen3ou","rating":null,"private":0,"password":null}
</script>

<script defer src="js/replays.js?9d40a366"></script>
