<!DOCTYPE html>
<meta charset="utf-8" />
<meta name="viewport" content="width=device-width" />

<title>[Gen 3] OU: kydreith33 vs. TheDHope - Replays - Pok&eacute;mon Showdown!</title>

<meta name="description" content="Watch a replay of a Pok&eacute;mon battle between kydreith33 and TheDHope! Format: [Gen 3] OU; Date: Oct 9, 2024" />
<!--

Hey, you! Looking in the source for the replay log?

You can find them in JSON format, just add `.json` at the end of a replay URL.

https://replay.pokemonshowdown.com/gen7randomdoublesbattle-865046831.json

Or, if you only need the log itself, add `.log` instead:

https://replay.pokemonshowdown.com/gen7randomdoublesbattle-865046831.log

-->

<link rel="stylesheet" href="//pokemonshowdown.com/style/global.css?0.023195364461161105" />
<link rel="stylesheet" href="//play.pokemonshowdown.com/style/font-awesome.css?0.13261647063804238" />
<link rel="stylesheet" href="//play.pokemonshowdown.com/style/battle.css?0.8753245789963631" />
<link rel="stylesheet" href="//play.pokemonshowdown.com/style/utilichart.css?0.8627959624976733" />

<!-- Global site tag (gtag.js) - Google Analytics -->
<script async src="https://www.googletagmanager.com/gtag/js?id=UA-26211653-1"></script>
<script>
  window.dataLayer = window.dataLayer || [];
  function gtag(){dataLayer.push(arguments);}
  gtag('js', new Date());

  gtag('config', 'UA-26211653-1');
</script>
<!-- End Google Analytics -->
<!-- Venatus Ad Manager - Install in <HEAD> of page -->
	<script src="https://hb.vntsm.com/v3/live/ad-manager.min.js" type="text/javascript" data-site-id="642aba63ec9a7b11c3c9c1be" data-mode="scan" async></script>
<!-- / Venatus Ad Manager -->

<style>
	@media (max-width:820px) {
		.battle {
			margin: 0 auto;
		}
		.battle-log {
			margin: 7px auto 0;
			max-width: 640px;
			height: 300px;
			position: static;
		}
	}
	.optgroup {
		display: inline-block;
		line-height: 22px;
		font-size: 10pt;
	}
	.optgroup .button {
		height: 25px;
		padding-top: 0;
		padding-bottom: 0;
	}
	.optgroup button.button {
		padding-left: 12px;
		padding-right: 12px;
	}
	.linklist {
		list-style: none;
		margin: 0.5em 0;
		padding: 0;
	}
	.linklist li {
		padding: 2px 0;
	}
	.sidebar {
		float: left;
		width: 320px;
	}
	.bar-wrapper {
		max-width: 1100px;
		margin: 0 auto;
	}
	.bar-wrapper.has-sidebar {
		max-width: 1430px;
	}
	.mainbar {
		margin: 0;
		padding-right: 1px;
	}
	.mainbar.has-sidebar {
		margin-left: 330px;
	}
	@media (min-width: 1511px) {
		.sidebar {
			width: 400px;
		}
		.bar-wrapper.has-sidebar {
			max-width: 1510px;
		}
		.mainbar.has-sidebar {
			margin-left: 410px;
		}
	}
	.section.first-section {
		margin-top: 9px;
	}
	.blocklink small {
		white-space: normal;
	}
	.button {
		vertical-align: middle;
	}
	.replay-controls {
		padding-top: 10px;
	}
	.replay-controls h1 {
		font-size: 16pt;
		font-weight: normal;
		color: #CCC;
	}
	.pagelink {
		text-align: center;
	}
	.pagelink a {
		width: 150px;
	}
	.textbox, .button {
		font-size: 11pt;
		vertical-align: middle;
	}
	@media (max-width: 450px) {
		.button {
			font-size: 9pt;
		}
	}
</style>

<div>

	<header>
		<div class="nav-wrapper"><ul class="nav">
			<li><a class="button nav-first" href="//pokemonshowdown.com/"><img src="//pokemonshowdown.com/images/pokemonshowdownbeta.png" srcset="//pokemonshowdown.com/images/pokemonshowdownbeta.png 1x, //pokemonshowdown.com/images/pokemonshowdownbeta@2x.png 2x" alt="Pok&eacute;mon Showdown" width="146" height="44" /> Home</a></li>
			<li><a class="button" href="//pokemonshowdown.com/dex/">Pok&eacute;dex</a></li>
			<li><a class="button cur" href="/">Replays</a></li>
			<li><a class="button" href="//pokemonshowdown.com/ladder/">Ladder</a></li>
			<li><a class="button nav-last" href="//pokemonshowdown.com/forums/">Forum</a></li>
			<li><a class="button greenbutton nav-first nav-last" href="//play.pokemonshowdown.com/">Play</a></li>
		</ul></div>
	</header>

	<div class="main" id="main">

		<noscript><section class="section">You need to enable JavaScript to use this page; sorry!</section></noscript>

	</div>

</div>

<script defer nomodule src="//play.pokemonshowdown.com/js/lib/ps-polyfill.js"></script>
<script defer src="//play.pokemonshowdown.com/js/lib/preact.min.js"></script>

<script defer src="//play.pokemonshowdown.com/config/config.js?2bddbc15"></script>
<script defer src="//play.pokemonshowdown.com/js/lib/jquery-1.11.0.min.js"></script>
<script defer src="//play.pokemonshowdown.com/js/lib/html-sanitizer-minified.js"></script>
<script defer src="//play.pokemonshowdown.com/js/battle-sound.js"></script>
<script defer src="//play.pokemonshowdown.com/js/battledata.js?0.7209276989879541"></script>
<script defer src="//play.pokemonshowdown.com/data/pokedex-mini.js?0.6111056340867951"></script>
<script defer src="//play.pokemonshowdown.com/data/pokedex-mini-bw.js?0.3532142036491459"></script>
<script defer src="//play.pokemonshowdown.com/data/graphics.js?0.24223875632456182"></script>
<script defer src="//play.pokemonshowdown.com/data/pokedex.js?0.38839984266356864"></script>
<script defer src="//play.pokemonshowdown.com/data/moves.js?0.21866028504024015"></script>
<script defer src="//play.pokemonshowdown.com/data/abilities.js?0.2005157953846628"></script>
<script defer src="//play.pokemonshowdown.com/data/items.js?0.9894211263848525"></script>
<script defer src="//play.pokemonshowdown.com/data/teambuilder-tables.js?0.6008791140282215"></script>
<script defer src="//play.pokemonshowdown.com/js/battle-tooltips.js?0.7580118955022959"></script>
<script defer src="//play.pokemonshowdown.com/js/battle.js?0.6057722274234274"></script>

<script defer src="js/utils.js?e31f9a17"></script>
<script defer src="js/replays-battle.js?7008c182"></script>

<!-- don't scrape this data! just add .json or .log after the URL!
Full API docs: https://github.com/smogon/pokemon-showdown-client/blob/master/WEB-API.md -->
<script type="text/plain" class="log" id="replaylog-smogtours-gen3ou-796790">
|inactive|Battle timer is ON: inactive players will automatically lose when time's up.
|t:|1728512543
|gametype|singles
|player|p1|kydreith33|clair|
|player|p2|TheDHope|drayden|
|teamsize|p1|6
|teamsize|p2|6
|gen|3
|tier|[Gen 3] OU
|rule|Sleep Clause Mod: Limit one foe put to sleep
|rule|Switch Priority Clause Mod: Faster Pokémon switch first
|rule|Species Clause: Limit one of each Pokémon
|rule|OHKO Clause: OHKO moves are banned
|rule|Evasion Items Clause: Evasion items are banned
|rule|Evasion Moves Clause: Evasion moves are banned
|rule|Endless Battle Clause: Forcing endless battles is banned
|rule|HP Percentage Mod: HP is shown in percentages
|rule|One Boost Passer Clause: Limit one Baton Passer that has a way to boost its stats
|rule|Freeze Clause Mod: Limit one foe frozen
|
|t:|1728512543
|start
|switch|p1a: Zapdos|Zapdos|100/100
|switch|p2a: Tyranitar|Tyranitar, F|100/100
|-weather|Sandstorm|[from] ability: Sand Stream|[of] p2a: Tyranitar
|turn|1
|c|☆TheDHope|Hf
|c|☆kydreith33|u2
|
|t:|1728512562
|move|p1a: Zapdos|Baton Pass|p1a: Zapdos
|
|t:|1728512567
|switch|p1a: Dugtrio|Dugtrio, M|100/100|[from] Baton Pass
|move|p2a: Tyranitar|Substitute|p2a: Tyranitar
|-start|p2a: Tyranitar|Substitute
|-damage|p2a: Tyranitar|75/100
|
|-weather|Sandstorm|[upkeep]
|-heal|p2a: Tyranitar|82/100|[from] item: Leftovers
|upkeep
|turn|2
|inactive|TheDHope has 270 seconds left.
|
|t:|1728512623
|-singleturn|p2a: Tyranitar|move: Focus Punch
|move|p1a: Dugtrio|Earthquake|p2a: Tyranitar
|-supereffective|p2a: Tyranitar
|-end|p2a: Tyranitar|Substitute
|move|p2a: Tyranitar|Focus Punch|p1a: Dugtrio
|-damage|p1a: Dugtrio|13/100
|
|-weather|Sandstorm|[upkeep]
|-heal|p2a: Tyranitar|88/100|[from] item: Leftovers
|upkeep
|turn|3
|
|t:|1728512632
|move|p1a: Dugtrio|Earthquake|p2a: Tyranitar
|-supereffective|p2a: Tyranitar
|-crit|p2a: Tyranitar
|-damage|p2a: Tyranitar|0 fnt
|faint|p2a: Tyranitar
|
|t:|1728512637
|switch|p2a: Skarmory|Skarmory, F|100/100
|
|-weather|Sandstorm|[upkeep]
|upkeep
|turn|4
|
|t:|1728512645
|switch|p1a: Zapdos|Zapdos|100/100
|move|p2a: Skarmory|Toxic|p1a: Zapdos
|-status|p1a: Zapdos|tox
|
|-weather|Sandstorm|[upkeep]
|-damage|p1a: Zapdos|94/100 tox|[from] Sandstorm
|-heal|p1a: Zapdos|100/100 tox|[from] item: Leftovers
|-damage|p1a: Zapdos|94/100 tox|[from] psn
|upkeep
|turn|5
|inactive|TheDHope has 270 seconds left.
|
|t:|1728512655
|switch|p2a: Blissey|Blissey, F|100/100
|move|p1a: Zapdos|Rain Dance|p1a: Zapdos
|-weather|RainDance
|
|-weather|RainDance|[upkeep]
|-heal|p1a: Zapdos|100/100 tox|[from] item: Leftovers
|-damage|p1a: Zapdos|88/100 tox|[from] psn
|upkeep
|turn|6
|inactive|TheDHope has 270 seconds left.
|
|t:|1728512667
|switch|p1a: Metagross|Metagross|100/100
|move|p2a: Blissey|Ice Beam|p1a: Metagross
|-resisted|p1a: Metagross
|-damage|p1a: Metagross|90/100
|
|-weather|RainDance|[upkeep]
|-heal|p1a: Metagross|96/100|[from] item: Leftovers
|upkeep
|turn|7
|
|t:|1728512675
|switch|p2a: Skarmory|Skarmory, F|100/100
|move|p1a: Metagross|Meteor Mash|p2a: Skarmory
|-resisted|p2a: Skarmory
|-damage|p2a: Skarmory|79/100
|
|-weather|RainDance|[upkeep]
|-heal|p2a: Skarmory|85/100|[from] item: Leftovers
|-heal|p1a: Metagross|100/100|[from] item: Leftovers
|upkeep
|turn|8
|
|t:|1728512689
|switch|p1a: Zapdos|Zapdos|88/100 tox
|move|p2a: Skarmory|Spikes|p1a: Zapdos
|-sidestart|p1: kydreith33|Spikes
|
|-weather|RainDance|[upkeep]
|-heal|p1a: Zapdos|94/100 tox|[from] item: Leftovers
|-damage|p1a: Zapdos|88/100 tox|[from] psn
|-heal|p2a: Skarmory|91/100|[from] item: Leftovers
|upkeep
|turn|9
|
|t:|1728512698
|switch|p1a: Dugtrio|Dugtrio, M|13/100
|-damage|p1a: Dugtrio|1/100|[from] Spikes
|switch|p2a: Swampert|Swampert, M|100/100
|
|-weather|none
|upkeep
|turn|10
|
|t:|1728512711
|move|p1a: Dugtrio|Earthquake|p2a: Swampert
|-damage|p2a: Swampert|65/100
|move|p2a: Swampert|Earthquake|p1a: Dugtrio
|-damage|p1a: Dugtrio|0 fnt
|faint|p1a: Dugtrio
|
|t:|1728512717
|switch|p1a: Zapdos|Zapdos|88/100 tox
|
|-heal|p1a: Zapdos|94/100 tox|[from] item: Leftovers
|-damage|p1a: Zapdos|88/100 tox|[from] psn
|-heal|p2a: Swampert|71/100|[from] item: Leftovers
|upkeep
|turn|11
|
|t:|1728512724
|move|p2a: Swampert|Protect|p2a: Swampert
|-singleturn|p2a: Swampert|Protect
|move|p1a: Zapdos|Hidden Power|p2a: Swampert
|-activate|p2a: Swampert|Protect
|
|-heal|p1a: Zapdos|94/100 tox|[from] item: Leftovers
|-damage|p1a: Zapdos|82/100 tox|[from] psn
|-heal|p2a: Swampert|77/100|[from] item: Leftovers
|upkeep
|turn|12
|
|t:|1728512733
|switch|p2a: Blissey|Blissey, F|100/100
|move|p1a: Zapdos|Baton Pass|p1a: Zapdos
|
|t:|1728512737
|switch|p1a: Metagross|Metagross|100/100|[from] Baton Pass
|-damage|p1a: Metagross|88/100|[from] Spikes
|
|-heal|p1a: Metagross|94/100|[from] item: Leftovers
|upkeep
|turn|13
|
|t:|1728512745
|switch|p2a: Skarmory|Skarmory, F|91/100
|move|p1a: Metagross|Meteor Mash|p2a: Skarmory|[miss]
|-miss|p1a: Metagross|p2a: Skarmory
|
|-heal|p2a: Skarmory|97/100|[from] item: Leftovers
|-heal|p1a: Metagross|99/100|[from] item: Leftovers
|upkeep
|turn|14
|
|t:|1728512756
|move|p2a: Skarmory|Spikes|p1a: Metagross
|-sidestart|p1: kydreith33|Spikes
|move|p1a: Metagross|Rock Slide|p2a: Skarmory
|-damage|p2a: Skarmory|74/100
|
|-heal|p2a: Skarmory|80/100|[from] item: Leftovers
|-heal|p1a: Metagross|100/100|[from] item: Leftovers
|upkeep
|turn|15
|
|t:|1728512766
|move|p2a: Skarmory|Spikes|p1a: Metagross
|-sidestart|p1: kydreith33|Spikes
|move|p1a: Metagross|Meteor Mash|p2a: Skarmory
|-resisted|p2a: Skarmory
|-damage|p2a: Skarmory|58/100
|
|-heal|p2a: Skarmory|64/100|[from] item: Leftovers
|upkeep
|turn|16
|
|t:|1728512774
|move|p1a: Metagross|Meteor Mash|p2a: Skarmory
|-resisted|p2a: Skarmory
|-crit|p2a: Skarmory
|-damage|p2a: Skarmory|16/100
|move|p2a: Skarmory|Roar|p1a: Metagross
|drag|p1a: Heracross|Heracross, M|100/100
|-damage|p1a: Heracross|75/100|[from] Spikes
|
|-heal|p2a: Skarmory|22/100|[from] item: Leftovers
|upkeep
|turn|17
|
|t:|1728512790
|move|p1a: Heracross|Reversal|p2a: Skarmory
|-damage|p2a: Skarmory|13/100
|move|p2a: Skarmory|Drill Peck|p1a: Heracross
|-supereffective|p1a: Heracross
|-damage|p1a: Heracross|0 fnt
|faint|p1a: Heracross
|
|t:|1728512797
|switch|p1a: Zapdos|Zapdos|82/100 tox
|
|-heal|p1a: Zapdos|88/100 tox|[from] item: Leftovers
|-damage|p1a: Zapdos|82/100 tox|[from] psn
|-heal|p2a: Skarmory|19/100|[from] item: Leftovers
|upkeep
|turn|18
|
|t:|1728512805
|switch|p2a: Blissey|Blissey, F|100/100
|move|p1a: Zapdos|Thunderbolt|p2a: Blissey
|-damage|p2a: Blissey|79/100
|
|-heal|p1a: Zapdos|88/100 tox|[from] item: Leftovers
|-damage|p1a: Zapdos|76/100 tox|[from] psn
|-heal|p2a: Blissey|85/100|[from] item: Leftovers
|upkeep
|turn|19
|
|t:|1728512813
|move|p1a: Zapdos|Baton Pass|p1a: Zapdos
|
|t:|1728512814
|switch|p1a: Metagross|Metagross|100/100|[from] Baton Pass
|-damage|p1a: Metagross|75/100|[from] Spikes
|move|p2a: Blissey|Thunder Wave|p1a: Metagross
|-status|p1a: Metagross|par
|
|-heal|p2a: Blissey|92/100|[from] item: Leftovers
|-heal|p1a: Metagross|82/100 par|[from] item: Leftovers
|upkeep
|turn|20
|
|t:|1728512825
|switch|p2a: Swampert|Swampert, M|77/100
|cant|p1a: Metagross|par
|
|-heal|p2a: Swampert|84/100|[from] item: Leftovers
|-heal|p1a: Metagross|88/100 par|[from] item: Leftovers
|upkeep
|turn|21
|
|t:|1728512833
|move|p2a: Swampert|Earthquake|p1a: Metagross
|-supereffective|p1a: Metagross
|-damage|p1a: Metagross|27/100 par
|move|p1a: Metagross|Explosion|p2a: Swampert
|-damage|p2a: Swampert|0 fnt
|faint|p1a: Metagross
|faint|p2a: Swampert
|
|t:|1728512848
|switch|p1a: Zapdos|Zapdos|76/100 tox
|switch|p2a: Skarmory|Skarmory, F|19/100
|
|-heal|p1a: Zapdos|82/100 tox|[from] item: Leftovers
|-damage|p1a: Zapdos|76/100 tox|[from] psn
|-heal|p2a: Skarmory|25/100|[from] item: Leftovers
|upkeep
|turn|22
|
|t:|1728512855
|switch|p2a: Blissey|Blissey, F|92/100
|move|p1a: Zapdos|Rain Dance|p1a: Zapdos
|-weather|RainDance
|
|-weather|RainDance|[upkeep]
|-heal|p1a: Zapdos|82/100 tox|[from] item: Leftovers
|-damage|p1a: Zapdos|69/100 tox|[from] psn
|-heal|p2a: Blissey|98/100|[from] item: Leftovers
|upkeep
|turn|23
|
|t:|1728512866
|move|p1a: Zapdos|Baton Pass|p1a: Zapdos
|
|t:|1728512867
|switch|p1a: Kingdra|Kingdra, M|100/100|[from] Baton Pass
|-damage|p1a: Kingdra|76/100|[from] Spikes
|move|p2a: Blissey|Thunder Wave|p1a: Kingdra
|-status|p1a: Kingdra|par
|-enditem|p1a: Kingdra|Lum Berry|[eat]
|-curestatus|p1a: Kingdra|par|[msg]
|
|-weather|RainDance|[upkeep]
|-heal|p2a: Blissey|100/100|[from] item: Leftovers
|upkeep
|turn|24
|
|t:|1728512879
|move|p1a: Kingdra|Ice Beam|p2a: Blissey
|-damage|p2a: Blissey|90/100
|move|p2a: Blissey|Thunder Wave|p1a: Kingdra
|-status|p1a: Kingdra|par
|
|-weather|RainDance|[upkeep]
|-heal|p2a: Blissey|96/100|[from] item: Leftovers
|upkeep
|turn|25
|
|t:|1728512886
|move|p2a: Blissey|Ice Beam|p1a: Kingdra
|-damage|p1a: Kingdra|50/100 par
|cant|p1a: Kingdra|par
|
|-weather|RainDance|[upkeep]
|-heal|p2a: Blissey|100/100|[from] item: Leftovers
|upkeep
|turn|26
|
|t:|1728512893
|move|p2a: Blissey|Seismic Toss|p1a: Kingdra
|-damage|p1a: Kingdra|18/100 par
|move|p1a: Kingdra|Surf|p2a: Blissey
|-damage|p2a: Blissey|74/100
|
|-weather|none
|-heal|p2a: Blissey|80/100|[from] item: Leftovers
|upkeep
|turn|27
|
|t:|1728512900
|move|p2a: Blissey|Ice Beam|p1a: Kingdra
|-damage|p1a: Kingdra|0 fnt
|faint|p1a: Kingdra
|
|t:|1728512903
|switch|p1a: Zapdos|Zapdos|69/100 tox
|
|-heal|p1a: Zapdos|76/100 tox|[from] item: Leftovers
|-damage|p1a: Zapdos|69/100 tox|[from] psn
|-heal|p2a: Blissey|86/100|[from] item: Leftovers
|upkeep
|turn|28
|
|t:|1728512912
|move|p1a: Zapdos|Thunderbolt|p2a: Blissey
|-damage|p2a: Blissey|65/100
|move|p2a: Blissey|Thunder Wave||[still]
|-fail|p2a: Blissey
|
|-heal|p1a: Zapdos|76/100 tox|[from] item: Leftovers
|-damage|p1a: Zapdos|63/100 tox|[from] psn
|-heal|p2a: Blissey|71/100|[from] item: Leftovers
|upkeep
|turn|29
|
|t:|1728512920
|move|p1a: Zapdos|Thunderbolt|p2a: Blissey
|-damage|p2a: Blissey|52/100
|move|p2a: Blissey|Soft-Boiled|p2a: Blissey
|-heal|p2a: Blissey|100/100
|
|-heal|p1a: Zapdos|69/100 tox|[from] item: Leftovers
|-damage|p1a: Zapdos|51/100 tox|[from] psn
|upkeep
|turn|30
|
|t:|1728512929
|move|p1a: Zapdos|Thunderbolt|p2a: Blissey
|-damage|p2a: Blissey|80/100
|move|p2a: Blissey|Ice Beam|p1a: Zapdos
|-supereffective|p1a: Zapdos
|-damage|p1a: Zapdos|1/100 tox
|
|-heal|p1a: Zapdos|7/100 tox|[from] item: Leftovers
|-damage|p1a: Zapdos|0 fnt|[from] psn
|faint|p1a: Zapdos
|-heal|p2a: Blissey|86/100|[from] item: Leftovers
|upkeep
|
|t:|1728512938
|switch|p1a: Suicune|Suicune|100/100
|-damage|p1a: Suicune|76/100|[from] Spikes
|turn|31
|
|t:|1728512958
|move|p1a: Suicune|Calm Mind|p1a: Suicune
|-boost|p1a: Suicune|spa|1
|-boost|p1a: Suicune|spd|1
|move|p2a: Blissey|Seismic Toss|p1a: Suicune
|-damage|p1a: Suicune|51/100
|
|-heal|p1a: Suicune|57/100|[from] item: Leftovers
|-heal|p2a: Blissey|92/100|[from] item: Leftovers
|upkeep
|turn|32
|
|t:|1728512967
|move|p1a: Suicune|Calm Mind|p1a: Suicune
|-boost|p1a: Suicune|spa|1
|-boost|p1a: Suicune|spd|1
|move|p2a: Blissey|Seismic Toss|p1a: Suicune
|-damage|p1a: Suicune|32/100
|
|-heal|p1a: Suicune|38/100|[from] item: Leftovers
|-heal|p2a: Blissey|98/100|[from] item: Leftovers
|upkeep
|turn|33
|
|t:|1728512975
|move|p1a: Suicune|Rest|p1a: Suicune
|-status|p1a: Suicune|slp|[from] move: Rest
|-heal|p1a: Suicune|100/100 slp|[silent]
|move|p2a: Blissey|Seismic Toss|p1a: Suicune
|-damage|p1a: Suicune|76/100 slp
|
|-heal|p1a: Suicune|82/100 slp|[from] item: Leftovers
|-heal|p2a: Blissey|100/100|[from] item: Leftovers
|upkeep
|turn|34
|
|t:|1728512984
|cant|p1a: Suicune|slp
|move|p1a: Suicune|Sleep Talk|p1a: Suicune
|move|p1a: Suicune|Surf|p2a: Blissey|[from]Sleep Talk
|-damage|p2a: Blissey|76/100
|move|p2a: Blissey|Seismic Toss|p1a: Suicune
|-damage|p1a: Suicune|57/100 slp
|
|-heal|p1a: Suicune|63/100 slp|[from] item: Leftovers
|-heal|p2a: Blissey|82/100|[from] item: Leftovers
|upkeep
|turn|35
|
|t:|1728512994
|cant|p1a: Suicune|slp
|move|p1a: Suicune|Sleep Talk|p1a: Suicune
|move|p1a: Suicune|Surf|p2a: Blissey|[from]Sleep Talk
|-damage|p2a: Blissey|58/100
|move|p2a: Blissey|Seismic Toss|p1a: Suicune
|-damage|p1a: Suicune|38/100 slp
|
|-heal|p1a: Suicune|44/100 slp|[from] item: Leftovers
|-heal|p2a: Blissey|64/100|[from] item: Leftovers
|upkeep
|turn|36
|
|t:|1728513004
|-curestatus|p1a: Suicune|slp|[msg]
|move|p1a: Suicune|Calm Mind|p1a: Suicune
|-boost|p1a: Suicune|spa|1
|-boost|p1a: Suicune|spd|1
|move|p2a: Blissey|Seismic Toss|p1a: Suicune
|-damage|p1a: Suicune|19/100
|
|-heal|p1a: Suicune|26/100|[from] item: Leftovers
|-heal|p2a: Blissey|70/100|[from] item: Leftovers
|upkeep
|turn|37
|
|t:|1728513014
|move|p1a: Suicune|Rest|p1a: Suicune
|-status|p1a: Suicune|slp|[from] move: Rest
|-heal|p1a: Suicune|100/100 slp|[silent]
|move|p2a: Blissey|Seismic Toss|p1a: Suicune
|-damage|p1a: Suicune|76/100 slp
|
|-heal|p1a: Suicune|82/100 slp|[from] item: Leftovers
|-heal|p2a: Blissey|76/100|[from] item: Leftovers
|upkeep
|turn|38
|
|t:|1728513023
|cant|p1a: Suicune|slp
|move|p1a: Suicune|Sleep Talk|p1a: Suicune
|move|p1a: Suicune|Calm Mind|p1a: Suicune|[from]Sleep Talk
|-boost|p1a: Suicune|spa|1
|-boost|p1a: Suicune|spd|1
|move|p2a: Blissey|Seismic Toss|p1a: Suicune
|-damage|p1a: Suicune|57/100 slp
|
|-heal|p1a: Suicune|63/100 slp|[from] item: Leftovers
|-heal|p2a: Blissey|82/100|[from] item: Leftovers
|upkeep
|turn|39
|
|t:|1728513038
|cant|p1a: Suicune|slp
|move|p1a: Suicune|Sleep Talk|p1a: Suicune
|move|p1a: Suicune|Rest|p1a: Suicune|[from]Sleep Talk
|move|p2a: Blissey|Seismic Toss|p1a: Suicune
|-damage|p1a: Suicune|38/100 slp
|
|-heal|p1a: Suicune|44/100 slp|[from] item: Leftovers
|-heal|p2a: Blissey|89/100|[from] item: Leftovers
|upkeep
|turn|40
|
|t:|1728513052
|-curestatus|p1a: Suicune|slp|[msg]
|move|p1a: Suicune|Surf|p2a: Blissey
|-damage|p2a: Blissey|53/100
|move|p2a: Blissey|Thunder Wave|p1a: Suicune
|-status|p1a: Suicune|par
|
|-heal|p2a: Blissey|60/100|[from] item: Leftovers
|-heal|p1a: Suicune|51/100 par|[from] item: Leftovers
|upkeep
|turn|41
|
|t:|1728513061
|move|p2a: Blissey|Seismic Toss|p1a: Suicune
|-damage|p1a: Suicune|26/100 par
|move|p1a: Suicune|Rest|p1a: Suicune
|-status|p1a: Suicune|slp|[from] move: Rest
|-heal|p1a: Suicune|100/100 slp|[silent]
|
|-heal|p2a: Blissey|66/100|[from] item: Leftovers
|upkeep
|turn|42
|
|t:|1728513070
|cant|p1a: Suicune|slp
|move|p1a: Suicune|Sleep Talk|p1a: Suicune
|move|p1a: Suicune|Calm Mind|p1a: Suicune|[from]Sleep Talk
|-boost|p1a: Suicune|spa|1
|-boost|p1a: Suicune|spd|1
|move|p2a: Blissey|Seismic Toss|p1a: Suicune
|-damage|p1a: Suicune|76/100 slp
|
|-heal|p1a: Suicune|82/100 slp|[from] item: Leftovers
|-heal|p2a: Blissey|72/100|[from] item: Leftovers
|upkeep
|turn|43
|
|t:|1728513080
|cant|p1a: Suicune|slp
|move|p1a: Suicune|Sleep Talk|p1a: Suicune
|move|p1a: Suicune|Rest|p1a: Suicune|[from]Sleep Talk
|move|p2a: Blissey|Seismic Toss|p1a: Suicune
|-damage|p1a: Suicune|57/100 slp
|
|-heal|p1a: Suicune|63/100 slp|[from] item: Leftovers
|-heal|p2a: Blissey|78/100|[from] item: Leftovers
|upkeep
|turn|44
|
|t:|1728513090
|-curestatus|p1a: Suicune|slp|[msg]
|move|p1a: Suicune|Surf|p2a: Blissey
|-damage|p2a: Blissey|38/100
|move|p2a: Blissey|Seismic Toss|p1a: Suicune
|-damage|p1a: Suicune|38/100
|
|-heal|p1a: Suicune|44/100|[from] item: Leftovers
|-heal|p2a: Blissey|44/100|[from] item: Leftovers
|upkeep
|turn|45
|
|t:|1728513104
|move|p1a: Suicune|Surf|p2a: Blissey
|-damage|p2a: Blissey|6/100
|move|p2a: Blissey|Seismic Toss|p1a: Suicune
|-damage|p1a: Suicune|19/100
|
|-heal|p1a: Suicune|26/100|[from] item: Leftovers
|-heal|p2a: Blissey|12/100|[from] item: Leftovers
|upkeep
|turn|46
|
|t:|1728513112
|move|p1a: Suicune|Rest|p1a: Suicune
|-status|p1a: Suicune|slp|[from] move: Rest
|-heal|p1a: Suicune|100/100 slp|[silent]
|move|p2a: Blissey|Seismic Toss|p1a: Suicune
|-damage|p1a: Suicune|76/100 slp
|
|-heal|p1a: Suicune|82/100 slp|[from] item: Leftovers
|-heal|p2a: Blissey|18/100|[from] item: Leftovers
|upkeep
|turn|47
|
|t:|1728513121
|cant|p1a: Suicune|slp
|move|p1a: Suicune|Sleep Talk|p1a: Suicune
|move|p1a: Suicune|Surf|p2a: Blissey|[from]Sleep Talk
|-damage|p2a: Blissey|0 fnt
|faint|p2a: Blissey
|
|t:|1728513126
|switch|p2a: Aerodactyl|Aerodactyl, F|100/100
|
|-heal|p1a: Suicune|88/100 slp|[from] item: Leftovers
|upkeep
|turn|48
|inactive|TheDHope has 270 seconds left.
|
|t:|1728513169
|move|p2a: Aerodactyl|Rock Slide|p1a: Suicune
|-damage|p1a: Suicune|61/100 slp
|cant|p1a: Suicune|slp
|move|p1a: Suicune|Sleep Talk|p1a: Suicune
|move|p1a: Suicune|Surf|p2a: Aerodactyl|[from]Sleep Talk
|-supereffective|p2a: Aerodactyl
|-damage|p2a: Aerodactyl|0 fnt
|faint|p2a: Aerodactyl
|
|t:|1728513173
|switch|p2a: Skarmory|Skarmory, F|25/100
|
|-heal|p1a: Suicune|67/100 slp|[from] item: Leftovers
|-heal|p2a: Skarmory|31/100|[from] item: Leftovers
|upkeep
|turn|49
|
|t:|1728513184
|-curestatus|p1a: Suicune|slp|[msg]
|move|p1a: Suicune|Surf|p2a: Skarmory
|-damage|p2a: Skarmory|0 fnt
|faint|p2a: Skarmory
|inactive|TheDHope has 270 seconds left.
|
|t:|1728513196
|switch|p2a: Starmie|Starmie|100/100
|
|-heal|p1a: Suicune|73/100|[from] item: Leftovers
|upkeep
|turn|50
|
|t:|1728513202
|move|p2a: Starmie|Surf|p1a: Suicune
|-resisted|p1a: Suicune
|-damage|p1a: Suicune|69/100
|move|p1a: Suicune|Surf|p2a: Starmie
|-resisted|p2a: Starmie
|-damage|p2a: Starmie|36/100
|
|-heal|p2a: Starmie|42/100|[from] item: Leftovers
|-heal|p1a: Suicune|76/100|[from] item: Leftovers
|upkeep
|turn|51
|c|☆TheDHope|Gg
|c|☆kydreith33|gg
|
|t:|1728513210
|move|p2a: Starmie|Surf|p1a: Suicune
|-resisted|p1a: Suicune
|-damage|p1a: Suicune|72/100
|move|p1a: Suicune|Surf|p2a: Starmie
|-resisted|p2a: Starmie
|-damage|p2a: Starmie|0 fnt
|faint|p2a: Starmie
|
|win|kydreith33
|player|p2|
|player|p1|
|player|p2|TheDHope|drayden|

</script>
<script type="application/json" class="data" id="replaydata-smogtours-gen3ou-796790">
{"id":"smogtours-gen3ou-796790","format":"[Gen 3] OU","players":["kydreith33","TheDHope"],"uploadtime":1728513210,"views":81,"formatid":"gen3ou","rating":null,"private":0,"password":null}
</script>

<script defer src="js/replays.js?9d40a366"></script>
