<!DOCTYPE html>
<meta charset="utf-8" />
<meta name="viewport" content="width=device-width" />

<title>[Gen 3] OU: kewta vs. fuckboyLenny - Replays - Pok&eacute;mon Showdown!</title>

<meta name="description" content="Watch a replay of a Pok&eacute;mon battle between kewta and fuckboyLenny! Format: [Gen 3] OU; Date: Oct 24, 2024" />
<!--

Hey, you! Looking in the source for the replay log?

You can find them in JSON format, just add `.json` at the end of a replay URL.

https://replay.pokemonshowdown.com/gen7randomdoublesbattle-865046831.json

Or, if you only need the log itself, add `.log` instead:

https://replay.pokemonshowdown.com/gen7randomdoublesbattle-865046831.log

-->

<link rel="stylesheet" href="//pokemonshowdown.com/style/global.css?0.767286132409787" />
<link rel="stylesheet" href="//play.pokemonshowdown.com/style/font-awesome.css?0.9266228007934947" />
<link rel="stylesheet" href="//play.pokemonshowdown.com/style/battle.css?0.7924700842790926" />
<link rel="stylesheet" href="//play.pokemonshowdown.com/style/utilichart.css?0.8777417872839479" />

<!-- Global site tag (gtag.js) - Google Analytics -->
<script async src="https://www.googletagmanager.com/gtag/js?id=UA-26211653-1"></script>
<script>
  window.dataLayer = window.dataLayer || [];
  function gtag(){dataLayer.push(arguments);}
  gtag('js', new Date());

  gtag('config', 'UA-26211653-1');
</script>
<!-- End Google Analytics -->
<!-- Venatus Ad Manager - Install in <HEAD> of page -->
	<script src="https://hb.vntsm.com/v3/live/ad-manager.min.js" type="text/javascript" data-site-id="642aba63ec9a7b11c3c9c1be" data-mode="scan" async></script>
<!-- / Venatus Ad Manager -->

<style>
	@media (max-width:820px) {
		.battle {
			margin: 0 auto;
		}
		.battle-log {
			margin: 7px auto 0;
			max-width: 640px;
			height: 300px;
			position: static;
		}
	}
	.optgroup {
		display: inline-block;
		line-height: 22px;
		font-size: 10pt;
	}
	.optgroup .button {
		height: 25px;
		padding-top: 0;
		padding-bottom: 0;
	}
	.optgroup button.button {
		padding-left: 12px;
		padding-right: 12px;
	}
	.linklist {
		list-style: none;
		margin: 0.5em 0;
		padding: 0;
	}
	.linklist li {
		padding: 2px 0;
	}
	.sidebar {
		float: left;
		width: 320px;
	}
	.bar-wrapper {
		max-width: 1100px;
		margin: 0 auto;
	}
	.bar-wrapper.has-sidebar {
		max-width: 1430px;
	}
	.mainbar {
		margin: 0;
		padding-right: 1px;
	}
	.mainbar.has-sidebar {
		margin-left: 330px;
	}
	@media (min-width: 1511px) {
		.sidebar {
			width: 400px;
		}
		.bar-wrapper.has-sidebar {
			max-width: 1510px;
		}
		.mainbar.has-sidebar {
			margin-left: 410px;
		}
	}
	.section.first-section {
		margin-top: 9px;
	}
	.blocklink small {
		white-space: normal;
	}
	.button {
		vertical-align: middle;
	}
	.replay-controls {
		padding-top: 10px;
	}
	.replay-controls h1 {
		font-size: 16pt;
		font-weight: normal;
		color: #CCC;
	}
	.pagelink {
		text-align: center;
	}
	.pagelink a {
		width: 150px;
	}
	.textbox, .button {
		font-size: 11pt;
		vertical-align: middle;
	}
	@media (max-width: 450px) {
		.button {
			font-size: 9pt;
		}
	}
</style>

<div>

	<header>
		<div class="nav-wrapper"><ul class="nav">
			<li><a class="button nav-first" href="//pokemonshowdown.com/"><img src="//pokemonshowdown.com/images/pokemonshowdownbeta.png" srcset="//pokemonshowdown.com/images/pokemonshowdownbeta.png 1x, //pokemonshowdown.com/images/pokemonshowdownbeta@2x.png 2x" alt="Pok&eacute;mon Showdown" width="146" height="44" /> Home</a></li>
			<li><a class="button" href="//pokemonshowdown.com/dex/">Pok&eacute;dex</a></li>
			<li><a class="button cur" href="/">Replays</a></li>
			<li><a class="button" href="//pokemonshowdown.com/ladder/">Ladder</a></li>
			<li><a class="button nav-last" href="//pokemonshowdown.com/forums/">Forum</a></li>
			<li><a class="button greenbutton nav-first nav-last" href="//play.pokemonshowdown.com/">Play</a></li>
		</ul></div>
	</header>

	<div class="main" id="main">

		<noscript><section class="section">You need to enable JavaScript to use this page; sorry!</section></noscript>

	</div>

</div>

<script defer nomodule src="//play.pokemonshowdown.com/js/lib/ps-polyfill.js"></script>
<script defer src="//play.pokemonshowdown.com/js/lib/preact.min.js"></script>

<script defer src="//play.pokemonshowdown.com/config/config.js?6dec07f6"></script>
<script defer src="//play.pokemonshowdown.com/js/lib/jquery-1.11.0.min.js"></script>
<script defer src="//play.pokemonshowdown.com/js/lib/html-sanitizer-minified.js"></script>
<script defer src="//play.pokemonshowdown.com/js/battle-sound.js"></script>
<script defer src="//play.pokemonshowdown.com/js/battledata.js?0.6315294753075389"></script>
<script defer src="//play.pokemonshowdown.com/data/pokedex-mini.js?0.7603743185311358"></script>
<script defer src="//play.pokemonshowdown.com/data/pokedex-mini-bw.js?0.030888842834281283"></script>
<script defer src="//play.pokemonshowdown.com/data/graphics.js?0.05593094747507488"></script>
<script defer src="//play.pokemonshowdown.com/data/pokedex.js?0.47064822249611904"></script>
<script defer src="//play.pokemonshowdown.com/data/moves.js?0.8583693120512459"></script>
<script defer src="//play.pokemonshowdown.com/data/abilities.js?0.16017181182386842"></script>
<script defer src="//play.pokemonshowdown.com/data/items.js?0.4163379185673943"></script>
<script defer src="//play.pokemonshowdown.com/data/teambuilder-tables.js?0.31075597372830477"></script>
<script defer src="//play.pokemonshowdown.com/js/battle-tooltips.js?0.6536193500708172"></script>
<script defer src="//play.pokemonshowdown.com/js/battle.js?0.1916591943277901"></script>

<script defer src="js/utils.js?e31f9a17"></script>
<script defer src="js/replays-battle.js?7008c182"></script>

<!-- don't scrape this data! just add .json or .log after the URL!
Full API docs: https://github.com/smogon/pokemon-showdown-client/blob/master/WEB-API.md -->
<script type="text/plain" class="log" id="replaylog-smogtours-gen3ou-801587">
|inactive|Battle timer is ON: inactive players will automatically lose when time's up.
|t:|1729793169
|gametype|singles
|player|p1|kewta|101|
|player|p2|fuckboyLenny|101|
|teamsize|p1|6
|teamsize|p2|6
|gen|3
|tier|[Gen 3] OU
|rule|Sleep Clause Mod: Limit one foe put to sleep
|rule|Switch Priority Clause Mod: Faster Pokémon switch first
|rule|Species Clause: Limit one of each Pokémon
|rule|OHKO Clause: OHKO moves are banned
|rule|Evasion Items Clause: Evasion items are banned
|rule|Evasion Moves Clause: Evasion moves are banned
|rule|Endless Battle Clause: Forcing endless battles is banned
|rule|HP Percentage Mod: HP is shown in percentages
|rule|One Boost Passer Clause: Limit one Baton Passer that has a way to boost its stats
|rule|Freeze Clause Mod: Limit one foe frozen
|
|t:|1729793169
|start
|switch|p1a: Salamence|Salamence, M|100/100
|switch|p2a: Jynx|Jynx, F, shiny|100/100
|-ability|p1a: Salamence|Intimidate|boost
|-unboost|p2a: Jynx|atk|1
|turn|1
|
|t:|1729793176
|move|p2a: Jynx|Ice Beam|p1a: Salamence
|-supereffective|p1a: Salamence
|-damage|p1a: Salamence|0 fnt
|faint|p1a: Salamence
|
|t:|1729793181
|switch|p1a: Tyranitar|Tyranitar, F|100/100
|-weather|Sandstorm|[from] ability: Sand Stream|[of] p1a: Tyranitar
|
|-weather|Sandstorm|[upkeep]
|-damage|p2a: Jynx|95/100|[from] Sandstorm
|upkeep
|turn|2
|
|t:|1729793186
|move|p2a: Jynx|Ice Beam|p1a: Tyranitar
|-crit|p1a: Tyranitar
|-damage|p1a: Tyranitar|27/100
|move|p1a: Tyranitar|Crunch|p2a: Jynx
|-supereffective|p2a: Jynx
|-damage|p2a: Jynx|0 fnt
|faint|p2a: Jynx
|
|t:|1729793192
|switch|p2a: Dugtrio|Dugtrio, F, shiny|100/100
|
|-weather|Sandstorm|[upkeep]
|-heal|p1a: Tyranitar|33/100|[from] item: Leftovers
|upkeep
|turn|3
|
|t:|1729793197
|move|p2a: Dugtrio|Earthquake|p1a: Tyranitar
|-supereffective|p1a: Tyranitar
|-damage|p1a: Tyranitar|0 fnt
|faint|p1a: Tyranitar
|
|t:|1729793203
|switch|p1a: Aerodactyl|Aerodactyl, F|100/100
|
|-weather|Sandstorm|[upkeep]
|upkeep
|turn|4
|
|t:|1729793216
|switch|p2a: Claydol|Claydol|100/100
|move|p1a: Aerodactyl|Double-Edge|p2a: Claydol
|-damage|p2a: Claydol|48/100
|
|-weather|Sandstorm|[upkeep]
|-heal|p2a: Claydol|55/100|[from] item: Leftovers
|upkeep
|turn|5
|
|t:|1729793224
|switch|p1a: Forretress|Forretress, M|100/100
|switch|p2a: Metagross|Metagross|100/100
|
|-weather|Sandstorm|[upkeep]
|upkeep
|turn|6
|inactive|fuckboyLenny has 270 seconds left.
|
|t:|1729793255
|switch|p2a: Snorlax|Snorlax, F|100/100
|move|p1a: Forretress|Spikes|p2a: Snorlax
|-sidestart|p2: fuckboyLenny|Spikes
|
|-weather|Sandstorm|[upkeep]
|-damage|p2a: Snorlax|94/100|[from] Sandstorm
|-heal|p2a: Snorlax|100/100|[from] item: Leftovers
|upkeep
|turn|7
|
|t:|1729793264
|switch|p1a: Jirachi|Jirachi|100/100
|move|p2a: Snorlax|Curse|p2a: Snorlax
|-unboost|p2a: Snorlax|spe|1
|-boost|p2a: Snorlax|atk|1
|-boost|p2a: Snorlax|def|1
|
|-weather|Sandstorm|[upkeep]
|-damage|p2a: Snorlax|94/100|[from] Sandstorm
|-heal|p2a: Snorlax|100/100|[from] item: Leftovers
|upkeep
|turn|8
|
|t:|1729793272
|move|p1a: Jirachi|Fire Punch|p2a: Snorlax
|-damage|p2a: Snorlax|90/100
|move|p2a: Snorlax|Earthquake|p1a: Jirachi
|-supereffective|p1a: Jirachi
|-damage|p1a: Jirachi|42/100
|
|-weather|Sandstorm|[upkeep]
|-damage|p2a: Snorlax|84/100|[from] Sandstorm
|-heal|p1a: Jirachi|48/100|[from] item: Leftovers
|-heal|p2a: Snorlax|90/100|[from] item: Leftovers
|upkeep
|turn|9
|
|t:|1729793284
|switch|p1a: Aerodactyl|Aerodactyl, F|100/100
|move|p2a: Snorlax|Earthquake|p1a: Aerodactyl
|-immune|p1a: Aerodactyl
|
|-weather|Sandstorm|[upkeep]
|-damage|p2a: Snorlax|84/100|[from] Sandstorm
|-heal|p2a: Snorlax|90/100|[from] item: Leftovers
|upkeep
|turn|10
|
|t:|1729793296
|move|p1a: Aerodactyl|Hidden Power|p2a: Snorlax
|-supereffective|p2a: Snorlax
|-damage|p2a: Snorlax|51/100
|move|p2a: Snorlax|Self-Destruct|p1a: Aerodactyl
|-resisted|p1a: Aerodactyl
|-crit|p1a: Aerodactyl
|-damage|p1a: Aerodactyl|0 fnt
|faint|p2a: Snorlax
|faint|p1a: Aerodactyl
|
|t:|1729793308
|switch|p1a: Forretress|Forretress, M|100/100
|switch|p2a: Claydol|Claydol|55/100
|
|-weather|Sandstorm|[upkeep]
|-heal|p2a: Claydol|61/100|[from] item: Leftovers
|upkeep
|turn|11
|
|t:|1729793313
|move|p2a: Claydol|Rain Dance|p2a: Claydol
|-weather|RainDance
|move|p1a: Forretress|Spikes|p2a: Claydol
|-sidestart|p2: fuckboyLenny|Spikes
|
|-weather|RainDance|[upkeep]
|-heal|p2a: Claydol|67/100|[from] item: Leftovers
|upkeep
|turn|12
|
|t:|1729793322
|switch|p2a: Metagross|Metagross|100/100
|-damage|p2a: Metagross|84/100|[from] Spikes
|move|p1a: Forretress|Earthquake|p2a: Metagross
|-supereffective|p2a: Metagross
|-damage|p2a: Metagross|47/100
|
|-weather|RainDance|[upkeep]
|upkeep
|turn|13
|
|t:|1729793329
|move|p2a: Metagross|Explosion|p1a: Forretress
|-resisted|p1a: Forretress
|-damage|p1a: Forretress|32/100
|faint|p2a: Metagross
|
|t:|1729793333
|switch|p2a: Dugtrio|Dugtrio, F, shiny|100/100
|-damage|p2a: Dugtrio|84/100|[from] Spikes
|
|-weather|RainDance|[upkeep]
|-heal|p1a: Forretress|38/100|[from] item: Leftovers
|upkeep
|turn|14
|
|t:|1729793339
|move|p2a: Dugtrio|Earthquake|p1a: Forretress
|-damage|p1a: Forretress|0 fnt
|faint|p1a: Forretress
|
|t:|1729793341
|switch|p1a: Blissey|Blissey, F|100/100
|
|-weather|RainDance|[upkeep]
|upkeep
|turn|15
|
|t:|1729793344
|move|p2a: Dugtrio|Earthquake|p1a: Blissey
|-damage|p1a: Blissey|50/100
|move|p1a: Blissey|Counter|p2a: Dugtrio
|-damage|p2a: Dugtrio|0 fnt
|faint|p2a: Dugtrio
|
|t:|1729793367
|switch|p2a: Suicune|Suicune|100/100
|-damage|p2a: Suicune|84/100|[from] Spikes
|
|-weather|none
|-heal|p2a: Suicune|90/100|[from] item: Leftovers
|-heal|p1a: Blissey|56/100|[from] item: Leftovers
|upkeep
|turn|16
|
|t:|1729793374
|move|p2a: Suicune|Calm Mind|p2a: Suicune
|-boost|p2a: Suicune|spa|1
|-boost|p2a: Suicune|spd|1
|move|p1a: Blissey|Thunder Wave|p2a: Suicune
|-status|p2a: Suicune|par
|
|-heal|p1a: Blissey|63/100|[from] item: Leftovers
|-heal|p2a: Suicune|97/100 par|[from] item: Leftovers
|upkeep
|turn|17
|
|t:|1729793382
|move|p1a: Blissey|Seismic Toss|p2a: Suicune
|-damage|p2a: Suicune|72/100 par
|cant|p2a: Suicune|par
|
|-heal|p1a: Blissey|69/100|[from] item: Leftovers
|-heal|p2a: Suicune|78/100 par|[from] item: Leftovers
|upkeep
|turn|18
|
|t:|1729793392
|move|p1a: Blissey|Seismic Toss|p2a: Suicune
|-damage|p2a: Suicune|53/100 par
|move|p2a: Suicune|Calm Mind|p2a: Suicune
|-boost|p2a: Suicune|spa|1
|-boost|p2a: Suicune|spd|1
|
|-heal|p1a: Blissey|75/100|[from] item: Leftovers
|-heal|p2a: Suicune|59/100 par|[from] item: Leftovers
|upkeep
|turn|19
|
|t:|1729793404
|move|p1a: Blissey|Seismic Toss|p2a: Suicune
|-damage|p2a: Suicune|34/100 par
|cant|p2a: Suicune|par
|
|-heal|p1a: Blissey|81/100|[from] item: Leftovers
|-heal|p2a: Suicune|40/100 par|[from] item: Leftovers
|upkeep
|turn|20
|
|t:|1729793412
|move|p1a: Blissey|Seismic Toss|p2a: Suicune
|-damage|p2a: Suicune|15/100 par
|move|p2a: Suicune|Rest|p2a: Suicune
|-status|p2a: Suicune|slp|[from] move: Rest
|-heal|p2a: Suicune|100/100 slp|[silent]
|
|-heal|p1a: Blissey|87/100|[from] item: Leftovers
|upkeep
|turn|21
|
|t:|1729793420
|switch|p1a: Jirachi|Jirachi|48/100
|cant|p2a: Suicune|slp
|move|p2a: Suicune|Sleep Talk|p2a: Suicune
|move|p2a: Suicune|Rest|p2a: Suicune|[from]Sleep Talk
|
|-heal|p1a: Jirachi|54/100|[from] item: Leftovers
|upkeep
|turn|22
|
|t:|1729793427
|move|p1a: Jirachi|Wish|p1a: Jirachi
|cant|p2a: Suicune|slp
|move|p2a: Suicune|Sleep Talk|p2a: Suicune
|move|p2a: Suicune|Rest|p2a: Suicune|[from]Sleep Talk
|
|-heal|p1a: Jirachi|60/100|[from] item: Leftovers
|upkeep
|turn|23
|
|t:|1729793434
|move|p1a: Jirachi|Protect|p1a: Jirachi
|-singleturn|p1a: Jirachi|Protect
|-curestatus|p2a: Suicune|slp|[msg]
|move|p2a: Suicune|Calm Mind|p2a: Suicune
|-boost|p2a: Suicune|spa|1
|-boost|p2a: Suicune|spd|1
|
|-heal|p1a: Jirachi|100/100|[from] move: Wish|[wisher] Jirachi
|upkeep
|turn|24
|
|t:|1729793442
|move|p1a: Jirachi|Toxic|p2a: Suicune
|-status|p2a: Suicune|tox
|move|p2a: Suicune|Calm Mind|p2a: Suicune
|-boost|p2a: Suicune|spa|1
|-boost|p2a: Suicune|spd|1
|
|-damage|p2a: Suicune|94/100 tox|[from] psn
|upkeep
|turn|25
|
|t:|1729793448
|switch|p1a: Blissey|Blissey, F|87/100
|move|p2a: Suicune|Calm Mind|p2a: Suicune
|-boost|p2a: Suicune|spa|1
|-boost|p2a: Suicune|spd|1
|
|-heal|p2a: Suicune|100/100 tox|[from] item: Leftovers
|-damage|p2a: Suicune|88/100 tox|[from] psn
|-heal|p1a: Blissey|93/100|[from] item: Leftovers
|upkeep
|turn|26
|
|t:|1729793466
|move|p2a: Suicune|Calm Mind|p2a: Suicune
|-boost|p2a: Suicune|spa|1
|-boost|p2a: Suicune|spd|1
|move|p1a: Blissey|Seismic Toss|p2a: Suicune
|-damage|p2a: Suicune|63/100 tox
|
|-heal|p2a: Suicune|69/100 tox|[from] item: Leftovers
|-damage|p2a: Suicune|51/100 tox|[from] psn
|-heal|p1a: Blissey|99/100|[from] item: Leftovers
|upkeep
|turn|27
|
|t:|1729793475
|move|p2a: Suicune|Rest|p2a: Suicune
|-status|p2a: Suicune|slp|[from] move: Rest
|-heal|p2a: Suicune|100/100 slp|[silent]
|move|p1a: Blissey|Seismic Toss|p2a: Suicune
|-damage|p2a: Suicune|76/100 slp
|
|-heal|p2a: Suicune|82/100 slp|[from] item: Leftovers
|-heal|p1a: Blissey|100/100|[from] item: Leftovers
|upkeep
|turn|28
|
|t:|1729793485
|cant|p2a: Suicune|slp
|move|p2a: Suicune|Sleep Talk|p2a: Suicune
|move|p2a: Suicune|Calm Mind|p2a: Suicune|[from]Sleep Talk
|-boost|p2a: Suicune|spa|0
|-boost|p2a: Suicune|spd|0
|move|p1a: Blissey|Seismic Toss|p2a: Suicune
|-damage|p2a: Suicune|57/100 slp
|
|-heal|p2a: Suicune|63/100 slp|[from] item: Leftovers
|upkeep
|turn|29
|
|t:|1729793498
|cant|p2a: Suicune|slp
|move|p2a: Suicune|Sleep Talk|p2a: Suicune
|move|p2a: Suicune|Rest|p2a: Suicune|[from]Sleep Talk
|move|p1a: Blissey|Seismic Toss|p2a: Suicune
|-damage|p2a: Suicune|38/100 slp
|
|-heal|p2a: Suicune|44/100 slp|[from] item: Leftovers
|upkeep
|turn|30
|
|t:|1729793507
|-curestatus|p2a: Suicune|slp|[msg]
|move|p2a: Suicune|Rest|p2a: Suicune
|-status|p2a: Suicune|slp|[from] move: Rest
|-heal|p2a: Suicune|100/100 slp|[silent]
|move|p1a: Blissey|Seismic Toss|p2a: Suicune
|-damage|p2a: Suicune|76/100 slp
|
|-heal|p2a: Suicune|82/100 slp|[from] item: Leftovers
|upkeep
|turn|31
|
|t:|1729793516
|cant|p2a: Suicune|slp
|move|p2a: Suicune|Sleep Talk|p2a: Suicune
|move|p2a: Suicune|Rest|p2a: Suicune|[from]Sleep Talk
|move|p1a: Blissey|Seismic Toss|p2a: Suicune
|-damage|p2a: Suicune|57/100 slp
|
|-heal|p2a: Suicune|63/100 slp|[from] item: Leftovers
|upkeep
|turn|32
|
|t:|1729793526
|cant|p2a: Suicune|slp
|move|p2a: Suicune|Sleep Talk|p2a: Suicune
|move|p2a: Suicune|Rest|p2a: Suicune|[from]Sleep Talk
|move|p1a: Blissey|Seismic Toss|p2a: Suicune
|-damage|p2a: Suicune|38/100 slp
|
|-heal|p2a: Suicune|44/100 slp|[from] item: Leftovers
|upkeep
|turn|33
|
|t:|1729793535
|-curestatus|p2a: Suicune|slp|[msg]
|move|p2a: Suicune|Rest|p2a: Suicune
|-status|p2a: Suicune|slp|[from] move: Rest
|-heal|p2a: Suicune|100/100 slp|[silent]
|move|p1a: Blissey|Seismic Toss|p2a: Suicune
|-damage|p2a: Suicune|76/100 slp
|
|-heal|p2a: Suicune|82/100 slp|[from] item: Leftovers
|upkeep
|turn|34
|c|☆kewta|gg
|c|☆fuckboyLenny|gg
|-message|kewta forfeited.
|
|win|fuckboyLenny
|player|p1|

</script>
<script type="application/json" class="data" id="replaydata-smogtours-gen3ou-801587">
{"id":"smogtours-gen3ou-801587","format":"[Gen 3] OU","players":["kewta","fuckboyLenny"],"uploadtime":1729793549,"views":78,"formatid":"gen3ou","rating":null,"private":0,"password":null}
</script>

<script defer src="js/replays.js?9d40a366"></script>
