<!DOCTYPE html>
<meta charset="utf-8" />
<meta name="viewport" content="width=device-width" />

<title>[Gen 3] OU: scald&gt;focusmiss vs. bluesenergy00 - Replays - Pok&eacute;mon Showdown!</title>

<meta name="description" content="Watch a replay of a Pok&eacute;mon battle between scald&gt;focusmiss and bluesenergy00! Format: [Gen 3] OU; Date: Oct 22, 2024" />
<!--

Hey, you! Looking in the source for the replay log?

You can find them in JSON format, just add `.json` at the end of a replay URL.

https://replay.pokemonshowdown.com/gen7randomdoublesbattle-865046831.json

Or, if you only need the log itself, add `.log` instead:

https://replay.pokemonshowdown.com/gen7randomdoublesbattle-865046831.log

-->

<link rel="stylesheet" href="//pokemonshowdown.com/style/global.css?0.023195364461161105" />
<link rel="stylesheet" href="//play.pokemonshowdown.com/style/font-awesome.css?0.13261647063804238" />
<link rel="stylesheet" href="//play.pokemonshowdown.com/style/battle.css?0.8753245789963631" />
<link rel="stylesheet" href="//play.pokemonshowdown.com/style/utilichart.css?0.8627959624976733" />

<!-- Global site tag (gtag.js) - Google Analytics -->
<script async src="https://www.googletagmanager.com/gtag/js?id=UA-26211653-1"></script>
<script>
  window.dataLayer = window.dataLayer || [];
  function gtag(){dataLayer.push(arguments);}
  gtag('js', new Date());

  gtag('config', 'UA-26211653-1');
</script>
<!-- End Google Analytics -->
<!-- Venatus Ad Manager - Install in <HEAD> of page -->
	<script src="https://hb.vntsm.com/v3/live/ad-manager.min.js" type="text/javascript" data-site-id="642aba63ec9a7b11c3c9c1be" data-mode="scan" async></script>
<!-- / Venatus Ad Manager -->

<style>
	@media (max-width:820px) {
		.battle {
			margin: 0 auto;
		}
		.battle-log {
			margin: 7px auto 0;
			max-width: 640px;
			height: 300px;
			position: static;
		}
	}
	.optgroup {
		display: inline-block;
		line-height: 22px;
		font-size: 10pt;
	}
	.optgroup .button {
		height: 25px;
		padding-top: 0;
		padding-bottom: 0;
	}
	.optgroup button.button {
		padding-left: 12px;
		padding-right: 12px;
	}
	.linklist {
		list-style: none;
		margin: 0.5em 0;
		padding: 0;
	}
	.linklist li {
		padding: 2px 0;
	}
	.sidebar {
		float: left;
		width: 320px;
	}
	.bar-wrapper {
		max-width: 1100px;
		margin: 0 auto;
	}
	.bar-wrapper.has-sidebar {
		max-width: 1430px;
	}
	.mainbar {
		margin: 0;
		padding-right: 1px;
	}
	.mainbar.has-sidebar {
		margin-left: 330px;
	}
	@media (min-width: 1511px) {
		.sidebar {
			width: 400px;
		}
		.bar-wrapper.has-sidebar {
			max-width: 1510px;
		}
		.mainbar.has-sidebar {
			margin-left: 410px;
		}
	}
	.section.first-section {
		margin-top: 9px;
	}
	.blocklink small {
		white-space: normal;
	}
	.button {
		vertical-align: middle;
	}
	.replay-controls {
		padding-top: 10px;
	}
	.replay-controls h1 {
		font-size: 16pt;
		font-weight: normal;
		color: #CCC;
	}
	.pagelink {
		text-align: center;
	}
	.pagelink a {
		width: 150px;
	}
	.textbox, .button {
		font-size: 11pt;
		vertical-align: middle;
	}
	@media (max-width: 450px) {
		.button {
			font-size: 9pt;
		}
	}
</style>

<div>

	<header>
		<div class="nav-wrapper"><ul class="nav">
			<li><a class="button nav-first" href="//pokemonshowdown.com/"><img src="//pokemonshowdown.com/images/pokemonshowdownbeta.png" srcset="//pokemonshowdown.com/images/pokemonshowdownbeta.png 1x, //pokemonshowdown.com/images/pokemonshowdownbeta@2x.png 2x" alt="Pok&eacute;mon Showdown" width="146" height="44" /> Home</a></li>
			<li><a class="button" href="//pokemonshowdown.com/dex/">Pok&eacute;dex</a></li>
			<li><a class="button cur" href="/">Replays</a></li>
			<li><a class="button" href="//pokemonshowdown.com/ladder/">Ladder</a></li>
			<li><a class="button nav-last" href="//pokemonshowdown.com/forums/">Forum</a></li>
			<li><a class="button greenbutton nav-first nav-last" href="//play.pokemonshowdown.com/">Play</a></li>
		</ul></div>
	</header>

	<div class="main" id="main">

		<noscript><section class="section">You need to enable JavaScript to use this page; sorry!</section></noscript>

	</div>

</div>

<script defer nomodule src="//play.pokemonshowdown.com/js/lib/ps-polyfill.js"></script>
<script defer src="//play.pokemonshowdown.com/js/lib/preact.min.js"></script>

<script defer src="//play.pokemonshowdown.com/config/config.js?2bddbc15"></script>
<script defer src="//play.pokemonshowdown.com/js/lib/jquery-1.11.0.min.js"></script>
<script defer src="//play.pokemonshowdown.com/js/lib/html-sanitizer-minified.js"></script>
<script defer src="//play.pokemonshowdown.com/js/battle-sound.js"></script>
<script defer src="//play.pokemonshowdown.com/js/battledata.js?0.7209276989879541"></script>
<script defer src="//play.pokemonshowdown.com/data/pokedex-mini.js?0.6111056340867951"></script>
<script defer src="//play.pokemonshowdown.com/data/pokedex-mini-bw.js?0.3532142036491459"></script>
<script defer src="//play.pokemonshowdown.com/data/graphics.js?0.24223875632456182"></script>
<script defer src="//play.pokemonshowdown.com/data/pokedex.js?0.38839984266356864"></script>
<script defer src="//play.pokemonshowdown.com/data/moves.js?0.21866028504024015"></script>
<script defer src="//play.pokemonshowdown.com/data/abilities.js?0.2005157953846628"></script>
<script defer src="//play.pokemonshowdown.com/data/items.js?0.9894211263848525"></script>
<script defer src="//play.pokemonshowdown.com/data/teambuilder-tables.js?0.6008791140282215"></script>
<script defer src="//play.pokemonshowdown.com/js/battle-tooltips.js?0.7580118955022959"></script>
<script defer src="//play.pokemonshowdown.com/js/battle.js?0.6057722274234274"></script>

<script defer src="js/utils.js?e31f9a17"></script>
<script defer src="js/replays-battle.js?7008c182"></script>

<!-- don't scrape this data! just add .json or .log after the URL!
Full API docs: https://github.com/smogon/pokemon-showdown-client/blob/master/WEB-API.md -->
<script type="text/plain" class="log" id="replaylog-smogtours-gen3ou-801213">
|inactive|Battle timer is ON: inactive players will automatically lose when time's up.
|t:|1729617520
|gametype|singles
|player|p1|scald>focusmiss|colress|
|player|p2|bluesenergy00|102|
|teamsize|p1|6
|teamsize|p2|6
|gen|3
|tier|[Gen 3] OU
|rule|Sleep Clause Mod: Limit one foe put to sleep
|rule|Switch Priority Clause Mod: Faster Pokémon switch first
|rule|Species Clause: Limit one of each Pokémon
|rule|OHKO Clause: OHKO moves are banned
|rule|Evasion Items Clause: Evasion items are banned
|rule|Evasion Moves Clause: Evasion moves are banned
|rule|Endless Battle Clause: Forcing endless battles is banned
|rule|HP Percentage Mod: HP is shown in percentages
|rule|One Boost Passer Clause: Limit one Baton Passer that has a way to boost its stats
|rule|Freeze Clause Mod: Limit one foe frozen
|
|t:|1729617520
|start
|switch|p1a: grounded|Zapdos|100/100
|switch|p2a: Tyranitar|Tyranitar, F|100/100
|-weather|Sandstorm|[from] ability: Sand Stream|[of] p2a: Tyranitar
|turn|1
|c|☆bluesenergy00|hf
|
|t:|1729617531
|switch|p1a: leg day|Hariyama, M|100/100
|move|p2a: Tyranitar|Earthquake|p1a: leg day
|-damage|p1a: leg day|66/100
|
|-weather|Sandstorm|[upkeep]
|-damage|p1a: leg day|59/100|[from] Sandstorm
|-heal|p1a: leg day|66/100|[from] item: Leftovers
|upkeep
|turn|2
|c|☆scald>focusmiss|u2
|
|t:|1729617554
|switch|p2a: Starmie|Starmie|100/100
|move|p1a: leg day|Knock Off|p2a: Starmie
|-supereffective|p2a: Starmie
|-crit|p2a: Starmie
|-damage|p2a: Starmie|90/100
|-enditem|p2a: Starmie|Leftovers|[from] move: Knock Off|[of] p1a: leg day
|-hint|In Gens 3-4, Knock Off only makes the target's item unusable; it cannot obtain a new item.
|
|-weather|Sandstorm|[upkeep]
|-damage|p2a: Starmie|84/100|[from] Sandstorm
|-damage|p1a: leg day|59/100|[from] Sandstorm
|-heal|p1a: leg day|66/100|[from] item: Leftovers
|upkeep
|turn|3
|
|t:|1729617561
|switch|p1a: egg|Blissey, F|100/100
|move|p2a: Starmie|Thunder Wave|p1a: egg
|-status|p1a: egg|par
|
|-weather|Sandstorm|[upkeep]
|-damage|p2a: Starmie|77/100|[from] Sandstorm
|-damage|p1a: egg|94/100 par|[from] Sandstorm
|-heal|p1a: egg|100/100 par|[from] item: Leftovers
|upkeep
|turn|4
|
|t:|1729617567
|-curestatus|p1a: egg|par|[from] ability: Natural Cure
|switch|p1a: seeing red|Skarmory, M|100/100
|move|p2a: Starmie|Thunder Wave|p1a: seeing red
|-status|p1a: seeing red|par
|
|-weather|Sandstorm|[upkeep]
|-damage|p2a: Starmie|71/100|[from] Sandstorm
|upkeep
|turn|5
|
|t:|1729617583
|move|p2a: Starmie|Surf|p1a: seeing red
|-damage|p1a: seeing red|71/100 par
|move|p1a: seeing red|Spikes|p2a: Starmie
|-sidestart|p2: bluesenergy00|Spikes
|
|-weather|Sandstorm|[upkeep]
|-damage|p2a: Starmie|65/100|[from] Sandstorm
|-heal|p1a: seeing red|77/100 par|[from] item: Leftovers
|upkeep
|turn|6
|
|t:|1729617593
|move|p2a: Starmie|Recover|p2a: Starmie
|-heal|p2a: Starmie|100/100
|move|p1a: seeing red|Drill Peck|p2a: Starmie
|-damage|p2a: Starmie|74/100
|
|-weather|Sandstorm|[upkeep]
|-damage|p2a: Starmie|68/100|[from] Sandstorm
|-heal|p1a: seeing red|83/100 par|[from] item: Leftovers
|upkeep
|turn|7
|
|t:|1729617599
|move|p1a: seeing red|Protect|p1a: seeing red
|-singleturn|p1a: seeing red|Protect
|move|p2a: Starmie|Rapid Spin|p1a: seeing red
|-activate|p1a: seeing red|Protect
|
|-weather|Sandstorm|[upkeep]
|-damage|p2a: Starmie|62/100|[from] Sandstorm
|-heal|p1a: seeing red|89/100 par|[from] item: Leftovers
|upkeep
|turn|8
|
|t:|1729617604
|switch|p1a: grounded|Zapdos|100/100
|move|p2a: Starmie|Recover|p2a: Starmie
|-heal|p2a: Starmie|100/100
|
|-weather|Sandstorm|[upkeep]
|-damage|p2a: Starmie|94/100|[from] Sandstorm
|-damage|p1a: grounded|94/100|[from] Sandstorm
|-heal|p1a: grounded|100/100|[from] item: Leftovers
|upkeep
|turn|9
|inactive|bluesenergy00 has 270 seconds left.
|
|t:|1729617641
|switch|p2a: Swampert|Swampert, F|100/100
|-damage|p2a: Swampert|88/100|[from] Spikes
|move|p1a: grounded|Toxic|p2a: Swampert|[miss]
|-miss|p1a: grounded|p2a: Swampert
|
|-weather|Sandstorm|[upkeep]
|-damage|p1a: grounded|94/100|[from] Sandstorm
|-heal|p1a: grounded|100/100|[from] item: Leftovers
|-heal|p2a: Swampert|94/100|[from] item: Leftovers
|upkeep
|turn|10
|inactive|bluesenergy00 has 270 seconds left.
|
|t:|1729617649
|switch|p2a: Jirachi|Jirachi|100/100
|-damage|p2a: Jirachi|88/100|[from] Spikes
|move|p1a: grounded|Toxic|p2a: Jirachi
|-immune|p2a: Jirachi
|
|-weather|Sandstorm|[upkeep]
|-damage|p1a: grounded|94/100|[from] Sandstorm
|-heal|p1a: grounded|100/100|[from] item: Leftovers
|-heal|p2a: Jirachi|94/100|[from] item: Leftovers
|upkeep
|turn|11
|
|t:|1729617657
|move|p2a: Jirachi|Body Slam|p1a: grounded
|-damage|p1a: grounded|82/100
|-status|p1a: grounded|par
|move|p1a: grounded|Roar|p2a: Jirachi
|drag|p2a: Swampert|Swampert, F|94/100
|-damage|p2a: Swampert|82/100|[from] Spikes
|
|-weather|Sandstorm|[upkeep]
|-damage|p1a: grounded|76/100 par|[from] Sandstorm
|-heal|p2a: Swampert|88/100|[from] item: Leftovers
|-heal|p1a: grounded|82/100 par|[from] item: Leftovers
|upkeep
|turn|12
|
|t:|1729617666
|move|p2a: Swampert|Ice Beam|p1a: grounded
|-supereffective|p1a: grounded
|-damage|p1a: grounded|43/100 par
|move|p1a: grounded|Toxic|p2a: Swampert
|-status|p2a: Swampert|tox
|
|-weather|Sandstorm|[upkeep]
|-damage|p1a: grounded|36/100 par|[from] Sandstorm
|-heal|p2a: Swampert|94/100 tox|[from] item: Leftovers
|-damage|p2a: Swampert|88/100 tox|[from] psn
|-heal|p1a: grounded|43/100 par|[from] item: Leftovers
|upkeep
|turn|13
|
|t:|1729617683
|switch|p2a: Tyranitar|Tyranitar, F|100/100
|-damage|p2a: Tyranitar|88/100|[from] Spikes
|move|p1a: grounded|Rest|p1a: grounded
|-status|p1a: grounded|slp|[from] move: Rest
|-heal|p1a: grounded|100/100 slp|[silent]
|
|-weather|Sandstorm|[upkeep]
|-damage|p1a: grounded|94/100 slp|[from] Sandstorm
|-heal|p1a: grounded|100/100 slp|[from] item: Leftovers
|upkeep
|turn|14
|
|t:|1729617688
|-singleturn|p2a: Tyranitar|move: Focus Punch
|switch|p1a: downhere|Flygon, F|100/100
|move|p2a: Tyranitar|Focus Punch|p1a: downhere
|-damage|p1a: downhere|57/100
|
|-weather|Sandstorm|[upkeep]
|-heal|p1a: downhere|63/100|[from] item: Leftovers
|upkeep
|turn|15
|
|t:|1729617699
|switch|p2a: Zapdos|Zapdos|100/100
|move|p1a: downhere|Toxic|p2a: Zapdos
|-status|p2a: Zapdos|tox
|
|-weather|Sandstorm|[upkeep]
|-damage|p2a: Zapdos|94/100 tox|[from] Sandstorm
|-heal|p2a: Zapdos|100/100 tox|[from] item: Leftovers
|-damage|p2a: Zapdos|94/100 tox|[from] psn
|-heal|p1a: downhere|69/100|[from] item: Leftovers
|upkeep
|turn|16
|
|t:|1729617705
|move|p1a: downhere|Protect|p1a: downhere
|-singleturn|p1a: downhere|Protect
|move|p2a: Zapdos|Baton Pass|p2a: Zapdos
|
|t:|1729617709
|switch|p2a: Heracross|Heracross, M|100/100|[from] Baton Pass
|-damage|p2a: Heracross|88/100|[from] Spikes
|
|-weather|Sandstorm|[upkeep]
|-damage|p2a: Heracross|82/100|[from] Sandstorm
|-heal|p2a: Heracross|88/100|[from] item: Leftovers
|-heal|p1a: downhere|75/100|[from] item: Leftovers
|upkeep
|turn|17
|
|t:|1729617714
|move|p2a: Heracross|Substitute|p2a: Heracross
|-start|p2a: Heracross|Substitute
|-damage|p2a: Heracross|63/100
|move|p1a: downhere|Rock Slide|p2a: Heracross
|-activate|p2a: Heracross|Substitute|[damage]
|
|-weather|Sandstorm|[upkeep]
|-damage|p2a: Heracross|57/100|[from] Sandstorm
|-heal|p2a: Heracross|63/100|[from] item: Leftovers
|-heal|p1a: downhere|81/100|[from] item: Leftovers
|upkeep
|turn|18
|
|t:|1729617719
|-singleturn|p2a: Heracross|move: Focus Punch
|move|p1a: downhere|Earthquake|p2a: Heracross
|-resisted|p2a: Heracross
|-end|p2a: Heracross|Substitute
|move|p2a: Heracross|Focus Punch|p1a: downhere
|-damage|p1a: downhere|11/100
|
|-weather|Sandstorm|[upkeep]
|-damage|p2a: Heracross|57/100|[from] Sandstorm
|-heal|p2a: Heracross|63/100|[from] item: Leftovers
|-heal|p1a: downhere|17/100|[from] item: Leftovers
|upkeep
|turn|19
|
|t:|1729617727
|switch|p1a: seeing red|Skarmory, M|89/100 par
|move|p2a: Heracross|Substitute|p2a: Heracross
|-start|p2a: Heracross|Substitute
|-damage|p2a: Heracross|39/100
|
|-weather|Sandstorm|[upkeep]
|-damage|p2a: Heracross|33/100|[from] Sandstorm
|-heal|p2a: Heracross|39/100|[from] item: Leftovers
|-heal|p1a: seeing red|95/100 par|[from] item: Leftovers
|upkeep
|turn|20
|
|t:|1729617731
|-singleturn|p2a: Heracross|move: Focus Punch
|move|p2a: Heracross|Focus Punch|p1a: seeing red
|-damage|p1a: seeing red|33/100 par
|move|p1a: seeing red|Roar|p2a: Heracross
|drag|p2a: Starmie|Starmie|94/100
|-damage|p2a: Starmie|82/100|[from] Spikes
|
|-weather|Sandstorm|[upkeep]
|-damage|p2a: Starmie|76/100|[from] Sandstorm
|-heal|p1a: seeing red|39/100 par|[from] item: Leftovers
|upkeep
|turn|21
|
|t:|1729617741
|switch|p1a: egg|Blissey, F|100/100
|move|p2a: Starmie|Rapid Spin|p1a: egg
|-damage|p1a: egg|97/100
|-sideend|p2: bluesenergy00|Spikes|[from] move: Rapid Spin|[of] p2a: Starmie
|
|-weather|Sandstorm|[upkeep]
|-damage|p2a: Starmie|70/100|[from] Sandstorm
|-damage|p1a: egg|91/100|[from] Sandstorm
|-heal|p1a: egg|97/100|[from] item: Leftovers
|upkeep
|turn|22
|
|t:|1729617763
|switch|p2a: Tyranitar|Tyranitar, F|88/100
|move|p1a: egg|Wish|p1a: egg
|
|-weather|Sandstorm|[upkeep]
|-damage|p1a: egg|91/100|[from] Sandstorm
|-heal|p1a: egg|97/100|[from] item: Leftovers
|upkeep
|turn|23
|
|t:|1729617774
|-singleturn|p2a: Tyranitar|move: Focus Punch
|switch|p1a: leg day|Hariyama, M|66/100
|move|p2a: Tyranitar|Focus Punch|p1a: leg day
|-damage|p1a: leg day|21/100
|
|-heal|p1a: leg day|70/100|[from] move: Wish|[wisher] egg
|-weather|Sandstorm|[upkeep]
|-damage|p1a: leg day|64/100|[from] Sandstorm
|-heal|p1a: leg day|70/100|[from] item: Leftovers
|upkeep
|turn|24
|
|t:|1729617784
|switch|p2a: Starmie|Starmie|70/100
|move|p1a: leg day|Brick Break|p2a: Starmie
|-resisted|p2a: Starmie
|-damage|p2a: Starmie|47/100
|
|-weather|Sandstorm|[upkeep]
|-damage|p2a: Starmie|41/100|[from] Sandstorm
|-damage|p1a: leg day|64/100|[from] Sandstorm
|-heal|p1a: leg day|70/100|[from] item: Leftovers
|upkeep
|turn|25
|
|t:|1729617792
|move|p2a: Starmie|Recover|p2a: Starmie
|-heal|p2a: Starmie|91/100
|move|p1a: leg day|Hidden Power|p2a: Starmie
|-supereffective|p2a: Starmie
|-damage|p2a: Starmie|34/100
|
|-weather|Sandstorm|[upkeep]
|-damage|p2a: Starmie|28/100|[from] Sandstorm
|-damage|p1a: leg day|64/100|[from] Sandstorm
|-heal|p1a: leg day|70/100|[from] item: Leftovers
|upkeep
|turn|26
|
|t:|1729617799
|move|p2a: Starmie|Surf|p1a: leg day
|-damage|p1a: leg day|29/100
|move|p1a: leg day|Rock Slide|p2a: Starmie
|-damage|p2a: Starmie|0 fnt
|faint|p2a: Starmie
|
|t:|1729617813
|switch|p2a: Heracross|Heracross, M|39/100
|
|-weather|Sandstorm|[upkeep]
|-damage|p2a: Heracross|33/100|[from] Sandstorm
|-damage|p1a: leg day|23/100|[from] Sandstorm
|-heal|p2a: Heracross|39/100|[from] item: Leftovers
|-heal|p1a: leg day|29/100|[from] item: Leftovers
|upkeep
|turn|27
|
|t:|1729617822
|move|p2a: Heracross|Megahorn|p1a: leg day
|-resisted|p1a: leg day
|-damage|p1a: leg day|0 fnt
|faint|p1a: leg day
|
|t:|1729617826
|switch|p1a: Boeing|Aerodactyl, F|100/100
|
|-weather|Sandstorm|[upkeep]
|-damage|p2a: Heracross|33/100|[from] Sandstorm
|-heal|p2a: Heracross|39/100|[from] item: Leftovers
|upkeep
|turn|28
|
|t:|1729617835
|switch|p1a: grounded|Zapdos|100/100 slp
|switch|p2a: Zapdos|Zapdos|94/100 tox
|
|-weather|Sandstorm|[upkeep]
|-damage|p2a: Zapdos|88/100 tox|[from] Sandstorm
|-damage|p1a: grounded|94/100 slp|[from] Sandstorm
|-heal|p2a: Zapdos|94/100 tox|[from] item: Leftovers
|-damage|p2a: Zapdos|88/100 tox|[from] psn
|-heal|p1a: grounded|100/100 slp|[from] item: Leftovers
|upkeep
|turn|29
|
|t:|1729617847
|switch|p2a: Tyranitar|Tyranitar, F|88/100
|cant|p1a: grounded|slp
|
|-weather|Sandstorm|[upkeep]
|-damage|p1a: grounded|94/100 slp|[from] Sandstorm
|-heal|p1a: grounded|100/100 slp|[from] item: Leftovers
|upkeep
|turn|30
|
|t:|1729617875
|switch|p1a: downhere|Flygon, F|17/100
|move|p2a: Tyranitar|Dragon Dance|p2a: Tyranitar
|-boost|p2a: Tyranitar|atk|1
|-boost|p2a: Tyranitar|spe|1
|
|-weather|Sandstorm|[upkeep]
|-heal|p1a: downhere|23/100|[from] item: Leftovers
|upkeep
|turn|31
|
|t:|1729617881
|move|p2a: Tyranitar|Dragon Dance|p2a: Tyranitar
|-boost|p2a: Tyranitar|atk|1
|-boost|p2a: Tyranitar|spe|1
|move|p1a: downhere|Earthquake|p2a: Tyranitar
|-supereffective|p2a: Tyranitar
|-crit|p2a: Tyranitar
|-damage|p2a: Tyranitar|0 fnt
|faint|p2a: Tyranitar
|
|t:|1729617889
|switch|p2a: Heracross|Heracross, M|39/100
|
|-weather|Sandstorm|[upkeep]
|-damage|p2a: Heracross|33/100|[from] Sandstorm
|-heal|p2a: Heracross|39/100|[from] item: Leftovers
|-heal|p1a: downhere|29/100|[from] item: Leftovers
|upkeep
|turn|32
|
|t:|1729617909
|move|p2a: Heracross|Substitute|p2a: Heracross
|-start|p2a: Heracross|Substitute
|-damage|p2a: Heracross|14/100
|move|p1a: downhere|Rock Slide|p2a: Heracross
|-activate|p2a: Heracross|Substitute|[damage]
|
|-weather|Sandstorm|[upkeep]
|-damage|p2a: Heracross|8/100|[from] Sandstorm
|-heal|p2a: Heracross|14/100|[from] item: Leftovers
|-heal|p1a: downhere|35/100|[from] item: Leftovers
|upkeep
|turn|33
|
|t:|1729617915
|move|p1a: downhere|Protect|p1a: downhere
|-singleturn|p1a: downhere|Protect
|move|p2a: Heracross|Megahorn|p1a: downhere
|-activate|p1a: downhere|Protect
|
|-weather|Sandstorm|[upkeep]
|-damage|p2a: Heracross|8/100|[from] Sandstorm
|-heal|p2a: Heracross|14/100|[from] item: Leftovers
|-heal|p1a: downhere|41/100|[from] item: Leftovers
|upkeep
|turn|34
|
|t:|1729617919
|move|p2a: Heracross|Megahorn|p1a: downhere
|-damage|p1a: downhere|0 fnt
|faint|p1a: downhere
|
|t:|1729617923
|switch|p1a: seeing red|Skarmory, M|39/100 par
|
|-weather|Sandstorm|[upkeep]
|-damage|p2a: Heracross|8/100|[from] Sandstorm
|-heal|p2a: Heracross|14/100|[from] item: Leftovers
|-heal|p1a: seeing red|45/100 par|[from] item: Leftovers
|upkeep
|turn|35
|
|t:|1729617930
|-singleturn|p2a: Heracross|move: Focus Punch
|move|p1a: seeing red|Drill Peck|p2a: Heracross
|-supereffective|p2a: Heracross
|-end|p2a: Heracross|Substitute
|move|p2a: Heracross|Focus Punch|p1a: seeing red
|-damage|p1a: seeing red|0 fnt
|faint|p1a: seeing red
|
|t:|1729617938
|switch|p1a: Boeing|Aerodactyl, F|100/100
|
|-weather|Sandstorm|[upkeep]
|-damage|p2a: Heracross|8/100|[from] Sandstorm
|-heal|p2a: Heracross|14/100|[from] item: Leftovers
|upkeep
|turn|36
|
|t:|1729617943
|switch|p2a: Zapdos|Zapdos|88/100 tox
|move|p1a: Boeing|Double-Edge|p2a: Zapdos
|-damage|p2a: Zapdos|30/100 tox
|
|-weather|Sandstorm|[upkeep]
|-damage|p2a: Zapdos|24/100 tox|[from] Sandstorm
|-heal|p2a: Zapdos|30/100 tox|[from] item: Leftovers
|-damage|p2a: Zapdos|24/100 tox|[from] psn
|upkeep
|turn|37
|
|t:|1729617954
|switch|p2a: Jirachi|Jirachi|94/100
|move|p1a: Boeing|Double-Edge|p2a: Jirachi
|-resisted|p2a: Jirachi
|-damage|p2a: Jirachi|78/100
|
|-weather|Sandstorm|[upkeep]
|-heal|p2a: Jirachi|84/100|[from] item: Leftovers
|upkeep
|turn|38
|
|t:|1729617959
|switch|p1a: grounded|Zapdos|100/100 slp
|move|p2a: Jirachi|Wish|p2a: Jirachi
|
|-weather|Sandstorm|[upkeep]
|-damage|p1a: grounded|94/100 slp|[from] Sandstorm
|-heal|p1a: grounded|100/100 slp|[from] item: Leftovers
|-heal|p2a: Jirachi|90/100|[from] item: Leftovers
|upkeep
|turn|39
|
|t:|1729617968
|switch|p2a: Heracross|Heracross, M|14/100
|cant|p1a: grounded|slp
|
|-heal|p2a: Heracross|64/100|[from] move: Wish|[wisher] Jirachi
|-weather|Sandstorm|[upkeep]
|-damage|p2a: Heracross|58/100|[from] Sandstorm
|-damage|p1a: grounded|94/100 slp|[from] Sandstorm
|-heal|p2a: Heracross|64/100|[from] item: Leftovers
|-heal|p1a: grounded|100/100 slp|[from] item: Leftovers
|upkeep
|turn|40
|
|t:|1729617976
|switch|p2a: Swampert|Swampert, F|88/100 tox
|-curestatus|p1a: grounded|slp|[msg]
|move|p1a: grounded|Roar|p2a: Swampert
|drag|p2a: Heracross|Heracross, M|64/100
|
|-weather|Sandstorm|[upkeep]
|-damage|p2a: Heracross|58/100|[from] Sandstorm
|-damage|p1a: grounded|94/100|[from] Sandstorm
|-heal|p2a: Heracross|64/100|[from] item: Leftovers
|-heal|p1a: grounded|100/100|[from] item: Leftovers
|upkeep
|turn|41
|
|t:|1729617982
|switch|p2a: Swampert|Swampert, F|88/100 tox
|move|p1a: grounded|Thunderbolt|p2a: Swampert
|-immune|p2a: Swampert
|
|-weather|Sandstorm|[upkeep]
|-damage|p1a: grounded|94/100|[from] Sandstorm
|-heal|p1a: grounded|100/100|[from] item: Leftovers
|-heal|p2a: Swampert|94/100 tox|[from] item: Leftovers
|-damage|p2a: Swampert|88/100 tox|[from] psn
|upkeep
|turn|42
|
|t:|1729617990
|switch|p1a: egg|Blissey, F|97/100
|move|p2a: Swampert|Ice Beam|p1a: egg
|-damage|p1a: egg|86/100
|
|-weather|Sandstorm|[upkeep]
|-damage|p1a: egg|80/100|[from] Sandstorm
|-heal|p1a: egg|86/100|[from] item: Leftovers
|-heal|p2a: Swampert|94/100 tox|[from] item: Leftovers
|-damage|p2a: Swampert|82/100 tox|[from] psn
|upkeep
|turn|43
|
|t:|1729617995
|switch|p2a: Jirachi|Jirachi|90/100
|move|p1a: egg|Seismic Toss|p2a: Jirachi
|-damage|p2a: Jirachi|65/100
|
|-weather|Sandstorm|[upkeep]
|-damage|p1a: egg|80/100|[from] Sandstorm
|-heal|p2a: Jirachi|72/100|[from] item: Leftovers
|-heal|p1a: egg|86/100|[from] item: Leftovers
|upkeep
|turn|44
|
|t:|1729618000
|switch|p1a: grounded|Zapdos|100/100
|move|p2a: Jirachi|Body Slam|p1a: grounded
|-damage|p1a: grounded|79/100
|
|-weather|Sandstorm|[upkeep]
|-damage|p1a: grounded|73/100|[from] Sandstorm
|-heal|p1a: grounded|79/100|[from] item: Leftovers
|-heal|p2a: Jirachi|78/100|[from] item: Leftovers
|upkeep
|turn|45
|
|t:|1729618006
|move|p2a: Jirachi|Protect|p2a: Jirachi
|-singleturn|p2a: Jirachi|Protect
|move|p1a: grounded|Thunderbolt|p2a: Jirachi
|-activate|p2a: Jirachi|Protect
|
|-weather|Sandstorm|[upkeep]
|-damage|p1a: grounded|73/100|[from] Sandstorm
|-heal|p1a: grounded|79/100|[from] item: Leftovers
|-heal|p2a: Jirachi|84/100|[from] item: Leftovers
|upkeep
|turn|46
|
|t:|1729618010
|switch|p2a: Swampert|Swampert, F|82/100 tox
|move|p1a: grounded|Thunderbolt|p2a: Swampert
|-immune|p2a: Swampert
|
|-weather|Sandstorm|[upkeep]
|-damage|p1a: grounded|73/100|[from] Sandstorm
|-heal|p1a: grounded|79/100|[from] item: Leftovers
|-heal|p2a: Swampert|88/100 tox|[from] item: Leftovers
|-damage|p2a: Swampert|82/100 tox|[from] psn
|upkeep
|turn|47
|
|t:|1729618015
|switch|p1a: egg|Blissey, F|86/100
|switch|p2a: Jirachi|Jirachi|84/100
|
|-weather|Sandstorm|[upkeep]
|-damage|p1a: egg|80/100|[from] Sandstorm
|-heal|p2a: Jirachi|90/100|[from] item: Leftovers
|-heal|p1a: egg|86/100|[from] item: Leftovers
|upkeep
|turn|48
|
|t:|1729618019
|move|p2a: Jirachi|Body Slam|p1a: egg
|-damage|p1a: egg|65/100
|-status|p1a: egg|par
|move|p1a: egg|Seismic Toss|p2a: Jirachi
|-damage|p2a: Jirachi|65/100
|
|-weather|Sandstorm|[upkeep]
|-damage|p1a: egg|59/100 par|[from] Sandstorm
|-heal|p2a: Jirachi|72/100|[from] item: Leftovers
|-heal|p1a: egg|65/100 par|[from] item: Leftovers
|upkeep
|turn|49
|
|t:|1729618025
|move|p2a: Jirachi|Wish|p2a: Jirachi
|move|p1a: egg|Wish|p1a: egg
|
|-weather|Sandstorm|[upkeep]
|-damage|p1a: egg|59/100 par|[from] Sandstorm
|-heal|p2a: Jirachi|78/100|[from] item: Leftovers
|-heal|p1a: egg|65/100 par|[from] item: Leftovers
|upkeep
|turn|50
|
|t:|1729618038
|-curestatus|p1a: egg|par|[from] ability: Natural Cure
|switch|p1a: grounded|Zapdos|79/100
|move|p2a: Jirachi|Body Slam|p1a: grounded
|-damage|p1a: grounded|60/100
|
|-heal|p2a: Jirachi|100/100|[from] move: Wish|[wisher] Jirachi
|-heal|p1a: grounded|100/100|[from] move: Wish|[wisher] egg
|-weather|Sandstorm|[upkeep]
|-damage|p1a: grounded|94/100|[from] Sandstorm
|-heal|p1a: grounded|100/100|[from] item: Leftovers
|upkeep
|turn|51
|
|t:|1729618044
|switch|p2a: Swampert|Swampert, F|82/100 tox
|move|p1a: grounded|Thunderbolt|p2a: Swampert
|-immune|p2a: Swampert
|
|-weather|Sandstorm|[upkeep]
|-damage|p1a: grounded|94/100|[from] Sandstorm
|-heal|p1a: grounded|100/100|[from] item: Leftovers
|-heal|p2a: Swampert|88/100 tox|[from] item: Leftovers
|-damage|p2a: Swampert|82/100 tox|[from] psn
|upkeep
|turn|52
|
|t:|1729618053
|move|p1a: grounded|Thunderbolt|p2a: Swampert
|-immune|p2a: Swampert
|move|p2a: Swampert|Ice Beam|p1a: grounded
|-supereffective|p1a: grounded
|-damage|p1a: grounded|62/100
|-status|p1a: grounded|frz
|
|-weather|Sandstorm|[upkeep]
|-damage|p1a: grounded|56/100 frz|[from] Sandstorm
|-heal|p1a: grounded|62/100 frz|[from] item: Leftovers
|-heal|p2a: Swampert|88/100 tox|[from] item: Leftovers
|-damage|p2a: Swampert|76/100 tox|[from] psn
|upkeep
|turn|53
|
|t:|1729618064
|switch|p1a: egg|Blissey, F|65/100
|move|p2a: Swampert|Ice Beam|p1a: egg
|-damage|p1a: egg|55/100
|
|-weather|Sandstorm|[upkeep]
|-damage|p1a: egg|49/100|[from] Sandstorm
|-heal|p1a: egg|55/100|[from] item: Leftovers
|-heal|p2a: Swampert|82/100 tox|[from] item: Leftovers
|-damage|p2a: Swampert|63/100 tox|[from] psn
|upkeep
|turn|54
|
|t:|1729618074
|switch|p2a: Heracross|Heracross, M|64/100
|move|p1a: egg|Soft-Boiled|p1a: egg
|-heal|p1a: egg|100/100
|
|-weather|Sandstorm|[upkeep]
|-damage|p2a: Heracross|58/100|[from] Sandstorm
|-damage|p1a: egg|94/100|[from] Sandstorm
|-heal|p2a: Heracross|64/100|[from] item: Leftovers
|-heal|p1a: egg|100/100|[from] item: Leftovers
|upkeep
|turn|55
|
|t:|1729618082
|move|p2a: Heracross|Megahorn|p1a: egg
|-damage|p1a: egg|28/100
|move|p1a: egg|Seismic Toss|p2a: Heracross
|-damage|p2a: Heracross|31/100
|
|-weather|Sandstorm|[upkeep]
|-damage|p2a: Heracross|25/100|[from] Sandstorm
|-damage|p1a: egg|22/100|[from] Sandstorm
|-heal|p2a: Heracross|31/100|[from] item: Leftovers
|-heal|p1a: egg|28/100|[from] item: Leftovers
|upkeep
|turn|56
|
|t:|1729618102
|switch|p1a: grounded|Zapdos|62/100 frz
|move|p2a: Heracross|Rock Slide|p1a: grounded
|-supereffective|p1a: grounded
|-damage|p1a: grounded|6/100 frz
|
|-weather|Sandstorm|[upkeep]
|-damage|p2a: Heracross|25/100|[from] Sandstorm
|-damage|p1a: grounded|0 fnt|[from] Sandstorm
|faint|p1a: grounded
|-heal|p2a: Heracross|31/100|[from] item: Leftovers
|upkeep
|
|t:|1729618106
|switch|p1a: Boeing|Aerodactyl, F|100/100
|turn|57
|
|t:|1729618117
|switch|p2a: Zapdos|Zapdos|24/100 tox
|move|p1a: Boeing|Earthquake|p2a: Zapdos
|-immune|p2a: Zapdos
|
|-weather|Sandstorm|[upkeep]
|-damage|p2a: Zapdos|18/100 tox|[from] Sandstorm
|-heal|p2a: Zapdos|24/100 tox|[from] item: Leftovers
|-damage|p2a: Zapdos|18/100 tox|[from] psn
|upkeep
|turn|58
|
|t:|1729618122
|switch|p1a: egg|Blissey, F|28/100
|move|p2a: Zapdos|Thunderbolt|p1a: egg
|-damage|p1a: egg|13/100
|
|-weather|Sandstorm|[upkeep]
|-damage|p2a: Zapdos|12/100 tox|[from] Sandstorm
|-damage|p1a: egg|6/100|[from] Sandstorm
|-heal|p2a: Zapdos|18/100 tox|[from] item: Leftovers
|-damage|p2a: Zapdos|6/100 tox|[from] psn
|-heal|p1a: egg|13/100|[from] item: Leftovers
|upkeep
|turn|59
|
|t:|1729618128
|move|p2a: Zapdos|Thunderbolt|p1a: egg
|-crit|p1a: egg
|-damage|p1a: egg|0 fnt
|faint|p1a: egg
|
|t:|1729618130
|switch|p1a: Boeing|Aerodactyl, F|100/100
|
|-weather|Sandstorm|[upkeep]
|-damage|p2a: Zapdos|0 fnt|[from] Sandstorm
|faint|p2a: Zapdos
|upkeep
|
|t:|1729618145
|switch|p2a: Jirachi|Jirachi|100/100
|turn|60
|
|t:|1729618159
|move|p1a: Boeing|Earthquake|p2a: Jirachi
|-supereffective|p2a: Jirachi
|-damage|p2a: Jirachi|41/100
|move|p2a: Jirachi|Wish|p2a: Jirachi
|
|-weather|Sandstorm|[upkeep]
|-heal|p2a: Jirachi|47/100|[from] item: Leftovers
|upkeep
|turn|61
|
|t:|1729618164
|move|p2a: Jirachi|Protect|p2a: Jirachi
|-singleturn|p2a: Jirachi|Protect
|move|p1a: Boeing|Earthquake|p2a: Jirachi
|-activate|p2a: Jirachi|Protect
|
|-heal|p2a: Jirachi|97/100|[from] move: Wish|[wisher] Jirachi
|-weather|Sandstorm|[upkeep]
|-heal|p2a: Jirachi|100/100|[from] item: Leftovers
|upkeep
|turn|62
|
|t:|1729618170
|move|p1a: Boeing|Earthquake|p2a: Jirachi
|-supereffective|p2a: Jirachi
|-damage|p2a: Jirachi|43/100
|move|p2a: Jirachi|Body Slam|p1a: Boeing
|-resisted|p1a: Boeing
|-damage|p1a: Boeing|86/100
|-status|p1a: Boeing|par
|
|-weather|Sandstorm|[upkeep]
|-heal|p2a: Jirachi|49/100|[from] item: Leftovers
|upkeep
|turn|63
|
|t:|1729618179
|move|p2a: Jirachi|Protect|p2a: Jirachi
|-singleturn|p2a: Jirachi|Protect
|cant|p1a: Boeing|par
|
|-weather|Sandstorm|[upkeep]
|-heal|p2a: Jirachi|55/100|[from] item: Leftovers
|upkeep
|turn|64
|
|t:|1729618190
|move|p2a: Jirachi|Fire Punch|p1a: Boeing
|-resisted|p1a: Boeing
|-damage|p1a: Boeing|74/100 par
|move|p1a: Boeing|Earthquake|p2a: Jirachi
|-supereffective|p2a: Jirachi
|-damage|p2a: Jirachi|0 fnt
|faint|p2a: Jirachi
|
|t:|1729618198
|switch|p2a: Heracross|Heracross, M|31/100
|
|-weather|Sandstorm|[upkeep]
|-damage|p2a: Heracross|25/100|[from] Sandstorm
|-heal|p2a: Heracross|31/100|[from] item: Leftovers
|upkeep
|turn|65
|
|t:|1729618201
|move|p2a: Heracross|Rock Slide|p1a: Boeing
|-supereffective|p1a: Boeing
|-damage|p1a: Boeing|0 fnt
|faint|p1a: Boeing
|
|win|bluesenergy00
|c|☆scald>focusmiss|gg
|c|☆bluesenergy00|gg

</script>
<script type="application/json" class="data" id="replaydata-smogtours-gen3ou-801213">
{"id":"smogtours-gen3ou-801213","format":"[Gen 3] OU","players":["scald>focusmiss","bluesenergy00"],"uploadtime":1729618201,"views":145,"formatid":"gen3ou","rating":null,"private":0,"password":null}
</script>

<script defer src="js/replays.js?9d40a366"></script>
