<!DOCTYPE html>
<meta charset="utf-8" />
<meta name="viewport" content="width=device-width" />

<title>[Gen 3] OU: Johnathan Gamer vs. Deezcastforms - Replays - Pok&eacute;mon Showdown!</title>

<meta name="description" content="Watch a replay of a Pok&eacute;mon battle between Johnathan Gamer and Deezcastforms! Format: [Gen 3] OU; Date: Oct 6, 2024" />
<!--

Hey, you! Looking in the source for the replay log?

You can find them in JSON format, just add `.json` at the end of a replay URL.

https://replay.pokemonshowdown.com/gen7randomdoublesbattle-865046831.json

Or, if you only need the log itself, add `.log` instead:

https://replay.pokemonshowdown.com/gen7randomdoublesbattle-865046831.log

-->

<link rel="stylesheet" href="//pokemonshowdown.com/style/global.css?0.023195364461161105" />
<link rel="stylesheet" href="//play.pokemonshowdown.com/style/font-awesome.css?0.13261647063804238" />
<link rel="stylesheet" href="//play.pokemonshowdown.com/style/battle.css?0.8753245789963631" />
<link rel="stylesheet" href="//play.pokemonshowdown.com/style/utilichart.css?0.8627959624976733" />

<!-- Global site tag (gtag.js) - Google Analytics -->
<script async src="https://www.googletagmanager.com/gtag/js?id=UA-26211653-1"></script>
<script>
  window.dataLayer = window.dataLayer || [];
  function gtag(){dataLayer.push(arguments);}
  gtag('js', new Date());

  gtag('config', 'UA-26211653-1');
</script>
<!-- End Google Analytics -->
<!-- Venatus Ad Manager - Install in <HEAD> of page -->
	<script src="https://hb.vntsm.com/v3/live/ad-manager.min.js" type="text/javascript" data-site-id="642aba63ec9a7b11c3c9c1be" data-mode="scan" async></script>
<!-- / Venatus Ad Manager -->

<style>
	@media (max-width:820px) {
		.battle {
			margin: 0 auto;
		}
		.battle-log {
			margin: 7px auto 0;
			max-width: 640px;
			height: 300px;
			position: static;
		}
	}
	.optgroup {
		display: inline-block;
		line-height: 22px;
		font-size: 10pt;
	}
	.optgroup .button {
		height: 25px;
		padding-top: 0;
		padding-bottom: 0;
	}
	.optgroup button.button {
		padding-left: 12px;
		padding-right: 12px;
	}
	.linklist {
		list-style: none;
		margin: 0.5em 0;
		padding: 0;
	}
	.linklist li {
		padding: 2px 0;
	}
	.sidebar {
		float: left;
		width: 320px;
	}
	.bar-wrapper {
		max-width: 1100px;
		margin: 0 auto;
	}
	.bar-wrapper.has-sidebar {
		max-width: 1430px;
	}
	.mainbar {
		margin: 0;
		padding-right: 1px;
	}
	.mainbar.has-sidebar {
		margin-left: 330px;
	}
	@media (min-width: 1511px) {
		.sidebar {
			width: 400px;
		}
		.bar-wrapper.has-sidebar {
			max-width: 1510px;
		}
		.mainbar.has-sidebar {
			margin-left: 410px;
		}
	}
	.section.first-section {
		margin-top: 9px;
	}
	.blocklink small {
		white-space: normal;
	}
	.button {
		vertical-align: middle;
	}
	.replay-controls {
		padding-top: 10px;
	}
	.replay-controls h1 {
		font-size: 16pt;
		font-weight: normal;
		color: #CCC;
	}
	.pagelink {
		text-align: center;
	}
	.pagelink a {
		width: 150px;
	}
	.textbox, .button {
		font-size: 11pt;
		vertical-align: middle;
	}
	@media (max-width: 450px) {
		.button {
			font-size: 9pt;
		}
	}
</style>

<div>

	<header>
		<div class="nav-wrapper"><ul class="nav">
			<li><a class="button nav-first" href="//pokemonshowdown.com/"><img src="//pokemonshowdown.com/images/pokemonshowdownbeta.png" srcset="//pokemonshowdown.com/images/pokemonshowdownbeta.png 1x, //pokemonshowdown.com/images/pokemonshowdownbeta@2x.png 2x" alt="Pok&eacute;mon Showdown" width="146" height="44" /> Home</a></li>
			<li><a class="button" href="//pokemonshowdown.com/dex/">Pok&eacute;dex</a></li>
			<li><a class="button cur" href="/">Replays</a></li>
			<li><a class="button" href="//pokemonshowdown.com/ladder/">Ladder</a></li>
			<li><a class="button nav-last" href="//pokemonshowdown.com/forums/">Forum</a></li>
			<li><a class="button greenbutton nav-first nav-last" href="//play.pokemonshowdown.com/">Play</a></li>
		</ul></div>
	</header>

	<div class="main" id="main">

		<noscript><section class="section">You need to enable JavaScript to use this page; sorry!</section></noscript>

	</div>

</div>

<script defer nomodule src="//play.pokemonshowdown.com/js/lib/ps-polyfill.js"></script>
<script defer src="//play.pokemonshowdown.com/js/lib/preact.min.js"></script>

<script defer src="//play.pokemonshowdown.com/config/config.js?2bddbc15"></script>
<script defer src="//play.pokemonshowdown.com/js/lib/jquery-1.11.0.min.js"></script>
<script defer src="//play.pokemonshowdown.com/js/lib/html-sanitizer-minified.js"></script>
<script defer src="//play.pokemonshowdown.com/js/battle-sound.js"></script>
<script defer src="//play.pokemonshowdown.com/js/battledata.js?0.7209276989879541"></script>
<script defer src="//play.pokemonshowdown.com/data/pokedex-mini.js?0.6111056340867951"></script>
<script defer src="//play.pokemonshowdown.com/data/pokedex-mini-bw.js?0.3532142036491459"></script>
<script defer src="//play.pokemonshowdown.com/data/graphics.js?0.24223875632456182"></script>
<script defer src="//play.pokemonshowdown.com/data/pokedex.js?0.38839984266356864"></script>
<script defer src="//play.pokemonshowdown.com/data/moves.js?0.21866028504024015"></script>
<script defer src="//play.pokemonshowdown.com/data/abilities.js?0.2005157953846628"></script>
<script defer src="//play.pokemonshowdown.com/data/items.js?0.9894211263848525"></script>
<script defer src="//play.pokemonshowdown.com/data/teambuilder-tables.js?0.6008791140282215"></script>
<script defer src="//play.pokemonshowdown.com/js/battle-tooltips.js?0.7580118955022959"></script>
<script defer src="//play.pokemonshowdown.com/js/battle.js?0.6057722274234274"></script>

<script defer src="js/utils.js?e31f9a17"></script>
<script defer src="js/replays-battle.js?7008c182"></script>

<!-- don't scrape this data! just add .json or .log after the URL!
Full API docs: https://github.com/smogon/pokemon-showdown-client/blob/master/WEB-API.md -->
<script type="text/plain" class="log" id="replaylog-smogtours-gen3ou-795392">
|inactive|Battle timer is ON: inactive players will automatically lose when time's up.
|t:|1728176957
|gametype|singles
|player|p1|Johnathan Gamer|fisherman-gen4|
|player|p2|Deezcastforms|veteran-gen4|
|teamsize|p1|6
|teamsize|p2|6
|gen|3
|tier|[Gen 3] OU
|rule|Sleep Clause Mod: Limit one foe put to sleep
|rule|Switch Priority Clause Mod: Faster Pokémon switch first
|rule|Species Clause: Limit one of each Pokémon
|rule|OHKO Clause: OHKO moves are banned
|rule|Evasion Items Clause: Evasion items are banned
|rule|Evasion Moves Clause: Evasion moves are banned
|rule|Endless Battle Clause: Forcing endless battles is banned
|rule|HP Percentage Mod: HP is shown in percentages
|rule|One Boost Passer Clause: Limit one Baton Passer that has a way to boost its stats
|rule|Freeze Clause Mod: Limit one foe frozen
|
|t:|1728176957
|start
|switch|p1a: Jolteon|Jolteon, M|100/100
|switch|p2a: Tyranitar|Tyranitar, F|100/100
|-weather|Sandstorm|[from] ability: Sand Stream|[of] p2a: Tyranitar
|turn|1
|
|t:|1728176968
|move|p1a: Jolteon|Substitute|p1a: Jolteon
|-start|p1a: Jolteon|Substitute
|-damage|p1a: Jolteon|76/100
|move|p2a: Tyranitar|Rock Slide|p1a: Jolteon
|-end|p1a: Jolteon|Substitute
|
|-weather|Sandstorm|[upkeep]
|-damage|p1a: Jolteon|69/100|[from] Sandstorm
|-heal|p1a: Jolteon|76/100|[from] item: Leftovers
|upkeep
|turn|2
|
|t:|1728176973
|move|p1a: Jolteon|Baton Pass|p1a: Jolteon
|
|t:|1728176974
|switch|p1a: Flygon|Flygon, M|100/100|[from] Baton Pass
|move|p2a: Tyranitar|Rock Slide|p1a: Flygon
|-resisted|p1a: Flygon
|-damage|p1a: Flygon|54/100
|
|-weather|Sandstorm|[upkeep]
|-heal|p1a: Flygon|60/100|[from] item: Leftovers
|upkeep
|turn|3
|
|t:|1728176985
|switch|p2a: Zapdos|Zapdos|100/100
|move|p1a: Flygon|Earthquake|p2a: Zapdos
|-immune|p2a: Zapdos
|
|-weather|Sandstorm|[upkeep]
|-damage|p2a: Zapdos|94/100|[from] Sandstorm
|-heal|p2a: Zapdos|100/100|[from] item: Leftovers
|-heal|p1a: Flygon|66/100|[from] item: Leftovers
|upkeep
|turn|4
|
|t:|1728176997
|switch|p1a: Tyranitar|Tyranitar, M|100/100
|move|p2a: Zapdos|Hidden Power|p1a: Tyranitar
|-damage|p1a: Tyranitar|77/100
|
|-weather|Sandstorm|[upkeep]
|-damage|p2a: Zapdos|94/100|[from] Sandstorm
|-heal|p2a: Zapdos|100/100|[from] item: Leftovers
|-heal|p1a: Tyranitar|83/100|[from] item: Leftovers
|upkeep
|turn|5
|
|t:|1728177001
|move|p2a: Zapdos|Baton Pass|p2a: Zapdos
|
|t:|1728177004
|switch|p2a: Swampert|Swampert, M|100/100|[from] Baton Pass
|move|p1a: Tyranitar|Dragon Dance|p1a: Tyranitar
|-boost|p1a: Tyranitar|atk|1
|-boost|p1a: Tyranitar|spe|1
|
|-weather|Sandstorm|[upkeep]
|-heal|p1a: Tyranitar|89/100|[from] item: Leftovers
|upkeep
|turn|6
|
|t:|1728177019
|switch|p1a: Salamence|Salamence, F|100/100
|-ability|p1a: Salamence|Intimidate|boost
|-unboost|p2a: Swampert|atk|1
|move|p2a: Swampert|Hydro Pump|p1a: Salamence
|-resisted|p1a: Salamence
|-damage|p1a: Salamence|77/100
|
|-weather|Sandstorm|[upkeep]
|-damage|p1a: Salamence|71/100|[from] Sandstorm
|-heal|p1a: Salamence|77/100|[from] item: Leftovers
|upkeep
|turn|7
|
|t:|1728177036
|move|p2a: Swampert|Protect|p2a: Swampert
|-singleturn|p2a: Swampert|Protect
|move|p1a: Salamence|Hidden Power|p2a: Swampert
|-activate|p2a: Swampert|Protect
|
|-weather|Sandstorm|[upkeep]
|-damage|p1a: Salamence|71/100|[from] Sandstorm
|-heal|p1a: Salamence|77/100|[from] item: Leftovers
|upkeep
|turn|8
|
|t:|1728177047
|move|p1a: Salamence|Dragon Claw|p2a: Swampert
|-damage|p2a: Swampert|66/100
|move|p2a: Swampert|Ice Beam|p1a: Salamence
|-supereffective|p1a: Salamence
|-damage|p1a: Salamence|0 fnt
|faint|p1a: Salamence
|inactive|Johnathan Gamer has 270 seconds left.
|
|t:|1728177079
|switch|p1a: Charizard|Charizard, M|100/100
|
|-weather|Sandstorm|[upkeep]
|-damage|p1a: Charizard|94/100|[from] Sandstorm
|-heal|p2a: Swampert|72/100|[from] item: Leftovers
|upkeep
|turn|9
|inactive|Deezcastforms has 270 seconds left.
|
|t:|1728177122
|switch|p2a: Zapdos|Zapdos|100/100
|move|p1a: Charizard|Substitute|p1a: Charizard
|-start|p1a: Charizard|Substitute
|-damage|p1a: Charizard|70/100
|
|-weather|Sandstorm|[upkeep]
|-damage|p2a: Zapdos|94/100|[from] Sandstorm
|-damage|p1a: Charizard|63/100|[from] Sandstorm
|-heal|p2a: Zapdos|100/100|[from] item: Leftovers
|upkeep
|turn|10
|
|t:|1728177125
|move|p2a: Zapdos|Thunderbolt|p1a: Charizard
|-supereffective|p1a: Charizard
|-end|p1a: Charizard|Substitute
|move|p1a: Charizard|Fire Blast|p2a: Zapdos
|-damage|p2a: Zapdos|31/100
|
|-weather|Sandstorm|[upkeep]
|-damage|p2a: Zapdos|24/100|[from] Sandstorm
|-damage|p1a: Charizard|57/100|[from] Sandstorm
|-heal|p2a: Zapdos|31/100|[from] item: Leftovers
|upkeep
|turn|11
|inactive|Deezcastforms has 270 seconds left.
|
|t:|1728177140
|switch|p1a: Jolteon|Jolteon, M|76/100
|move|p2a: Zapdos|Thunder Wave|p1a: Jolteon
|-status|p1a: Jolteon|par
|
|-weather|Sandstorm|[upkeep]
|-damage|p2a: Zapdos|24/100|[from] Sandstorm
|-damage|p1a: Jolteon|69/100 par|[from] Sandstorm
|-heal|p2a: Zapdos|31/100|[from] item: Leftovers
|-heal|p1a: Jolteon|76/100 par|[from] item: Leftovers
|upkeep
|turn|12
|inactive|Deezcastforms has 270 seconds left.
|
|t:|1728177163
|move|p2a: Zapdos|Baton Pass|p2a: Zapdos
|
|t:|1728177164
|switch|p2a: Tyranitar|Tyranitar, F|100/100|[from] Baton Pass
|move|p1a: Jolteon|Baton Pass|p1a: Jolteon
|
|t:|1728177174
|switch|p1a: Gengar|Gengar, F|100/100|[from] Baton Pass
|
|-weather|Sandstorm|[upkeep]
|-damage|p1a: Gengar|94/100|[from] Sandstorm
|-heal|p1a: Gengar|100/100|[from] item: Leftovers
|upkeep
|turn|13
|inactive|Deezcastforms has 270 seconds left.
|inactive|Deezcastforms has 240 seconds left.
|
|t:|1728177218
|switch|p2a: Jirachi|Jirachi|100/100
|move|p1a: Gengar|Will-O-Wisp|p2a: Jirachi
|-status|p2a: Jirachi|brn
|
|-weather|Sandstorm|[upkeep]
|-damage|p1a: Gengar|94/100|[from] Sandstorm
|-heal|p1a: Gengar|100/100|[from] item: Leftovers
|-damage|p2a: Jirachi|88/100 brn|[from] brn
|upkeep
|turn|14
|
|t:|1728177226
|move|p1a: Gengar|Taunt|p2a: Jirachi
|-start|p2a: Jirachi|move: Taunt
|move|p2a: Jirachi|Fire Punch|p1a: Gengar
|-damage|p1a: Gengar|82/100
|
|-weather|Sandstorm|[upkeep]
|-damage|p1a: Gengar|76/100|[from] Sandstorm
|-heal|p1a: Gengar|82/100|[from] item: Leftovers
|-heal|p2a: Jirachi|94/100 brn|[from] item: Leftovers
|-damage|p2a: Jirachi|82/100 brn|[from] brn
|upkeep
|turn|15
|
|t:|1728177235
|move|p1a: Gengar|Thunderbolt|p2a: Jirachi
|-damage|p2a: Jirachi|65/100 brn
|move|p2a: Jirachi|Fire Punch|p1a: Gengar
|-damage|p1a: Gengar|61/100
|
|-weather|Sandstorm|[upkeep]
|-damage|p1a: Gengar|55/100|[from] Sandstorm
|-heal|p1a: Gengar|61/100|[from] item: Leftovers
|-heal|p2a: Jirachi|71/100 brn|[from] item: Leftovers
|-damage|p2a: Jirachi|59/100 brn|[from] brn
|-end|p2a: Jirachi|move: Taunt|[silent]
|upkeep
|turn|16
|
|t:|1728177246
|switch|p1a: Jolteon|Jolteon, M|76/100 par
|move|p2a: Jirachi|Wish|p2a: Jirachi
|
|-weather|Sandstorm|[upkeep]
|-damage|p1a: Jolteon|69/100 par|[from] Sandstorm
|-heal|p2a: Jirachi|65/100 brn|[from] item: Leftovers
|-damage|p2a: Jirachi|53/100 brn|[from] brn
|-heal|p1a: Jolteon|76/100 par|[from] item: Leftovers
|upkeep
|turn|17
|inactive|Deezcastforms has 240 seconds left.
|
|t:|1728177272
|move|p2a: Jirachi|Fire Punch|p1a: Jolteon
|-damage|p1a: Jolteon|54/100 par
|move|p1a: Jolteon|Substitute|p1a: Jolteon
|-start|p1a: Jolteon|Substitute
|-damage|p1a: Jolteon|29/100 par
|
|-heal|p2a: Jirachi|100/100 brn|[from] move: Wish|[wisher] Jirachi
|-weather|Sandstorm|[upkeep]
|-damage|p1a: Jolteon|23/100 par|[from] Sandstorm
|-damage|p2a: Jirachi|88/100 brn|[from] brn
|-heal|p1a: Jolteon|29/100 par|[from] item: Leftovers
|upkeep
|turn|18
|inactive|Deezcastforms has 240 seconds left.
|
|t:|1728177296
|move|p2a: Jirachi|Wish|p2a: Jirachi
|move|p1a: Jolteon|Baton Pass|p1a: Jolteon
|
|t:|1728177299
|switch|p1a: Charizard|Charizard, M|57/100|[from] Baton Pass
|
|-weather|Sandstorm|[upkeep]
|-damage|p1a: Charizard|51/100|[from] Sandstorm
|-heal|p2a: Jirachi|94/100 brn|[from] item: Leftovers
|-damage|p2a: Jirachi|82/100 brn|[from] brn
|upkeep
|turn|19
|inactive|Deezcastforms has 210 seconds left.
|
|t:|1728177331
|move|p1a: Charizard|Fire Blast|p2a: Jirachi
|-supereffective|p2a: Jirachi
|-damage|p2a: Jirachi|0 fnt
|faint|p2a: Jirachi
|
|t:|1728177334
|switch|p2a: Zapdos|Zapdos|31/100
|
|-heal|p2a: Zapdos|81/100|[from] move: Wish|[wisher] Jirachi
|-weather|Sandstorm|[upkeep]
|-damage|p2a: Zapdos|74/100|[from] Sandstorm
|-damage|p1a: Charizard|45/100|[from] Sandstorm
|-heal|p2a: Zapdos|81/100|[from] item: Leftovers
|upkeep
|turn|20
|
|t:|1728177354
|move|p2a: Zapdos|Thunderbolt|p1a: Charizard
|-supereffective|p1a: Charizard
|-end|p1a: Charizard|Substitute
|move|p1a: Charizard|Substitute|p1a: Charizard
|-start|p1a: Charizard|Substitute
|-damage|p1a: Charizard|20/100
|
|-weather|Sandstorm|[upkeep]
|-damage|p2a: Zapdos|74/100|[from] Sandstorm
|-damage|p1a: Charizard|14/100|[from] Sandstorm
|-heal|p2a: Zapdos|81/100|[from] item: Leftovers
|-enditem|p1a: Charizard|Petaya Berry|[eat]
|-boost|p1a: Charizard|spa|1|[from] item: Petaya Berry
|upkeep
|turn|21
|inactive|Deezcastforms has 210 seconds left.
|
|t:|1728177397
|switch|p2a: Tyranitar|Tyranitar, F|100/100
|move|p1a: Charizard|Fire Blast|p2a: Tyranitar
|-resisted|p2a: Tyranitar
|-damage|p2a: Tyranitar|32/100
|
|-weather|Sandstorm|[upkeep]
|-damage|p1a: Charizard|8/100|[from] Sandstorm
|upkeep
|turn|22
|inactive|Deezcastforms has 180 seconds left.
|
|t:|1728177412
|move|p1a: Charizard|Hidden Power|p2a: Tyranitar
|-supereffective|p2a: Tyranitar
|-damage|p2a: Tyranitar|0 fnt
|faint|p2a: Tyranitar
|
|t:|1728177415
|switch|p2a: Swampert|Swampert, M|72/100
|
|-weather|Sandstorm|[upkeep]
|-damage|p1a: Charizard|2/100|[from] Sandstorm
|-heal|p2a: Swampert|78/100|[from] item: Leftovers
|upkeep
|turn|23
|
|t:|1728177423
|switch|p1a: Gengar|Gengar, F|61/100
|move|p2a: Swampert|Protect||[still]
|-fail|p2a: Swampert
|
|-weather|Sandstorm|[upkeep]
|-damage|p1a: Gengar|55/100|[from] Sandstorm
|-heal|p1a: Gengar|61/100|[from] item: Leftovers
|-heal|p2a: Swampert|84/100|[from] item: Leftovers
|upkeep
|turn|24
|inactive|Deezcastforms has 180 seconds left.
|
|t:|1728177448
|move|p2a: Swampert|Protect|p2a: Swampert
|-singleturn|p2a: Swampert|Protect
|move|p1a: Gengar|Ice Punch|p2a: Swampert
|-activate|p2a: Swampert|Protect
|
|-weather|Sandstorm|[upkeep]
|-damage|p1a: Gengar|55/100|[from] Sandstorm
|-heal|p1a: Gengar|61/100|[from] item: Leftovers
|-heal|p2a: Swampert|90/100|[from] item: Leftovers
|upkeep
|turn|25
|
|t:|1728177455
|move|p1a: Gengar|Will-O-Wisp|p2a: Swampert
|-status|p2a: Swampert|brn
|move|p2a: Swampert|Hydro Pump|p1a: Gengar
|-damage|p1a: Gengar|18/100
|
|-weather|Sandstorm|[upkeep]
|-damage|p1a: Gengar|12/100|[from] Sandstorm
|-heal|p1a: Gengar|18/100|[from] item: Leftovers
|-heal|p2a: Swampert|97/100 brn|[from] item: Leftovers
|-damage|p2a: Swampert|84/100 brn|[from] brn
|upkeep
|turn|26
|
|t:|1728177467
|switch|p2a: Skarmory|Skarmory, M|100/100
|move|p1a: Gengar|Ice Punch|p2a: Skarmory
|-damage|p2a: Skarmory|82/100
|
|-weather|Sandstorm|[upkeep]
|-damage|p1a: Gengar|12/100|[from] Sandstorm
|-heal|p1a: Gengar|18/100|[from] item: Leftovers
|-heal|p2a: Skarmory|88/100|[from] item: Leftovers
|upkeep
|turn|27
|
|t:|1728177476
|move|p1a: Gengar|Taunt|p2a: Skarmory
|-start|p2a: Skarmory|move: Taunt
|move|p2a: Skarmory|Drill Peck|p1a: Gengar
|-damage|p1a: Gengar|0 fnt
|faint|p1a: Gengar
|
|t:|1728177480
|switch|p1a: Charizard|Charizard, M|2/100
|
|-weather|Sandstorm|[upkeep]
|-damage|p1a: Charizard|0 fnt|[from] Sandstorm
|faint|p1a: Charizard
|-heal|p2a: Skarmory|94/100|[from] item: Leftovers
|upkeep
|
|t:|1728177483
|switch|p1a: Jolteon|Jolteon, M|29/100 par
|turn|28
|inactive|Deezcastforms has 210 seconds left.
|
|t:|1728177515
|move|p2a: Skarmory|Drill Peck|p1a: Jolteon
|-resisted|p1a: Jolteon
|-damage|p1a: Jolteon|9/100 par
|move|p1a: Jolteon|Baton Pass|p1a: Jolteon
|
|t:|1728177520
|switch|p1a: Tyranitar|Tyranitar, M|89/100|[from] Baton Pass
|
|-weather|Sandstorm|[upkeep]
|-heal|p1a: Tyranitar|96/100|[from] item: Leftovers
|-heal|p2a: Skarmory|99/100|[from] item: Leftovers
|-end|p2a: Skarmory|move: Taunt|[silent]
|upkeep
|turn|29
|
|t:|1728177527
|move|p1a: Tyranitar|Dragon Dance|p1a: Tyranitar
|-boost|p1a: Tyranitar|atk|1
|-boost|p1a: Tyranitar|spe|1
|move|p2a: Skarmory|Roar|p1a: Tyranitar
|drag|p1a: Flygon|Flygon, M|66/100
|
|-weather|Sandstorm|[upkeep]
|-heal|p1a: Flygon|72/100|[from] item: Leftovers
|-heal|p2a: Skarmory|100/100|[from] item: Leftovers
|upkeep
|turn|30
|
|t:|1728177533
|move|p1a: Flygon|Rock Slide|p2a: Skarmory
|-damage|p2a: Skarmory|83/100
|move|p2a: Skarmory|Spikes|p1a: Flygon
|-sidestart|p1: Johnathan Gamer|Spikes
|
|-weather|Sandstorm|[upkeep]
|-heal|p1a: Flygon|78/100|[from] item: Leftovers
|-heal|p2a: Skarmory|89/100|[from] item: Leftovers
|upkeep
|turn|31
|
|t:|1728177537
|move|p1a: Flygon|Rock Slide|p2a: Skarmory
|-damage|p2a: Skarmory|71/100
|move|p2a: Skarmory|Spikes|p1a: Flygon
|-sidestart|p1: Johnathan Gamer|Spikes
|
|-weather|Sandstorm|[upkeep]
|-heal|p1a: Flygon|84/100|[from] item: Leftovers
|-heal|p2a: Skarmory|77/100|[from] item: Leftovers
|upkeep
|turn|32
|
|t:|1728177540
|move|p2a: Skarmory|Protect|p2a: Skarmory
|-singleturn|p2a: Skarmory|Protect
|move|p1a: Flygon|Rock Slide|p2a: Skarmory
|-activate|p2a: Skarmory|Protect
|
|-weather|Sandstorm|[upkeep]
|-heal|p1a: Flygon|90/100|[from] item: Leftovers
|-heal|p2a: Skarmory|83/100|[from] item: Leftovers
|upkeep
|turn|33
|
|t:|1728177544
|move|p1a: Flygon|Rock Slide|p2a: Skarmory
|-damage|p2a: Skarmory|65/100
|cant|p2a: Skarmory|flinch
|
|-weather|Sandstorm|[upkeep]
|-heal|p1a: Flygon|96/100|[from] item: Leftovers
|-heal|p2a: Skarmory|71/100|[from] item: Leftovers
|upkeep
|turn|34
|
|t:|1728177546
|move|p2a: Skarmory|Protect|p2a: Skarmory
|-singleturn|p2a: Skarmory|Protect
|move|p1a: Flygon|Rock Slide|p2a: Skarmory
|-activate|p2a: Skarmory|Protect
|
|-weather|Sandstorm|[upkeep]
|-heal|p1a: Flygon|100/100|[from] item: Leftovers
|-heal|p2a: Skarmory|77/100|[from] item: Leftovers
|upkeep
|turn|35
|
|t:|1728177548
|move|p1a: Flygon|Rock Slide|p2a: Skarmory
|-damage|p2a: Skarmory|60/100
|move|p2a: Skarmory|Spikes|p1a: Flygon
|-sidestart|p1: Johnathan Gamer|Spikes
|
|-weather|Sandstorm|[upkeep]
|-heal|p2a: Skarmory|66/100|[from] item: Leftovers
|upkeep
|turn|36
|
|t:|1728177551
|move|p2a: Skarmory|Protect|p2a: Skarmory
|-singleturn|p2a: Skarmory|Protect
|move|p1a: Flygon|Rock Slide|p2a: Skarmory
|-activate|p2a: Skarmory|Protect
|
|-weather|Sandstorm|[upkeep]
|-heal|p2a: Skarmory|72/100|[from] item: Leftovers
|upkeep
|turn|37
|inactive|Deezcastforms has 270 seconds left.
|
|t:|1728177556
|move|p1a: Flygon|Rock Slide|p2a: Skarmory
|-damage|p2a: Skarmory|56/100
|move|p2a: Skarmory|Roar|p1a: Flygon
|drag|p1a: Jolteon|Jolteon, M|9/100 par
|-damage|p1a: Jolteon|0 fnt|[from] Spikes
|faint|p1a: Jolteon
|
|t:|1728177561
|switch|p1a: Flygon|Flygon, M|100/100
|
|-weather|Sandstorm|[upkeep]
|-heal|p2a: Skarmory|62/100|[from] item: Leftovers
|upkeep
|turn|38
|
|t:|1728177569
|move|p1a: Flygon|Hidden Power|p2a: Skarmory
|-resisted|p2a: Skarmory
|-damage|p2a: Skarmory|58/100
|move|p2a: Skarmory|Roar|p1a: Flygon
|drag|p1a: Tyranitar|Tyranitar, M|96/100
|-damage|p1a: Tyranitar|71/100|[from] Spikes
|
|-weather|Sandstorm|[upkeep]
|-heal|p1a: Tyranitar|77/100|[from] item: Leftovers
|-heal|p2a: Skarmory|64/100|[from] item: Leftovers
|upkeep
|turn|39
|
|t:|1728177573
|move|p1a: Tyranitar|Rock Slide|p2a: Skarmory
|-damage|p2a: Skarmory|35/100
|cant|p2a: Skarmory|flinch
|
|-weather|Sandstorm|[upkeep]
|-heal|p1a: Tyranitar|83/100|[from] item: Leftovers
|-heal|p2a: Skarmory|41/100|[from] item: Leftovers
|upkeep
|turn|40
|
|t:|1728177575
|move|p1a: Tyranitar|Rock Slide|p2a: Skarmory
|-damage|p2a: Skarmory|11/100
|move|p2a: Skarmory|Roar|p1a: Tyranitar
|drag|p1a: Flygon|Flygon, M|100/100
|
|-weather|Sandstorm|[upkeep]
|-heal|p2a: Skarmory|17/100|[from] item: Leftovers
|upkeep
|turn|41
|
|t:|1728177578
|move|p1a: Flygon|Rock Slide|p2a: Skarmory
|-damage|p2a: Skarmory|0 fnt
|faint|p2a: Skarmory
|
|t:|1728177581
|switch|p2a: Zapdos|Zapdos|81/100
|
|-weather|Sandstorm|[upkeep]
|-damage|p2a: Zapdos|74/100|[from] Sandstorm
|-heal|p2a: Zapdos|81/100|[from] item: Leftovers
|upkeep
|turn|42
|
|t:|1728177585
|move|p2a: Zapdos|Hidden Power|p1a: Flygon
|-supereffective|p1a: Flygon
|-damage|p1a: Flygon|0 fnt
|faint|p1a: Flygon
|
|t:|1728177586
|switch|p1a: Tyranitar|Tyranitar, M|83/100
|-damage|p1a: Tyranitar|58/100|[from] Spikes
|
|-weather|Sandstorm|[upkeep]
|-damage|p2a: Zapdos|74/100|[from] Sandstorm
|-heal|p2a: Zapdos|81/100|[from] item: Leftovers
|-heal|p1a: Tyranitar|64/100|[from] item: Leftovers
|upkeep
|turn|43
|
|t:|1728177590
|move|p2a: Zapdos|Thunder Wave|p1a: Tyranitar
|-status|p1a: Tyranitar|par
|cant|p1a: Tyranitar|par
|
|-weather|Sandstorm|[upkeep]
|-damage|p2a: Zapdos|74/100|[from] Sandstorm
|-heal|p2a: Zapdos|81/100|[from] item: Leftovers
|-heal|p1a: Tyranitar|70/100 par|[from] item: Leftovers
|upkeep
|turn|44
|
|t:|1728177592
|move|p2a: Zapdos|Thunderbolt|p1a: Tyranitar
|-damage|p1a: Tyranitar|20/100 par
|move|p1a: Tyranitar|Rock Slide|p2a: Zapdos
|-supereffective|p2a: Zapdos
|-damage|p2a: Zapdos|0 fnt
|faint|p2a: Zapdos
|
|t:|1728177594
|switch|p2a: Aerodactyl|Aerodactyl, F|100/100
|
|-weather|Sandstorm|[upkeep]
|-heal|p1a: Tyranitar|26/100 par|[from] item: Leftovers
|upkeep
|turn|45
|c|☆Johnathan Gamer|ggs
|c|☆Deezcastforms|ggs
|
|t:|1728177598
|move|p2a: Aerodactyl|Earthquake|p1a: Tyranitar
|-supereffective|p1a: Tyranitar
|-damage|p1a: Tyranitar|0 fnt
|faint|p1a: Tyranitar
|
|win|Deezcastforms

</script>
<script type="application/json" class="data" id="replaydata-smogtours-gen3ou-795392">
{"id":"smogtours-gen3ou-795392","format":"[Gen 3] OU","players":["Johnathan Gamer","Deezcastforms"],"uploadtime":1728177598,"views":132,"formatid":"gen3ou","rating":null,"private":0,"password":null}
</script>

<script defer src="js/replays.js?9d40a366"></script>
