<!DOCTYPE html>
<meta charset="utf-8" />
<meta name="viewport" content="width=device-width" />

<title>[Gen 3] OU: smollest brian vs. lraven17 - Replays - Pok&eacute;mon Showdown!</title>

<meta name="description" content="Watch a replay of a Pok&eacute;mon battle between smollest brian and lraven17! Format: [Gen 3] OU; Date: Oct 11, 2024" />
<!--

Hey, you! Looking in the source for the replay log?

You can find them in JSON format, just add `.json` at the end of a replay URL.

https://replay.pokemonshowdown.com/gen7randomdoublesbattle-865046831.json

Or, if you only need the log itself, add `.log` instead:

https://replay.pokemonshowdown.com/gen7randomdoublesbattle-865046831.log

-->

<link rel="stylesheet" href="//pokemonshowdown.com/style/global.css?0.023195364461161105" />
<link rel="stylesheet" href="//play.pokemonshowdown.com/style/font-awesome.css?0.13261647063804238" />
<link rel="stylesheet" href="//play.pokemonshowdown.com/style/battle.css?0.8753245789963631" />
<link rel="stylesheet" href="//play.pokemonshowdown.com/style/utilichart.css?0.8627959624976733" />

<!-- Global site tag (gtag.js) - Google Analytics -->
<script async src="https://www.googletagmanager.com/gtag/js?id=UA-26211653-1"></script>
<script>
  window.dataLayer = window.dataLayer || [];
  function gtag(){dataLayer.push(arguments);}
  gtag('js', new Date());

  gtag('config', 'UA-26211653-1');
</script>
<!-- End Google Analytics -->
<!-- Venatus Ad Manager - Install in <HEAD> of page -->
	<script src="https://hb.vntsm.com/v3/live/ad-manager.min.js" type="text/javascript" data-site-id="642aba63ec9a7b11c3c9c1be" data-mode="scan" async></script>
<!-- / Venatus Ad Manager -->

<style>
	@media (max-width:820px) {
		.battle {
			margin: 0 auto;
		}
		.battle-log {
			margin: 7px auto 0;
			max-width: 640px;
			height: 300px;
			position: static;
		}
	}
	.optgroup {
		display: inline-block;
		line-height: 22px;
		font-size: 10pt;
	}
	.optgroup .button {
		height: 25px;
		padding-top: 0;
		padding-bottom: 0;
	}
	.optgroup button.button {
		padding-left: 12px;
		padding-right: 12px;
	}
	.linklist {
		list-style: none;
		margin: 0.5em 0;
		padding: 0;
	}
	.linklist li {
		padding: 2px 0;
	}
	.sidebar {
		float: left;
		width: 320px;
	}
	.bar-wrapper {
		max-width: 1100px;
		margin: 0 auto;
	}
	.bar-wrapper.has-sidebar {
		max-width: 1430px;
	}
	.mainbar {
		margin: 0;
		padding-right: 1px;
	}
	.mainbar.has-sidebar {
		margin-left: 330px;
	}
	@media (min-width: 1511px) {
		.sidebar {
			width: 400px;
		}
		.bar-wrapper.has-sidebar {
			max-width: 1510px;
		}
		.mainbar.has-sidebar {
			margin-left: 410px;
		}
	}
	.section.first-section {
		margin-top: 9px;
	}
	.blocklink small {
		white-space: normal;
	}
	.button {
		vertical-align: middle;
	}
	.replay-controls {
		padding-top: 10px;
	}
	.replay-controls h1 {
		font-size: 16pt;
		font-weight: normal;
		color: #CCC;
	}
	.pagelink {
		text-align: center;
	}
	.pagelink a {
		width: 150px;
	}
	.textbox, .button {
		font-size: 11pt;
		vertical-align: middle;
	}
	@media (max-width: 450px) {
		.button {
			font-size: 9pt;
		}
	}
</style>

<div>

	<header>
		<div class="nav-wrapper"><ul class="nav">
			<li><a class="button nav-first" href="//pokemonshowdown.com/"><img src="//pokemonshowdown.com/images/pokemonshowdownbeta.png" srcset="//pokemonshowdown.com/images/pokemonshowdownbeta.png 1x, //pokemonshowdown.com/images/pokemonshowdownbeta@2x.png 2x" alt="Pok&eacute;mon Showdown" width="146" height="44" /> Home</a></li>
			<li><a class="button" href="//pokemonshowdown.com/dex/">Pok&eacute;dex</a></li>
			<li><a class="button cur" href="/">Replays</a></li>
			<li><a class="button" href="//pokemonshowdown.com/ladder/">Ladder</a></li>
			<li><a class="button nav-last" href="//pokemonshowdown.com/forums/">Forum</a></li>
			<li><a class="button greenbutton nav-first nav-last" href="//play.pokemonshowdown.com/">Play</a></li>
		</ul></div>
	</header>

	<div class="main" id="main">

		<noscript><section class="section">You need to enable JavaScript to use this page; sorry!</section></noscript>

	</div>

</div>

<script defer nomodule src="//play.pokemonshowdown.com/js/lib/ps-polyfill.js"></script>
<script defer src="//play.pokemonshowdown.com/js/lib/preact.min.js"></script>

<script defer src="//play.pokemonshowdown.com/config/config.js?2bddbc15"></script>
<script defer src="//play.pokemonshowdown.com/js/lib/jquery-1.11.0.min.js"></script>
<script defer src="//play.pokemonshowdown.com/js/lib/html-sanitizer-minified.js"></script>
<script defer src="//play.pokemonshowdown.com/js/battle-sound.js"></script>
<script defer src="//play.pokemonshowdown.com/js/battledata.js?0.7209276989879541"></script>
<script defer src="//play.pokemonshowdown.com/data/pokedex-mini.js?0.6111056340867951"></script>
<script defer src="//play.pokemonshowdown.com/data/pokedex-mini-bw.js?0.3532142036491459"></script>
<script defer src="//play.pokemonshowdown.com/data/graphics.js?0.24223875632456182"></script>
<script defer src="//play.pokemonshowdown.com/data/pokedex.js?0.38839984266356864"></script>
<script defer src="//play.pokemonshowdown.com/data/moves.js?0.21866028504024015"></script>
<script defer src="//play.pokemonshowdown.com/data/abilities.js?0.2005157953846628"></script>
<script defer src="//play.pokemonshowdown.com/data/items.js?0.9894211263848525"></script>
<script defer src="//play.pokemonshowdown.com/data/teambuilder-tables.js?0.6008791140282215"></script>
<script defer src="//play.pokemonshowdown.com/js/battle-tooltips.js?0.7580118955022959"></script>
<script defer src="//play.pokemonshowdown.com/js/battle.js?0.6057722274234274"></script>

<script defer src="js/utils.js?e31f9a17"></script>
<script defer src="js/replays-battle.js?7008c182"></script>

<!-- don't scrape this data! just add .json or .log after the URL!
Full API docs: https://github.com/smogon/pokemon-showdown-client/blob/master/WEB-API.md -->
<script type="text/plain" class="log" id="replaylog-smogtours-gen3ou-797097">
|inactive|Battle timer is ON: inactive players will automatically lose when time's up.
|t:|1728607027
|gametype|singles
|player|p1|smollest brian|miku-ground|
|player|p2|lraven17|2|
|teamsize|p1|6
|teamsize|p2|6
|gen|3
|tier|[Gen 3] OU
|rule|Sleep Clause Mod: Limit one foe put to sleep
|rule|Switch Priority Clause Mod: Faster Pokémon switch first
|rule|Species Clause: Limit one of each Pokémon
|rule|OHKO Clause: OHKO moves are banned
|rule|Evasion Items Clause: Evasion items are banned
|rule|Evasion Moves Clause: Evasion moves are banned
|rule|Endless Battle Clause: Forcing endless battles is banned
|rule|HP Percentage Mod: HP is shown in percentages
|rule|One Boost Passer Clause: Limit one Baton Passer that has a way to boost its stats
|rule|Freeze Clause Mod: Limit one foe frozen
|
|t:|1728607027
|start
|switch|p1a: Tyranitar|Tyranitar, F|100/100
|switch|p2a: Metagross|Metagross|100/100
|-weather|Sandstorm|[from] ability: Sand Stream|[of] p1a: Tyranitar
|turn|1
|
|t:|1728607041
|switch|p1a: Skarmory|Skarmory, F|100/100
|move|p2a: Metagross|Earthquake|p1a: Skarmory
|-immune|p1a: Skarmory
|
|-weather|Sandstorm|[upkeep]
|upkeep
|turn|2
|
|t:|1728607044
|switch|p2a: Heracross|Heracross, F|100/100
|move|p1a: Skarmory|Roar|p2a: Heracross
|drag|p2a: Tyranitar|Tyranitar, M|100/100
|
|-weather|Sandstorm|[upkeep]
|upkeep
|turn|3
|
|t:|1728607048
|switch|p2a: Metagross|Metagross|100/100
|move|p1a: Skarmory|Spikes|p2a: Metagross
|-sidestart|p2: lraven17|Spikes
|
|-weather|Sandstorm|[upkeep]
|upkeep
|turn|4
|
|t:|1728607051
|move|p1a: Skarmory|Protect|p1a: Skarmory
|-singleturn|p1a: Skarmory|Protect
|move|p2a: Metagross|Meteor Mash|p1a: Skarmory|[miss]
|-miss|p2a: Metagross|p1a: Skarmory
|
|-weather|Sandstorm|[upkeep]
|upkeep
|turn|5
|
|t:|1728607055
|move|p2a: Metagross|Meteor Mash|p1a: Skarmory
|-resisted|p1a: Skarmory
|-damage|p1a: Skarmory|65/100
|move|p1a: Skarmory|Spikes|p2a: Metagross
|-sidestart|p2: lraven17|Spikes
|
|-weather|Sandstorm|[upkeep]
|-heal|p1a: Skarmory|71/100|[from] item: Leftovers
|upkeep
|turn|6
|
|t:|1728607059
|move|p1a: Skarmory|Protect|p1a: Skarmory
|-singleturn|p1a: Skarmory|Protect
|move|p2a: Metagross|Meteor Mash|p1a: Skarmory
|-activate|p1a: Skarmory|Protect
|
|-weather|Sandstorm|[upkeep]
|-heal|p1a: Skarmory|77/100|[from] item: Leftovers
|upkeep
|turn|7
|
|t:|1728607061
|move|p2a: Metagross|Meteor Mash|p1a: Skarmory
|-resisted|p1a: Skarmory
|-damage|p1a: Skarmory|43/100
|move|p1a: Skarmory|Spikes|p2a: Metagross
|-sidestart|p2: lraven17|Spikes
|
|-weather|Sandstorm|[upkeep]
|-heal|p1a: Skarmory|49/100|[from] item: Leftovers
|upkeep
|turn|8
|
|t:|1728607065
|move|p1a: Skarmory|Protect|p1a: Skarmory
|-singleturn|p1a: Skarmory|Protect
|move|p2a: Metagross|Meteor Mash|p1a: Skarmory
|-activate|p1a: Skarmory|Protect
|
|-weather|Sandstorm|[upkeep]
|-heal|p1a: Skarmory|55/100|[from] item: Leftovers
|upkeep
|turn|9
|
|t:|1728607071
|switch|p1a: Moltres|Moltres|100/100
|move|p2a: Metagross|Meteor Mash|p1a: Moltres
|-resisted|p1a: Moltres
|-damage|p1a: Moltres|51/100
|
|-weather|Sandstorm|[upkeep]
|-damage|p1a: Moltres|44/100|[from] Sandstorm
|-heal|p1a: Moltres|51/100|[from] item: Leftovers
|upkeep
|turn|10
|
|t:|1728607075
|switch|p2a: Gyarados|Gyarados, F|100/100
|-ability|p2a: Gyarados|Intimidate|boost
|-unboost|p1a: Moltres|atk|1
|move|p1a: Moltres|Flamethrower|p2a: Gyarados
|-resisted|p2a: Gyarados
|-damage|p2a: Gyarados|77/100
|
|-weather|Sandstorm|[upkeep]
|-damage|p1a: Moltres|44/100|[from] Sandstorm
|-damage|p2a: Gyarados|70/100|[from] Sandstorm
|-heal|p1a: Moltres|51/100|[from] item: Leftovers
|-heal|p2a: Gyarados|77/100|[from] item: Leftovers
|upkeep
|turn|11
|
|t:|1728607087
|switch|p1a: Skarmory|Skarmory, F|55/100
|move|p2a: Gyarados|Thunder Wave|p1a: Skarmory
|-status|p1a: Skarmory|par
|
|-weather|Sandstorm|[upkeep]
|-damage|p2a: Gyarados|70/100|[from] Sandstorm
|-heal|p2a: Gyarados|77/100|[from] item: Leftovers
|-heal|p1a: Skarmory|61/100 par|[from] item: Leftovers
|upkeep
|turn|12
|
|t:|1728607094
|switch|p2a: Snorlax|Snorlax, F|100/100
|-damage|p2a: Snorlax|76/100|[from] Spikes
|move|p1a: Skarmory|Roar|p2a: Snorlax
|drag|p2a: Gyarados|Gyarados, F|77/100
|-ability|p2a: Gyarados|Intimidate|boost
|-unboost|p1a: Skarmory|atk|1
|
|-weather|Sandstorm|[upkeep]
|-damage|p2a: Gyarados|70/100|[from] Sandstorm
|-heal|p2a: Gyarados|77/100|[from] item: Leftovers
|-heal|p1a: Skarmory|67/100 par|[from] item: Leftovers
|upkeep
|turn|13
|
|t:|1728607098
|move|p2a: Gyarados|Hidden Power|p1a: Skarmory
|-resisted|p1a: Skarmory
|-damage|p1a: Skarmory|55/100 par
|move|p1a: Skarmory|Roar|p2a: Gyarados
|drag|p2a: Starmie|Starmie|100/100
|-damage|p2a: Starmie|75/100|[from] Spikes
|
|-weather|Sandstorm|[upkeep]
|-damage|p2a: Starmie|69/100|[from] Sandstorm
|-heal|p2a: Starmie|75/100|[from] item: Leftovers
|-heal|p1a: Skarmory|61/100 par|[from] item: Leftovers
|upkeep
|turn|14
|
|t:|1728607102
|move|p2a: Starmie|Rapid Spin|p1a: Skarmory
|-resisted|p1a: Skarmory
|-damage|p1a: Skarmory|60/100 par
|-sideend|p2: lraven17|Spikes|[from] move: Rapid Spin|[of] p2a: Starmie
|move|p1a: Skarmory|Roar|p2a: Starmie
|drag|p2a: Heracross|Heracross, F|100/100
|
|-weather|Sandstorm|[upkeep]
|-damage|p2a: Heracross|94/100|[from] Sandstorm
|-heal|p1a: Skarmory|66/100 par|[from] item: Leftovers
|upkeep
|turn|15
|
|t:|1728607113
|move|p2a: Heracross|Substitute|p2a: Heracross
|-start|p2a: Heracross|Substitute
|-damage|p2a: Heracross|69/100
|move|p1a: Skarmory|Spikes|p2a: Heracross
|-sidestart|p2: lraven17|Spikes
|
|-weather|Sandstorm|[upkeep]
|-damage|p2a: Heracross|63/100|[from] Sandstorm
|-heal|p1a: Skarmory|72/100 par|[from] item: Leftovers
|upkeep
|turn|16
|
|t:|1728607120
|move|p2a: Heracross|Rock Slide|p1a: Skarmory
|-damage|p1a: Skarmory|49/100 par
|cant|p1a: Skarmory|flinch
|
|-weather|Sandstorm|[upkeep]
|-damage|p2a: Heracross|57/100|[from] Sandstorm
|-heal|p1a: Skarmory|55/100 par|[from] item: Leftovers
|upkeep
|turn|17
|
|t:|1728607124
|move|p2a: Heracross|Rock Slide|p1a: Skarmory
|-damage|p1a: Skarmory|34/100 par
|cant|p1a: Skarmory|flinch
|
|-weather|Sandstorm|[upkeep]
|-damage|p2a: Heracross|50/100|[from] Sandstorm
|-heal|p1a: Skarmory|40/100 par|[from] item: Leftovers
|upkeep
|turn|18
|
|t:|1728607127
|move|p1a: Skarmory|Protect|p1a: Skarmory
|-singleturn|p1a: Skarmory|Protect
|move|p2a: Heracross|Rock Slide|p1a: Skarmory
|-activate|p1a: Skarmory|Protect
|
|-weather|Sandstorm|[upkeep]
|-damage|p2a: Heracross|44/100|[from] Sandstorm
|-heal|p1a: Skarmory|46/100 par|[from] item: Leftovers
|upkeep
|turn|19
|
|t:|1728607130
|move|p2a: Heracross|Rock Slide|p1a: Skarmory
|-damage|p1a: Skarmory|24/100 par
|cant|p1a: Skarmory|par
|
|-weather|Sandstorm|[upkeep]
|-damage|p2a: Heracross|38/100|[from] Sandstorm
|-heal|p1a: Skarmory|30/100 par|[from] item: Leftovers
|upkeep
|turn|20
|
|t:|1728607135
|cant|p1a: Skarmory|par
|move|p2a: Heracross|Rock Slide|p1a: Skarmory
|-damage|p1a: Skarmory|8/100 par
|
|-weather|Sandstorm|[upkeep]
|-damage|p2a: Heracross|32/100|[from] Sandstorm
|-heal|p1a: Skarmory|14/100 par|[from] item: Leftovers
|upkeep
|turn|21
|
|t:|1728607138
|move|p2a: Heracross|Swords Dance|p2a: Heracross
|-boost|p2a: Heracross|atk|2
|move|p1a: Skarmory|Roar|p2a: Heracross
|drag|p2a: Starmie|Starmie|75/100
|-damage|p2a: Starmie|63/100|[from] Spikes
|
|-weather|Sandstorm|[upkeep]
|-damage|p2a: Starmie|57/100|[from] Sandstorm
|-heal|p2a: Starmie|63/100|[from] item: Leftovers
|-heal|p1a: Skarmory|20/100 par|[from] item: Leftovers
|upkeep
|turn|22
|
|t:|1728607149
|move|p1a: Skarmory|Protect|p1a: Skarmory
|-singleturn|p1a: Skarmory|Protect
|move|p2a: Starmie|Surf|p1a: Skarmory
|-activate|p1a: Skarmory|Protect
|
|-weather|Sandstorm|[upkeep]
|-damage|p2a: Starmie|57/100|[from] Sandstorm
|-heal|p2a: Starmie|63/100|[from] item: Leftovers
|-heal|p1a: Skarmory|26/100 par|[from] item: Leftovers
|upkeep
|turn|23
|
|t:|1728607154
|switch|p1a: Jirachi|Jirachi|100/100
|move|p2a: Starmie|Surf|p1a: Jirachi
|-damage|p1a: Jirachi|79/100
|
|-weather|Sandstorm|[upkeep]
|-damage|p2a: Starmie|57/100|[from] Sandstorm
|-heal|p2a: Starmie|63/100|[from] item: Leftovers
|-heal|p1a: Jirachi|86/100|[from] item: Leftovers
|upkeep
|turn|24
|
|t:|1728607157
|move|p2a: Starmie|Thunder Wave|p1a: Jirachi
|-status|p1a: Jirachi|par
|cant|p1a: Jirachi|par
|
|-weather|Sandstorm|[upkeep]
|-damage|p2a: Starmie|57/100|[from] Sandstorm
|-heal|p2a: Starmie|63/100|[from] item: Leftovers
|-heal|p1a: Jirachi|92/100 par|[from] item: Leftovers
|upkeep
|turn|25
|
|t:|1728607159
|move|p2a: Starmie|Rapid Spin|p1a: Jirachi
|-resisted|p1a: Jirachi
|-damage|p1a: Jirachi|91/100 par
|-sideend|p2: lraven17|Spikes|[from] move: Rapid Spin|[of] p2a: Starmie
|move|p1a: Jirachi|Wish|p1a: Jirachi
|
|-weather|Sandstorm|[upkeep]
|-damage|p2a: Starmie|57/100|[from] Sandstorm
|-heal|p2a: Starmie|63/100|[from] item: Leftovers
|-heal|p1a: Jirachi|97/100 par|[from] item: Leftovers
|upkeep
|turn|26
|
|t:|1728607163
|move|p2a: Starmie|Surf|p1a: Jirachi
|-damage|p1a: Jirachi|77/100 par
|cant|p1a: Jirachi|par
|
|-heal|p1a: Jirachi|100/100 par|[from] move: Wish|[wisher] Jirachi
|-weather|Sandstorm|[upkeep]
|-damage|p2a: Starmie|57/100|[from] Sandstorm
|-heal|p2a: Starmie|63/100|[from] item: Leftovers
|upkeep
|turn|27
|
|t:|1728607169
|move|p2a: Starmie|Surf|p1a: Jirachi
|-damage|p1a: Jirachi|79/100 par
|move|p1a: Jirachi|Body Slam|p2a: Starmie
|-damage|p2a: Starmie|40/100
|
|-weather|Sandstorm|[upkeep]
|-damage|p2a: Starmie|34/100|[from] Sandstorm
|-heal|p2a: Starmie|40/100|[from] item: Leftovers
|-heal|p1a: Jirachi|85/100 par|[from] item: Leftovers
|upkeep
|turn|28
|
|t:|1728607173
|move|p2a: Starmie|Recover|p2a: Starmie
|-heal|p2a: Starmie|90/100
|move|p1a: Jirachi|Body Slam|p2a: Starmie
|-damage|p2a: Starmie|69/100
|-status|p2a: Starmie|par
|
|-weather|Sandstorm|[upkeep]
|-damage|p2a: Starmie|63/100 par|[from] Sandstorm
|-heal|p2a: Starmie|69/100 par|[from] item: Leftovers
|-heal|p1a: Jirachi|92/100 par|[from] item: Leftovers
|upkeep
|turn|29
|
|t:|1728607180
|-curestatus|p2a: Starmie|par|[from] ability: Natural Cure
|switch|p2a: Metagross|Metagross|100/100
|move|p1a: Jirachi|Wish|p1a: Jirachi
|
|-weather|Sandstorm|[upkeep]
|-heal|p1a: Jirachi|98/100 par|[from] item: Leftovers
|upkeep
|turn|30
|
|t:|1728607185
|move|p2a: Metagross|Double-Edge|p1a: Jirachi
|-resisted|p1a: Jirachi
|-damage|p1a: Jirachi|72/100 par
|-damage|p2a: Metagross|90/100|[from] Recoil|[of] p1a: Jirachi
|cant|p1a: Jirachi|par
|
|-heal|p1a: Jirachi|100/100 par|[from] move: Wish|[wisher] Jirachi
|-weather|Sandstorm|[upkeep]
|upkeep
|turn|31
|
|t:|1728607192
|switch|p2a: Snorlax|Snorlax, F|76/100
|move|p1a: Jirachi|Fire Punch|p2a: Snorlax
|-damage|p2a: Snorlax|65/100
|
|-weather|Sandstorm|[upkeep]
|-damage|p2a: Snorlax|59/100|[from] Sandstorm
|-heal|p2a: Snorlax|65/100|[from] item: Leftovers
|upkeep
|turn|32
|
|t:|1728607196
|move|p2a: Snorlax|Curse|p2a: Snorlax
|-unboost|p2a: Snorlax|spe|1
|-boost|p2a: Snorlax|atk|1
|-boost|p2a: Snorlax|def|1
|move|p1a: Jirachi|Wish|p1a: Jirachi
|
|-weather|Sandstorm|[upkeep]
|-damage|p2a: Snorlax|59/100|[from] Sandstorm
|-heal|p2a: Snorlax|65/100|[from] item: Leftovers
|upkeep
|turn|33
|
|t:|1728607201
|switch|p1a: Skarmory|Skarmory, F|26/100 par
|move|p2a: Snorlax|Shadow Ball|p1a: Skarmory
|-resisted|p1a: Skarmory
|-damage|p1a: Skarmory|10/100 par
|-unboost|p1a: Skarmory|spd|1
|
|-heal|p1a: Skarmory|60/100 par|[from] move: Wish|[wisher] Jirachi
|-weather|Sandstorm|[upkeep]
|-damage|p2a: Snorlax|59/100|[from] Sandstorm
|-heal|p2a: Snorlax|65/100|[from] item: Leftovers
|-heal|p1a: Skarmory|66/100 par|[from] item: Leftovers
|upkeep
|turn|34
|
|t:|1728607208
|move|p2a: Snorlax|Curse|p2a: Snorlax
|-unboost|p2a: Snorlax|spe|1
|-boost|p2a: Snorlax|atk|1
|-boost|p2a: Snorlax|def|1
|move|p1a: Skarmory|Roar|p2a: Snorlax
|drag|p2a: Gyarados|Gyarados, F|77/100
|-ability|p2a: Gyarados|Intimidate|boost
|-unboost|p1a: Skarmory|atk|1
|
|-weather|Sandstorm|[upkeep]
|-damage|p2a: Gyarados|70/100|[from] Sandstorm
|-heal|p2a: Gyarados|77/100|[from] item: Leftovers
|-heal|p1a: Skarmory|72/100 par|[from] item: Leftovers
|upkeep
|turn|35
|
|t:|1728607211
|move|p2a: Gyarados|Thunder Wave|p1a: Skarmory
|-fail|p1a: Skarmory|par
|move|p1a: Skarmory|Toxic|p2a: Gyarados
|-status|p2a: Gyarados|tox
|
|-weather|Sandstorm|[upkeep]
|-damage|p2a: Gyarados|70/100 tox|[from] Sandstorm
|-heal|p2a: Gyarados|77/100 tox|[from] item: Leftovers
|-damage|p2a: Gyarados|70/100 tox|[from] psn
|-heal|p1a: Skarmory|78/100 par|[from] item: Leftovers
|upkeep
|turn|36
|
|t:|1728607213
|switch|p2a: Starmie|Starmie|69/100
|move|p1a: Skarmory|Spikes|p2a: Starmie
|-sidestart|p2: lraven17|Spikes
|
|-weather|Sandstorm|[upkeep]
|-damage|p2a: Starmie|63/100|[from] Sandstorm
|-heal|p2a: Starmie|69/100|[from] item: Leftovers
|-heal|p1a: Skarmory|84/100 par|[from] item: Leftovers
|upkeep
|turn|37
|
|t:|1728607220
|switch|p1a: Jirachi|Jirachi|100/100 par
|move|p2a: Starmie|Recover|p2a: Starmie
|-heal|p2a: Starmie|100/100
|
|-weather|Sandstorm|[upkeep]
|-damage|p2a: Starmie|94/100|[from] Sandstorm
|-heal|p2a: Starmie|100/100|[from] item: Leftovers
|upkeep
|turn|38
|
|t:|1728607223
|switch|p2a: Metagross|Metagross|90/100
|-damage|p2a: Metagross|77/100|[from] Spikes
|move|p1a: Jirachi|Body Slam|p2a: Metagross
|-resisted|p2a: Metagross
|-damage|p2a: Metagross|69/100
|-status|p2a: Metagross|par
|
|-weather|Sandstorm|[upkeep]
|upkeep
|turn|39
|
|t:|1728607228
|cant|p1a: Jirachi|par
|move|p2a: Metagross|Explosion|p1a: Jirachi
|-resisted|p1a: Jirachi
|-damage|p1a: Jirachi|0 fnt
|faint|p2a: Metagross
|faint|p1a: Jirachi
|
|t:|1728607241
|switch|p2a: Starmie|Starmie|100/100
|switch|p1a: Flygon|Flygon, F|100/100
|-damage|p2a: Starmie|88/100|[from] Spikes
|
|-weather|Sandstorm|[upkeep]
|-damage|p2a: Starmie|82/100|[from] Sandstorm
|-heal|p2a: Starmie|88/100|[from] item: Leftovers
|upkeep
|turn|40
|
|t:|1728607245
|move|p2a: Starmie|Surf|p1a: Flygon
|-damage|p1a: Flygon|66/100
|move|p1a: Flygon|Earthquake|p2a: Starmie
|-damage|p2a: Starmie|47/100
|
|-weather|Sandstorm|[upkeep]
|-damage|p2a: Starmie|41/100|[from] Sandstorm
|-heal|p2a: Starmie|47/100|[from] item: Leftovers
|-heal|p1a: Flygon|72/100|[from] item: Leftovers
|upkeep
|turn|41
|
|t:|1728607250
|switch|p2a: Gyarados|Gyarados, F|70/100 tox
|-ability|p2a: Gyarados|Intimidate|boost
|-unboost|p1a: Flygon|atk|1
|move|p1a: Flygon|Toxic|p2a: Gyarados
|-fail|p2a: Gyarados|tox
|
|-weather|Sandstorm|[upkeep]
|-damage|p2a: Gyarados|64/100 tox|[from] Sandstorm
|-heal|p2a: Gyarados|70/100 tox|[from] item: Leftovers
|-damage|p2a: Gyarados|64/100 tox|[from] psn
|-heal|p1a: Flygon|78/100|[from] item: Leftovers
|upkeep
|turn|42
|
|t:|1728607253
|move|p1a: Flygon|Protect|p1a: Flygon
|-singleturn|p1a: Flygon|Protect
|move|p2a: Gyarados|Dragon Dance|p2a: Gyarados
|-boost|p2a: Gyarados|atk|1
|-boost|p2a: Gyarados|spe|1
|
|-weather|Sandstorm|[upkeep]
|-damage|p2a: Gyarados|58/100 tox|[from] Sandstorm
|-heal|p2a: Gyarados|64/100 tox|[from] item: Leftovers
|-damage|p2a: Gyarados|52/100 tox|[from] psn
|-heal|p1a: Flygon|84/100|[from] item: Leftovers
|upkeep
|turn|43
|
|t:|1728607257
|switch|p1a: Skarmory|Skarmory, F|84/100 par
|move|p2a: Gyarados|Hidden Power|p1a: Skarmory
|-resisted|p1a: Skarmory
|-damage|p1a: Skarmory|63/100 par
|
|-weather|Sandstorm|[upkeep]
|-damage|p2a: Gyarados|45/100 tox|[from] Sandstorm
|-heal|p2a: Gyarados|52/100 tox|[from] item: Leftovers
|-damage|p2a: Gyarados|33/100 tox|[from] psn
|-heal|p1a: Skarmory|69/100 par|[from] item: Leftovers
|upkeep
|turn|44
|
|t:|1728607262
|switch|p2a: Snorlax|Snorlax, F|65/100
|-damage|p2a: Snorlax|53/100|[from] Spikes
|move|p1a: Skarmory|Roar|p2a: Snorlax
|drag|p2a: Heracross|Heracross, F|32/100
|-damage|p2a: Heracross|19/100|[from] Spikes
|
|-weather|Sandstorm|[upkeep]
|-damage|p2a: Heracross|13/100|[from] Sandstorm
|-enditem|p2a: Heracross|Salac Berry|[eat]
|-boost|p2a: Heracross|spe|1|[from] item: Salac Berry
|-heal|p1a: Skarmory|75/100 par|[from] item: Leftovers
|upkeep
|turn|45
|
|t:|1728607266
|move|p1a: Skarmory|Protect|p1a: Skarmory
|-singleturn|p1a: Skarmory|Protect
|move|p2a: Heracross|Megahorn|p1a: Skarmory
|-activate|p1a: Skarmory|Protect
|
|-weather|Sandstorm|[upkeep]
|-damage|p2a: Heracross|7/100|[from] Sandstorm
|-heal|p1a: Skarmory|81/100 par|[from] item: Leftovers
|upkeep
|turn|46
|
|t:|1728607268
|move|p2a: Heracross|Megahorn|p1a: Skarmory
|-resisted|p1a: Skarmory
|-damage|p1a: Skarmory|62/100 par
|move|p1a: Skarmory|Roar|p2a: Heracross
|drag|p2a: Starmie|Starmie|47/100
|-damage|p2a: Starmie|34/100|[from] Spikes
|
|-weather|Sandstorm|[upkeep]
|-damage|p2a: Starmie|28/100|[from] Sandstorm
|-heal|p2a: Starmie|34/100|[from] item: Leftovers
|-heal|p1a: Skarmory|68/100 par|[from] item: Leftovers
|upkeep
|turn|47
|
|t:|1728607273
|move|p2a: Starmie|Recover|p2a: Starmie
|-heal|p2a: Starmie|84/100
|move|p1a: Skarmory|Spikes|p2a: Starmie
|-sidestart|p2: lraven17|Spikes
|
|-weather|Sandstorm|[upkeep]
|-damage|p2a: Starmie|78/100|[from] Sandstorm
|-heal|p2a: Starmie|84/100|[from] item: Leftovers
|-heal|p1a: Skarmory|74/100 par|[from] item: Leftovers
|upkeep
|turn|48
|
|t:|1728607276
|move|p2a: Starmie|Surf|p1a: Skarmory
|-damage|p1a: Skarmory|45/100 par
|move|p1a: Skarmory|Roar|p2a: Starmie
|drag|p2a: Tyranitar|Tyranitar, M|100/100
|-damage|p2a: Tyranitar|84/100|[from] Spikes
|
|-weather|Sandstorm|[upkeep]
|-heal|p2a: Tyranitar|90/100|[from] item: Leftovers
|-heal|p1a: Skarmory|51/100 par|[from] item: Leftovers
|upkeep
|turn|49
|
|t:|1728607280
|switch|p2a: Gyarados|Gyarados, F|33/100 tox
|-ability|p2a: Gyarados|Intimidate|boost
|-unboost|p1a: Skarmory|atk|1
|move|p1a: Skarmory|Toxic|p2a: Gyarados
|-fail|p2a: Gyarados|tox
|
|-weather|Sandstorm|[upkeep]
|-damage|p2a: Gyarados|27/100 tox|[from] Sandstorm
|-heal|p2a: Gyarados|33/100 tox|[from] item: Leftovers
|-damage|p2a: Gyarados|27/100 tox|[from] psn
|-heal|p1a: Skarmory|57/100 par|[from] item: Leftovers
|upkeep
|turn|50
|
|t:|1728607283
|cant|p1a: Skarmory|par
|move|p2a: Gyarados|Dragon Dance|p2a: Gyarados
|-boost|p2a: Gyarados|atk|1
|-boost|p2a: Gyarados|spe|1
|
|-weather|Sandstorm|[upkeep]
|-damage|p2a: Gyarados|20/100 tox|[from] Sandstorm
|-heal|p2a: Gyarados|27/100 tox|[from] item: Leftovers
|-damage|p2a: Gyarados|14/100 tox|[from] psn
|-heal|p1a: Skarmory|63/100 par|[from] item: Leftovers
|upkeep
|turn|51
|
|t:|1728607285
|move|p1a: Skarmory|Protect|p1a: Skarmory
|-singleturn|p1a: Skarmory|Protect
|move|p2a: Gyarados|Hidden Power|p1a: Skarmory
|-activate|p1a: Skarmory|Protect
|
|-weather|Sandstorm|[upkeep]
|-damage|p2a: Gyarados|8/100 tox|[from] Sandstorm
|-heal|p2a: Gyarados|14/100 tox|[from] item: Leftovers
|-damage|p2a: Gyarados|0 fnt|[from] psn
|faint|p2a: Gyarados
|-heal|p1a: Skarmory|69/100 par|[from] item: Leftovers
|upkeep
|
|t:|1728607288
|switch|p2a: Starmie|Starmie|84/100
|-damage|p2a: Starmie|68/100|[from] Spikes
|turn|52
|
|t:|1728607294
|move|p2a: Starmie|Surf|p1a: Skarmory
|-damage|p1a: Skarmory|38/100 par
|move|p1a: Skarmory|Roar|p2a: Starmie
|drag|p2a: Snorlax|Snorlax, F|53/100
|-damage|p2a: Snorlax|36/100|[from] Spikes
|
|-weather|Sandstorm|[upkeep]
|-damage|p2a: Snorlax|30/100|[from] Sandstorm
|-heal|p2a: Snorlax|36/100|[from] item: Leftovers
|-heal|p1a: Skarmory|44/100 par|[from] item: Leftovers
|upkeep
|turn|53
|
|t:|1728607299
|move|p2a: Snorlax|Self-Destruct|p1a: Skarmory
|-resisted|p1a: Skarmory
|-damage|p1a: Skarmory|0 fnt
|faint|p2a: Snorlax
|faint|p1a: Skarmory
|
|t:|1728607309
|switch|p1a: Flygon|Flygon, F|84/100
|switch|p2a: Heracross|Heracross, F|7/100
|-damage|p2a: Heracross|0 fnt|[from] Spikes
|faint|p2a: Heracross
|
|t:|1728607311
|switch|p2a: Starmie|Starmie|68/100
|-damage|p2a: Starmie|51/100|[from] Spikes
|
|-weather|Sandstorm|[upkeep]
|-damage|p2a: Starmie|45/100|[from] Sandstorm
|-heal|p2a: Starmie|51/100|[from] item: Leftovers
|-heal|p1a: Flygon|90/100|[from] item: Leftovers
|upkeep
|turn|54
|
|t:|1728607317
|move|p2a: Starmie|Recover|p2a: Starmie
|-heal|p2a: Starmie|100/100
|move|p1a: Flygon|Earthquake|p2a: Starmie
|-damage|p2a: Starmie|62/100
|
|-weather|Sandstorm|[upkeep]
|-damage|p2a: Starmie|55/100|[from] Sandstorm
|-heal|p2a: Starmie|62/100|[from] item: Leftovers
|-heal|p1a: Flygon|96/100|[from] item: Leftovers
|upkeep
|turn|55
|
|t:|1728607319
|move|p2a: Starmie|Surf|p1a: Flygon
|-damage|p1a: Flygon|56/100
|move|p1a: Flygon|Toxic|p2a: Starmie
|-status|p2a: Starmie|tox
|
|-weather|Sandstorm|[upkeep]
|-damage|p2a: Starmie|55/100 tox|[from] Sandstorm
|-heal|p2a: Starmie|62/100 tox|[from] item: Leftovers
|-damage|p2a: Starmie|55/100 tox|[from] psn
|-heal|p1a: Flygon|62/100|[from] item: Leftovers
|upkeep
|turn|56
|
|t:|1728607322
|move|p2a: Starmie|Surf|p1a: Flygon
|-damage|p1a: Flygon|23/100
|move|p1a: Flygon|Earthquake|p2a: Starmie
|-damage|p2a: Starmie|18/100 tox
|
|-weather|Sandstorm|[upkeep]
|-damage|p2a: Starmie|12/100 tox|[from] Sandstorm
|-heal|p2a: Starmie|18/100 tox|[from] item: Leftovers
|-damage|p2a: Starmie|5/100 tox|[from] psn
|-heal|p1a: Flygon|29/100|[from] item: Leftovers
|upkeep
|turn|57
|
|t:|1728607326
|move|p2a: Starmie|Recover|p2a: Starmie
|-heal|p2a: Starmie|55/100 tox
|move|p1a: Flygon|Earthquake|p2a: Starmie
|-damage|p2a: Starmie|17/100 tox
|
|-weather|Sandstorm|[upkeep]
|-damage|p2a: Starmie|11/100 tox|[from] Sandstorm
|-heal|p2a: Starmie|17/100 tox|[from] item: Leftovers
|-damage|p2a: Starmie|0 fnt|[from] psn
|faint|p2a: Starmie
|-heal|p1a: Flygon|35/100|[from] item: Leftovers
|upkeep
|
|t:|1728607328
|switch|p2a: Tyranitar|Tyranitar, M|90/100
|-damage|p2a: Tyranitar|74/100|[from] Spikes
|turn|58
|
|t:|1728607330
|move|p1a: Flygon|Earthquake|p2a: Tyranitar
|-supereffective|p2a: Tyranitar
|-damage|p2a: Tyranitar|22/100
|move|p2a: Tyranitar|Dragon Dance|p2a: Tyranitar
|-boost|p2a: Tyranitar|atk|1
|-boost|p2a: Tyranitar|spe|1
|
|-weather|Sandstorm|[upkeep]
|-heal|p2a: Tyranitar|28/100|[from] item: Leftovers
|-heal|p1a: Flygon|41/100|[from] item: Leftovers
|upkeep
|turn|59
|
|t:|1728607336
|move|p2a: Tyranitar|Rock Slide|p1a: Flygon
|-resisted|p1a: Flygon
|-damage|p1a: Flygon|18/100
|cant|p1a: Flygon|flinch
|
|-weather|Sandstorm|[upkeep]
|-heal|p2a: Tyranitar|34/100|[from] item: Leftovers
|-heal|p1a: Flygon|24/100|[from] item: Leftovers
|upkeep
|turn|60
|
|t:|1728607341
|move|p2a: Tyranitar|Rock Slide|p1a: Flygon
|-resisted|p1a: Flygon
|-damage|p1a: Flygon|2/100
|move|p1a: Flygon|Earthquake|p2a: Tyranitar
|-supereffective|p2a: Tyranitar
|-damage|p2a: Tyranitar|0 fnt
|faint|p2a: Tyranitar
|
|win|smollest brian
|c|☆smollest brian|gg
|c|☆lraven17|gg

</script>
<script type="application/json" class="data" id="replaydata-smogtours-gen3ou-797097">
{"id":"smogtours-gen3ou-797097","format":"[Gen 3] OU","players":["smollest brian","lraven17"],"uploadtime":1728607341,"views":87,"formatid":"gen3ou","rating":null,"private":0,"password":null}
</script>

<script defer src="js/replays.js?9d40a366"></script>
