<!DOCTYPE html>
<meta charset="utf-8" />
<meta name="viewport" content="width=device-width" />

<title>[Gen 3] OU: Texas Cloverleaf vs. SteelSwaggy - Replays - Pok&eacute;mon Showdown!</title>

<meta name="description" content="Watch a replay of a Pok&eacute;mon battle between Texas Cloverleaf and SteelSwaggy! Format: [Gen 3] OU; Date: Oct 7, 2024" />
<!--

Hey, you! Looking in the source for the replay log?

You can find them in JSON format, just add `.json` at the end of a replay URL.

https://replay.pokemonshowdown.com/gen7randomdoublesbattle-865046831.json

Or, if you only need the log itself, add `.log` instead:

https://replay.pokemonshowdown.com/gen7randomdoublesbattle-865046831.log

-->

<link rel="stylesheet" href="//pokemonshowdown.com/style/global.css?0.023195364461161105" />
<link rel="stylesheet" href="//play.pokemonshowdown.com/style/font-awesome.css?0.13261647063804238" />
<link rel="stylesheet" href="//play.pokemonshowdown.com/style/battle.css?0.8753245789963631" />
<link rel="stylesheet" href="//play.pokemonshowdown.com/style/utilichart.css?0.8627959624976733" />

<!-- Global site tag (gtag.js) - Google Analytics -->
<script async src="https://www.googletagmanager.com/gtag/js?id=UA-26211653-1"></script>
<script>
  window.dataLayer = window.dataLayer || [];
  function gtag(){dataLayer.push(arguments);}
  gtag('js', new Date());

  gtag('config', 'UA-26211653-1');
</script>
<!-- End Google Analytics -->
<!-- Venatus Ad Manager - Install in <HEAD> of page -->
	<script src="https://hb.vntsm.com/v3/live/ad-manager.min.js" type="text/javascript" data-site-id="642aba63ec9a7b11c3c9c1be" data-mode="scan" async></script>
<!-- / Venatus Ad Manager -->

<style>
	@media (max-width:820px) {
		.battle {
			margin: 0 auto;
		}
		.battle-log {
			margin: 7px auto 0;
			max-width: 640px;
			height: 300px;
			position: static;
		}
	}
	.optgroup {
		display: inline-block;
		line-height: 22px;
		font-size: 10pt;
	}
	.optgroup .button {
		height: 25px;
		padding-top: 0;
		padding-bottom: 0;
	}
	.optgroup button.button {
		padding-left: 12px;
		padding-right: 12px;
	}
	.linklist {
		list-style: none;
		margin: 0.5em 0;
		padding: 0;
	}
	.linklist li {
		padding: 2px 0;
	}
	.sidebar {
		float: left;
		width: 320px;
	}
	.bar-wrapper {
		max-width: 1100px;
		margin: 0 auto;
	}
	.bar-wrapper.has-sidebar {
		max-width: 1430px;
	}
	.mainbar {
		margin: 0;
		padding-right: 1px;
	}
	.mainbar.has-sidebar {
		margin-left: 330px;
	}
	@media (min-width: 1511px) {
		.sidebar {
			width: 400px;
		}
		.bar-wrapper.has-sidebar {
			max-width: 1510px;
		}
		.mainbar.has-sidebar {
			margin-left: 410px;
		}
	}
	.section.first-section {
		margin-top: 9px;
	}
	.blocklink small {
		white-space: normal;
	}
	.button {
		vertical-align: middle;
	}
	.replay-controls {
		padding-top: 10px;
	}
	.replay-controls h1 {
		font-size: 16pt;
		font-weight: normal;
		color: #CCC;
	}
	.pagelink {
		text-align: center;
	}
	.pagelink a {
		width: 150px;
	}
	.textbox, .button {
		font-size: 11pt;
		vertical-align: middle;
	}
	@media (max-width: 450px) {
		.button {
			font-size: 9pt;
		}
	}
</style>

<div>

	<header>
		<div class="nav-wrapper"><ul class="nav">
			<li><a class="button nav-first" href="//pokemonshowdown.com/"><img src="//pokemonshowdown.com/images/pokemonshowdownbeta.png" srcset="//pokemonshowdown.com/images/pokemonshowdownbeta.png 1x, //pokemonshowdown.com/images/pokemonshowdownbeta@2x.png 2x" alt="Pok&eacute;mon Showdown" width="146" height="44" /> Home</a></li>
			<li><a class="button" href="//pokemonshowdown.com/dex/">Pok&eacute;dex</a></li>
			<li><a class="button cur" href="/">Replays</a></li>
			<li><a class="button" href="//pokemonshowdown.com/ladder/">Ladder</a></li>
			<li><a class="button nav-last" href="//pokemonshowdown.com/forums/">Forum</a></li>
			<li><a class="button greenbutton nav-first nav-last" href="//play.pokemonshowdown.com/">Play</a></li>
		</ul></div>
	</header>

	<div class="main" id="main">

		<noscript><section class="section">You need to enable JavaScript to use this page; sorry!</section></noscript>

	</div>

</div>

<script defer nomodule src="//play.pokemonshowdown.com/js/lib/ps-polyfill.js"></script>
<script defer src="//play.pokemonshowdown.com/js/lib/preact.min.js"></script>

<script defer src="//play.pokemonshowdown.com/config/config.js?2bddbc15"></script>
<script defer src="//play.pokemonshowdown.com/js/lib/jquery-1.11.0.min.js"></script>
<script defer src="//play.pokemonshowdown.com/js/lib/html-sanitizer-minified.js"></script>
<script defer src="//play.pokemonshowdown.com/js/battle-sound.js"></script>
<script defer src="//play.pokemonshowdown.com/js/battledata.js?0.7209276989879541"></script>
<script defer src="//play.pokemonshowdown.com/data/pokedex-mini.js?0.6111056340867951"></script>
<script defer src="//play.pokemonshowdown.com/data/pokedex-mini-bw.js?0.3532142036491459"></script>
<script defer src="//play.pokemonshowdown.com/data/graphics.js?0.24223875632456182"></script>
<script defer src="//play.pokemonshowdown.com/data/pokedex.js?0.38839984266356864"></script>
<script defer src="//play.pokemonshowdown.com/data/moves.js?0.21866028504024015"></script>
<script defer src="//play.pokemonshowdown.com/data/abilities.js?0.2005157953846628"></script>
<script defer src="//play.pokemonshowdown.com/data/items.js?0.9894211263848525"></script>
<script defer src="//play.pokemonshowdown.com/data/teambuilder-tables.js?0.6008791140282215"></script>
<script defer src="//play.pokemonshowdown.com/js/battle-tooltips.js?0.7580118955022959"></script>
<script defer src="//play.pokemonshowdown.com/js/battle.js?0.6057722274234274"></script>

<script defer src="js/utils.js?e31f9a17"></script>
<script defer src="js/replays-battle.js?7008c182"></script>

<!-- don't scrape this data! just add .json or .log after the URL!
Full API docs: https://github.com/smogon/pokemon-showdown-client/blob/master/WEB-API.md -->
<script type="text/plain" class="log" id="replaylog-smogtours-gen3ou-796250">
|inactive|Battle timer is ON: inactive players will automatically lose when time's up.
|t:|1728336118
|gametype|singles
|player|p1|Texas Cloverleaf|#texascloverleaf|
|player|p2|SteelSwaggy|266|
|teamsize|p1|6
|teamsize|p2|6
|gen|3
|tier|[Gen 3] OU
|rule|Sleep Clause Mod: Limit one foe put to sleep
|rule|Switch Priority Clause Mod: Faster Pokémon switch first
|rule|Species Clause: Limit one of each Pokémon
|rule|OHKO Clause: OHKO moves are banned
|rule|Evasion Items Clause: Evasion items are banned
|rule|Evasion Moves Clause: Evasion moves are banned
|rule|Endless Battle Clause: Forcing endless battles is banned
|rule|HP Percentage Mod: HP is shown in percentages
|rule|One Boost Passer Clause: Limit one Baton Passer that has a way to boost its stats
|rule|Freeze Clause Mod: Limit one foe frozen
|
|t:|1728336118
|start
|switch|p1a: Medicham|Medicham, M|100/100
|switch|p2a: E101mkII|Metagross, shiny|100/100
|turn|1
|inactive|Texas Cloverleaf has 270 seconds left.
|
|t:|1728336154
|switch|p1a: Swampert|Swampert, M|100/100
|switch|p2a: Nepto Dragon|Gyarados, M, shiny|100/100
|-ability|p2a: Nepto Dragon|Intimidate|boost
|-unboost|p1a: Swampert|atk|1
|
|upkeep
|turn|2
|
|t:|1728336162
|move|p2a: Nepto Dragon|Taunt|p1a: Swampert
|-start|p1a: Swampert|move: Taunt
|cant|p1a: Swampert|move: Taunt|Curse
|
|upkeep
|turn|3
|
|t:|1728336170
|switch|p1a: Tyranitar|Tyranitar, M|100/100
|-weather|Sandstorm|[from] ability: Sand Stream|[of] p1a: Tyranitar
|move|p2a: Nepto Dragon|Hidden Power|p1a: Tyranitar
|-resisted|p1a: Tyranitar
|-damage|p1a: Tyranitar|83/100
|
|-weather|Sandstorm|[upkeep]
|-damage|p2a: Nepto Dragon|94/100|[from] Sandstorm
|-heal|p2a: Nepto Dragon|100/100|[from] item: Leftovers
|-heal|p1a: Tyranitar|90/100|[from] item: Leftovers
|upkeep
|turn|4
|
|t:|1728336191
|move|p2a: Nepto Dragon|Earthquake|p1a: Tyranitar
|-supereffective|p1a: Tyranitar
|-damage|p1a: Tyranitar|30/100
|move|p1a: Tyranitar|Rock Slide|p2a: Nepto Dragon
|-supereffective|p2a: Nepto Dragon
|-crit|p2a: Nepto Dragon
|-damage|p2a: Nepto Dragon|0 fnt
|faint|p2a: Nepto Dragon
|
|t:|1728336196
|switch|p2a: E101mkII|Metagross, shiny|100/100
|
|-weather|Sandstorm|[upkeep]
|-heal|p1a: Tyranitar|36/100|[from] item: Leftovers
|upkeep
|turn|5
|
|t:|1728336200
|move|p1a: Tyranitar|Earthquake|p2a: E101mkII
|-supereffective|p2a: E101mkII
|-damage|p2a: E101mkII|54/100
|move|p2a: E101mkII|Meteor Mash|p1a: Tyranitar
|-supereffective|p1a: Tyranitar
|-damage|p1a: Tyranitar|0 fnt
|-boost|p2a: E101mkII|atk|1
|faint|p1a: Tyranitar
|
|t:|1728336204
|switch|p1a: Charizard|Charizard, M|100/100
|
|-weather|Sandstorm|[upkeep]
|-damage|p1a: Charizard|94/100|[from] Sandstorm
|-heal|p1a: Charizard|100/100|[from] item: Leftovers
|-heal|p2a: E101mkII|60/100|[from] item: Leftovers
|upkeep
|turn|6
|c|☆SteelSwaggy|First time ever I try reading a tar set, failed horribly lol.
|
|t:|1728336225
|switch|p2a: Starflash250|Starmie|100/100
|move|p1a: Charizard|Fire Blast|p2a: Starflash250
|-resisted|p2a: Starflash250
|-damage|p2a: Starflash250|54/100
|
|-weather|Sandstorm|[upkeep]
|-damage|p2a: Starflash250|48/100|[from] Sandstorm
|-damage|p1a: Charizard|94/100|[from] Sandstorm
|-heal|p2a: Starflash250|54/100|[from] item: Leftovers
|-heal|p1a: Charizard|100/100|[from] item: Leftovers
|upkeep
|turn|7
|c|☆Texas Cloverleaf|what did you read?
|c|☆SteelSwaggy|Pursuit
|c|☆Texas Cloverleaf|ah, yeah very not lol
|inactive|Texas Cloverleaf has 270 seconds left.
|
|t:|1728336261
|switch|p1a: Jolteon|Jolteon, M|100/100
|move|p2a: Starflash250|Hydro Pump|p1a: Jolteon
|-damage|p1a: Jolteon|30/100
|
|-weather|Sandstorm|[upkeep]
|-damage|p1a: Jolteon|24/100|[from] Sandstorm
|-damage|p2a: Starflash250|48/100|[from] Sandstorm
|-heal|p1a: Jolteon|30/100|[from] item: Leftovers
|-heal|p2a: Starflash250|54/100|[from] item: Leftovers
|upkeep
|turn|8
|inactive|Texas Cloverleaf has 270 seconds left.
|
|t:|1728336269
|switch|p2a: Celebity|Celebi|100/100
|move|p1a: Jolteon|Baton Pass|p1a: Jolteon
|
|t:|1728336271
|switch|p1a: Charizard|Charizard, M|100/100|[from] Baton Pass
|
|-weather|Sandstorm|[upkeep]
|-damage|p1a: Charizard|94/100|[from] Sandstorm
|-damage|p2a: Celebity|94/100|[from] Sandstorm
|-heal|p1a: Charizard|100/100|[from] item: Leftovers
|-heal|p2a: Celebity|100/100|[from] item: Leftovers
|upkeep
|turn|9
|
|t:|1728336277
|move|p1a: Charizard|Substitute|p1a: Charizard
|-start|p1a: Charizard|Substitute
|-damage|p1a: Charizard|76/100
|move|p2a: Celebity|Psychic|p1a: Charizard
|-end|p1a: Charizard|Substitute
|
|-weather|Sandstorm|[upkeep]
|-damage|p1a: Charizard|70/100|[from] Sandstorm
|-damage|p2a: Celebity|94/100|[from] Sandstorm
|-heal|p1a: Charizard|76/100|[from] item: Leftovers
|-heal|p2a: Celebity|100/100|[from] item: Leftovers
|upkeep
|turn|10
|
|t:|1728336283
|switch|p2a: Starflash250|Starmie|54/100
|move|p1a: Charizard|Fire Blast|p2a: Starflash250
|-resisted|p2a: Starflash250
|-damage|p2a: Starflash250|6/100
|
|-weather|Sandstorm|[upkeep]
|-damage|p2a: Starflash250|0 fnt|[from] Sandstorm
|-damage|p1a: Charizard|70/100|[from] Sandstorm
|faint|p2a: Starflash250
|-heal|p1a: Charizard|76/100|[from] item: Leftovers
|upkeep
|
|t:|1728336291
|switch|p2a: Swagpert|Swampert, M|100/100
|turn|11
|inactive|Texas Cloverleaf has 270 seconds left.
|
|t:|1728336337
|move|p1a: Charizard|Substitute|p1a: Charizard
|-start|p1a: Charizard|Substitute
|-damage|p1a: Charizard|51/100
|move|p2a: Swagpert|Hidden Power|p1a: Charizard
|-supereffective|p1a: Charizard
|-end|p1a: Charizard|Substitute
|
|-weather|Sandstorm|[upkeep]
|-damage|p1a: Charizard|45/100|[from] Sandstorm
|-heal|p1a: Charizard|51/100|[from] item: Leftovers
|upkeep
|turn|12
|
|t:|1728336347
|switch|p1a: Medicham|Medicham, M|100/100
|move|p2a: Swagpert|Hidden Power|p1a: Medicham
|-resisted|p1a: Medicham
|-damage|p1a: Medicham|85/100
|
|-weather|Sandstorm|[upkeep]
|-damage|p1a: Medicham|78/100|[from] Sandstorm
|upkeep
|turn|13
|
|t:|1728336351
|-singleturn|p1a: Medicham|move: Focus Punch
|switch|p2a: Celebity|Celebi|100/100
|move|p1a: Medicham|Focus Punch|p2a: Celebity
|-resisted|p2a: Celebity
|-damage|p2a: Celebity|71/100
|
|-weather|Sandstorm|[upkeep]
|-damage|p1a: Medicham|72/100|[from] Sandstorm
|-damage|p2a: Celebity|65/100|[from] Sandstorm
|-heal|p2a: Celebity|71/100|[from] item: Leftovers
|upkeep
|turn|14
|
|t:|1728336358
|move|p1a: Medicham|Shadow Ball|p2a: Celebity
|-supereffective|p2a: Celebity
|-damage|p2a: Celebity|22/100
|move|p2a: Celebity|Leech Seed|p1a: Medicham|[miss]
|-miss|p2a: Celebity|p1a: Medicham
|
|-weather|Sandstorm|[upkeep]
|-damage|p1a: Medicham|66/100|[from] Sandstorm
|-damage|p2a: Celebity|16/100|[from] Sandstorm
|-heal|p2a: Celebity|22/100|[from] item: Leftovers
|upkeep
|turn|15
|
|t:|1728336367
|move|p1a: Medicham|Shadow Ball|p2a: Celebity
|-supereffective|p2a: Celebity
|-damage|p2a: Celebity|0 fnt
|faint|p2a: Celebity
|
|t:|1728336369
|switch|p2a: E101mkII|Metagross, shiny|60/100
|
|-weather|Sandstorm|[upkeep]
|-damage|p1a: Medicham|60/100|[from] Sandstorm
|-heal|p2a: E101mkII|66/100|[from] item: Leftovers
|upkeep
|turn|16
|
|t:|1728336374
|move|p1a: Medicham|Brick Break|p2a: E101mkII
|-damage|p2a: E101mkII|34/100
|move|p2a: E101mkII|Meteor Mash|p1a: Medicham
|-damage|p1a: Medicham|0 fnt
|faint|p1a: Medicham
|
|t:|1728336376
|switch|p1a: Charizard|Charizard, M|51/100
|
|-weather|Sandstorm|[upkeep]
|-damage|p1a: Charizard|45/100|[from] Sandstorm
|-heal|p1a: Charizard|51/100|[from] item: Leftovers
|-heal|p2a: E101mkII|40/100|[from] item: Leftovers
|upkeep
|turn|17
|
|t:|1728336383
|switch|p2a: Spyro|Dragonite, M|100/100
|move|p1a: Charizard|Fire Blast|p2a: Spyro
|-resisted|p2a: Spyro
|-damage|p2a: Spyro|72/100
|
|-weather|Sandstorm|[upkeep]
|-damage|p1a: Charizard|45/100|[from] Sandstorm
|-damage|p2a: Spyro|65/100|[from] Sandstorm
|-heal|p1a: Charizard|51/100|[from] item: Leftovers
|-heal|p2a: Spyro|72/100|[from] item: Leftovers
|upkeep
|turn|18
|
|t:|1728336399
|switch|p1a: Metagross|Metagross|100/100
|move|p2a: Spyro|Ice Beam|p1a: Metagross
|-resisted|p1a: Metagross
|-damage|p1a: Metagross|82/100
|
|-weather|Sandstorm|[upkeep]
|-damage|p2a: Spyro|65/100|[from] Sandstorm
|-heal|p1a: Metagross|89/100|[from] item: Leftovers
|-heal|p2a: Spyro|72/100|[from] item: Leftovers
|upkeep
|turn|19
|
|t:|1728336413
|switch|p2a: E101mkII|Metagross, shiny|40/100
|move|p1a: Metagross|Explosion|p2a: E101mkII
|-resisted|p2a: E101mkII
|-damage|p2a: E101mkII|0 fnt
|faint|p1a: Metagross
|faint|p2a: E101mkII
|
|t:|1728336429
|switch|p1a: Jolteon|Jolteon, M|30/100
|switch|p2a: Swagpert|Swampert, M|100/100
|
|-weather|Sandstorm|[upkeep]
|-damage|p1a: Jolteon|24/100|[from] Sandstorm
|-heal|p1a: Jolteon|30/100|[from] item: Leftovers
|upkeep
|turn|20
|
|t:|1728336432
|move|p1a: Jolteon|Hidden Power|p2a: Swagpert
|-supereffective|p2a: Swagpert
|-damage|p2a: Swagpert|39/100
|move|p2a: Swagpert|Earthquake|p1a: Jolteon
|-supereffective|p1a: Jolteon
|-damage|p1a: Jolteon|0 fnt
|faint|p1a: Jolteon
|
|t:|1728336435
|switch|p1a: Charizard|Charizard, M|51/100
|
|-weather|Sandstorm|[upkeep]
|-damage|p1a: Charizard|45/100|[from] Sandstorm
|-heal|p1a: Charizard|51/100|[from] item: Leftovers
|-heal|p2a: Swagpert|45/100|[from] item: Leftovers
|upkeep
|turn|21
|
|t:|1728336441
|move|p1a: Charizard|Substitute|p1a: Charizard
|-start|p1a: Charizard|Substitute
|-damage|p1a: Charizard|26/100
|move|p2a: Swagpert|Hidden Power|p1a: Charizard
|-supereffective|p1a: Charizard
|-end|p1a: Charizard|Substitute
|
|-weather|Sandstorm|[upkeep]
|-damage|p1a: Charizard|20/100|[from] Sandstorm
|-heal|p1a: Charizard|26/100|[from] item: Leftovers
|-heal|p2a: Swagpert|51/100|[from] item: Leftovers
|upkeep
|turn|22
|
|t:|1728336444
|move|p1a: Charizard|Hidden Power|p2a: Swagpert
|-supereffective|p2a: Swagpert
|-damage|p2a: Swagpert|0 fnt
|faint|p2a: Swagpert
|c|☆SteelSwaggy|Double grass!? Oh you baited me nicely
|
|t:|1728336459
|switch|p2a: Spyro|Dragonite, M|72/100
|
|-weather|Sandstorm|[upkeep]
|-damage|p1a: Charizard|20/100|[from] Sandstorm
|-damage|p2a: Spyro|65/100|[from] Sandstorm
|-heal|p1a: Charizard|26/100|[from] item: Leftovers
|-heal|p2a: Spyro|72/100|[from] item: Leftovers
|upkeep
|turn|23
|
|t:|1728336462
|move|p1a: Charizard|Fire Blast|p2a: Spyro
|-resisted|p2a: Spyro
|-damage|p2a: Spyro|28/100
|move|p2a: Spyro|Ice Beam|p1a: Charizard
|-damage|p1a: Charizard|0 fnt
|faint|p1a: Charizard
|
|t:|1728336465
|switch|p1a: Swampert|Swampert, M|100/100
|
|-weather|Sandstorm|[upkeep]
|-damage|p2a: Spyro|22/100|[from] Sandstorm
|-heal|p2a: Spyro|28/100|[from] item: Leftovers
|upkeep
|turn|24
|
|t:|1728336467
|move|p2a: Spyro|Ice Beam|p1a: Swampert
|-damage|p1a: Swampert|73/100
|move|p1a: Swampert|Ice Beam|p2a: Spyro
|-supereffective|p2a: Spyro
|-damage|p2a: Spyro|0 fnt
|faint|p2a: Spyro
|
|win|Texas Cloverleaf
|c|☆SteelSwaggy|gg
|c|☆Texas Cloverleaf|shocking dnite
|c|☆Texas Cloverleaf|gg

</script>
<script type="application/json" class="data" id="replaydata-smogtours-gen3ou-796250">
{"id":"smogtours-gen3ou-796250","format":"[Gen 3] OU","players":["Texas Cloverleaf","SteelSwaggy"],"uploadtime":1728336467,"views":125,"formatid":"gen3ou","rating":null,"private":0,"password":null}
</script>

<script defer src="js/replays.js?9d40a366"></script>
