<!DOCTYPE html>
<meta charset="utf-8" />
<meta name="viewport" content="width=device-width" />

<title>[Gen 3] OU: Dridri457 vs. phycholess - Replays - Pok&eacute;mon Showdown!</title>

<meta name="description" content="Watch a replay of a Pok&eacute;mon battle between Dridri457 and phycholess! Format: [Gen 3] OU; Date: Oct 5, 2024" />
<!--

Hey, you! Looking in the source for the replay log?

You can find them in JSON format, just add `.json` at the end of a replay URL.

https://replay.pokemonshowdown.com/gen7randomdoublesbattle-865046831.json

Or, if you only need the log itself, add `.log` instead:

https://replay.pokemonshowdown.com/gen7randomdoublesbattle-865046831.log

-->

<link rel="stylesheet" href="//pokemonshowdown.com/style/global.css?0.023195364461161105" />
<link rel="stylesheet" href="//play.pokemonshowdown.com/style/font-awesome.css?0.13261647063804238" />
<link rel="stylesheet" href="//play.pokemonshowdown.com/style/battle.css?0.8753245789963631" />
<link rel="stylesheet" href="//play.pokemonshowdown.com/style/utilichart.css?0.8627959624976733" />

<!-- Global site tag (gtag.js) - Google Analytics -->
<script async src="https://www.googletagmanager.com/gtag/js?id=UA-26211653-1"></script>
<script>
  window.dataLayer = window.dataLayer || [];
  function gtag(){dataLayer.push(arguments);}
  gtag('js', new Date());

  gtag('config', 'UA-26211653-1');
</script>
<!-- End Google Analytics -->
<!-- Venatus Ad Manager - Install in <HEAD> of page -->
	<script src="https://hb.vntsm.com/v3/live/ad-manager.min.js" type="text/javascript" data-site-id="642aba63ec9a7b11c3c9c1be" data-mode="scan" async></script>
<!-- / Venatus Ad Manager -->

<style>
	@media (max-width:820px) {
		.battle {
			margin: 0 auto;
		}
		.battle-log {
			margin: 7px auto 0;
			max-width: 640px;
			height: 300px;
			position: static;
		}
	}
	.optgroup {
		display: inline-block;
		line-height: 22px;
		font-size: 10pt;
	}
	.optgroup .button {
		height: 25px;
		padding-top: 0;
		padding-bottom: 0;
	}
	.optgroup button.button {
		padding-left: 12px;
		padding-right: 12px;
	}
	.linklist {
		list-style: none;
		margin: 0.5em 0;
		padding: 0;
	}
	.linklist li {
		padding: 2px 0;
	}
	.sidebar {
		float: left;
		width: 320px;
	}
	.bar-wrapper {
		max-width: 1100px;
		margin: 0 auto;
	}
	.bar-wrapper.has-sidebar {
		max-width: 1430px;
	}
	.mainbar {
		margin: 0;
		padding-right: 1px;
	}
	.mainbar.has-sidebar {
		margin-left: 330px;
	}
	@media (min-width: 1511px) {
		.sidebar {
			width: 400px;
		}
		.bar-wrapper.has-sidebar {
			max-width: 1510px;
		}
		.mainbar.has-sidebar {
			margin-left: 410px;
		}
	}
	.section.first-section {
		margin-top: 9px;
	}
	.blocklink small {
		white-space: normal;
	}
	.button {
		vertical-align: middle;
	}
	.replay-controls {
		padding-top: 10px;
	}
	.replay-controls h1 {
		font-size: 16pt;
		font-weight: normal;
		color: #CCC;
	}
	.pagelink {
		text-align: center;
	}
	.pagelink a {
		width: 150px;
	}
	.textbox, .button {
		font-size: 11pt;
		vertical-align: middle;
	}
	@media (max-width: 450px) {
		.button {
			font-size: 9pt;
		}
	}
</style>

<div>

	<header>
		<div class="nav-wrapper"><ul class="nav">
			<li><a class="button nav-first" href="//pokemonshowdown.com/"><img src="//pokemonshowdown.com/images/pokemonshowdownbeta.png" srcset="//pokemonshowdown.com/images/pokemonshowdownbeta.png 1x, //pokemonshowdown.com/images/pokemonshowdownbeta@2x.png 2x" alt="Pok&eacute;mon Showdown" width="146" height="44" /> Home</a></li>
			<li><a class="button" href="//pokemonshowdown.com/dex/">Pok&eacute;dex</a></li>
			<li><a class="button cur" href="/">Replays</a></li>
			<li><a class="button" href="//pokemonshowdown.com/ladder/">Ladder</a></li>
			<li><a class="button nav-last" href="//pokemonshowdown.com/forums/">Forum</a></li>
			<li><a class="button greenbutton nav-first nav-last" href="//play.pokemonshowdown.com/">Play</a></li>
		</ul></div>
	</header>

	<div class="main" id="main">

		<noscript><section class="section">You need to enable JavaScript to use this page; sorry!</section></noscript>

	</div>

</div>

<script defer nomodule src="//play.pokemonshowdown.com/js/lib/ps-polyfill.js"></script>
<script defer src="//play.pokemonshowdown.com/js/lib/preact.min.js"></script>

<script defer src="//play.pokemonshowdown.com/config/config.js?2bddbc15"></script>
<script defer src="//play.pokemonshowdown.com/js/lib/jquery-1.11.0.min.js"></script>
<script defer src="//play.pokemonshowdown.com/js/lib/html-sanitizer-minified.js"></script>
<script defer src="//play.pokemonshowdown.com/js/battle-sound.js"></script>
<script defer src="//play.pokemonshowdown.com/js/battledata.js?0.7209276989879541"></script>
<script defer src="//play.pokemonshowdown.com/data/pokedex-mini.js?0.6111056340867951"></script>
<script defer src="//play.pokemonshowdown.com/data/pokedex-mini-bw.js?0.3532142036491459"></script>
<script defer src="//play.pokemonshowdown.com/data/graphics.js?0.24223875632456182"></script>
<script defer src="//play.pokemonshowdown.com/data/pokedex.js?0.38839984266356864"></script>
<script defer src="//play.pokemonshowdown.com/data/moves.js?0.21866028504024015"></script>
<script defer src="//play.pokemonshowdown.com/data/abilities.js?0.2005157953846628"></script>
<script defer src="//play.pokemonshowdown.com/data/items.js?0.9894211263848525"></script>
<script defer src="//play.pokemonshowdown.com/data/teambuilder-tables.js?0.6008791140282215"></script>
<script defer src="//play.pokemonshowdown.com/js/battle-tooltips.js?0.7580118955022959"></script>
<script defer src="//play.pokemonshowdown.com/js/battle.js?0.6057722274234274"></script>

<script defer src="js/utils.js?e31f9a17"></script>
<script defer src="js/replays-battle.js?7008c182"></script>

<!-- don't scrape this data! just add .json or .log after the URL!
Full API docs: https://github.com/smogon/pokemon-showdown-client/blob/master/WEB-API.md -->
<script type="text/plain" class="log" id="replaylog-smogtours-gen3ou-794932">
|inactive|Battle timer is ON: inactive players will automatically lose when time's up.
|t:|1728137871
|gametype|singles
|player|p1|Dridri457|#dridri457|
|player|p2|phycholess|2|
|teamsize|p1|6
|teamsize|p2|6
|gen|3
|tier|[Gen 3] OU
|rule|Sleep Clause Mod: Limit one foe put to sleep
|rule|Switch Priority Clause Mod: Faster Pokémon switch first
|rule|Species Clause: Limit one of each Pokémon
|rule|OHKO Clause: OHKO moves are banned
|rule|Evasion Items Clause: Evasion items are banned
|rule|Evasion Moves Clause: Evasion moves are banned
|rule|Endless Battle Clause: Forcing endless battles is banned
|rule|HP Percentage Mod: HP is shown in percentages
|rule|One Boost Passer Clause: Limit one Baton Passer that has a way to boost its stats
|rule|Freeze Clause Mod: Limit one foe frozen
|
|t:|1728137871
|start
|switch|p1a: Metagross|Metagross|100/100
|switch|p2a: Cloyster|Cloyster, F, shiny|100/100
|turn|1
|c|☆Dridri457|hf
|inactive|Dridri457 has 270 seconds left.
|
|t:|1728137908
|move|p2a: Cloyster|Spikes|p1a: Metagross
|-sidestart|p1: Dridri457|Spikes
|move|p1a: Metagross|Meteor Mash|p2a: Cloyster
|-damage|p2a: Cloyster|58/100
|
|-heal|p2a: Cloyster|65/100|[from] item: Leftovers
|upkeep
|turn|2
|
|t:|1728137916
|move|p2a: Cloyster|Spikes|p1a: Metagross
|-sidestart|p1: Dridri457|Spikes
|move|p1a: Metagross|Meteor Mash|p2a: Cloyster
|-damage|p2a: Cloyster|20/100
|
|-heal|p2a: Cloyster|26/100|[from] item: Leftovers
|upkeep
|turn|3
|
|t:|1728137929
|move|p2a: Cloyster|Spikes|p1a: Metagross
|-sidestart|p1: Dridri457|Spikes
|move|p1a: Metagross|Rock Slide|p2a: Cloyster
|-supereffective|p2a: Cloyster
|-damage|p2a: Cloyster|0 fnt
|faint|p2a: Cloyster
|
|t:|1728137938
|switch|p2a: Dugtrio|Dugtrio, M|100/100
|
|upkeep
|turn|4
|c|☆Dridri457|hi damien
|
|t:|1728137952
|move|p2a: Dugtrio|Earthquake|p1a: Metagross
|-supereffective|p1a: Metagross
|-damage|p1a: Metagross|15/100
|move|p1a: Metagross|Meteor Mash|p2a: Dugtrio|[miss]
|-miss|p1a: Metagross|p2a: Dugtrio
|
|-heal|p1a: Metagross|21/100|[from] item: Leftovers
|upkeep
|turn|5
|
|t:|1728137961
|move|p2a: Dugtrio|Earthquake|p1a: Metagross
|-supereffective|p1a: Metagross
|-damage|p1a: Metagross|0 fnt
|faint|p1a: Metagross
|
|t:|1728137964
|switch|p1a: Porygon2|Porygon2|100/100
|-damage|p1a: Porygon2|76/100|[from] Spikes
|-ability|p1a: Porygon2|Arena Trap|[from] ability: Trace|[of] p2a: Dugtrio
|
|-heal|p1a: Porygon2|82/100|[from] item: Leftovers
|upkeep
|turn|6
|c|+damien the genius|hi dridri
|c|+damien the genius|came to watch the goat
|
|t:|1728137974
|move|p2a: Dugtrio|Earthquake|p1a: Porygon2
|-damage|p1a: Porygon2|40/100
|move|p1a: Porygon2|Recover|p1a: Porygon2
|-heal|p1a: Porygon2|90/100
|
|-heal|p1a: Porygon2|96/100|[from] item: Leftovers
|upkeep
|turn|7
|c|☆Dridri457|just look at the mirror man
|
|t:|1728137982
|move|p2a: Dugtrio|Earthquake|p1a: Porygon2
|-damage|p1a: Porygon2|52/100
|move|p1a: Porygon2|Recover|p1a: Porygon2
|-heal|p1a: Porygon2|100/100
|
|upkeep
|turn|8
|c|+damien the genius|lol nah it's you
|inactive|phycholess has 270 seconds left.
|
|t:|1728138017
|move|p2a: Dugtrio|Earthquake|p1a: Porygon2
|-damage|p1a: Porygon2|56/100
|move|p1a: Porygon2|Recover|p1a: Porygon2
|-heal|p1a: Porygon2|100/100
|
|upkeep
|turn|9
|inactive|phycholess has 270 seconds left.
|
|t:|1728138041
|move|p2a: Dugtrio|Earthquake|p1a: Porygon2
|-damage|p1a: Porygon2|57/100
|move|p1a: Porygon2|Recover|p1a: Porygon2
|-heal|p1a: Porygon2|100/100
|
|upkeep
|turn|10
|
|t:|1728138051
|move|p2a: Dugtrio|Earthquake|p1a: Porygon2
|-crit|p1a: Porygon2
|-damage|p1a: Porygon2|22/100
|move|p1a: Porygon2|Recover|p1a: Porygon2
|-heal|p1a: Porygon2|72/100
|
|-heal|p1a: Porygon2|78/100|[from] item: Leftovers
|upkeep
|turn|11
|inactive|phycholess has 270 seconds left.
|
|t:|1728138059
|move|p2a: Dugtrio|Earthquake|p1a: Porygon2
|-damage|p1a: Porygon2|37/100
|move|p1a: Porygon2|Recover|p1a: Porygon2
|-heal|p1a: Porygon2|87/100
|
|-heal|p1a: Porygon2|93/100|[from] item: Leftovers
|upkeep
|turn|12
|
|t:|1728138068
|move|p2a: Dugtrio|Earthquake|p1a: Porygon2
|-damage|p1a: Porygon2|48/100
|move|p1a: Porygon2|Recover|p1a: Porygon2
|-heal|p1a: Porygon2|98/100
|
|-heal|p1a: Porygon2|100/100|[from] item: Leftovers
|upkeep
|turn|13
|
|t:|1728138078
|move|p2a: Dugtrio|Earthquake|p1a: Porygon2
|-damage|p1a: Porygon2|59/100
|move|p1a: Porygon2|Recover|p1a: Porygon2
|-heal|p1a: Porygon2|100/100
|
|upkeep
|turn|14
|
|t:|1728138084
|move|p2a: Dugtrio|Earthquake|p1a: Porygon2
|-damage|p1a: Porygon2|62/100
|move|p1a: Porygon2|Recover|p1a: Porygon2
|-heal|p1a: Porygon2|100/100
|
|upkeep
|turn|15
|
|t:|1728138094
|move|p2a: Dugtrio|Earthquake|p1a: Porygon2
|-damage|p1a: Porygon2|57/100
|move|p1a: Porygon2|Recover|p1a: Porygon2
|-heal|p1a: Porygon2|100/100
|
|upkeep
|turn|16
|
|t:|1728138100
|move|p2a: Dugtrio|Earthquake|p1a: Porygon2
|-damage|p1a: Porygon2|59/100
|move|p1a: Porygon2|Recover|p1a: Porygon2
|-heal|p1a: Porygon2|100/100
|
|upkeep
|turn|17
|
|t:|1728138107
|move|p2a: Dugtrio|Earthquake|p1a: Porygon2
|-damage|p1a: Porygon2|60/100
|move|p1a: Porygon2|Recover|p1a: Porygon2
|-heal|p1a: Porygon2|100/100
|
|upkeep
|turn|18
|
|t:|1728138113
|move|p2a: Dugtrio|Earthquake|p1a: Porygon2
|-damage|p1a: Porygon2|57/100
|move|p1a: Porygon2|Recover|p1a: Porygon2
|-heal|p1a: Porygon2|100/100
|
|upkeep
|turn|19
|
|t:|1728138124
|move|p2a: Dugtrio|Earthquake|p1a: Porygon2
|-damage|p1a: Porygon2|57/100
|move|p1a: Porygon2|Recover|p1a: Porygon2
|-heal|p1a: Porygon2|100/100
|
|upkeep
|turn|20
|
|t:|1728138133
|move|p2a: Dugtrio|Struggle|p1a: Porygon2
|-damage|p1a: Porygon2|86/100
|-damage|p2a: Dugtrio|94/100|[from] Recoil|[of] p1a: Porygon2
|move|p1a: Porygon2|Ice Beam|p2a: Dugtrio
|-supereffective|p2a: Dugtrio
|-damage|p2a: Dugtrio|0 fnt
|faint|p2a: Dugtrio
|
|t:|1728138160
|switch|p2a: Breloom|Breloom, F|100/100
|
|-heal|p1a: Porygon2|92/100|[from] item: Leftovers
|upkeep
|turn|21
|
|t:|1728138175
|move|p2a: Breloom|Spore|p1a: Porygon2
|-status|p1a: Porygon2|slp|[from] move: Spore
|cant|p1a: Porygon2|slp
|
|-heal|p1a: Porygon2|99/100 slp|[from] item: Leftovers
|upkeep
|turn|22
|
|t:|1728138183
|-singleturn|p2a: Breloom|move: Focus Punch
|switch|p1a: Gyarados|Gyarados, M|100/100
|-ability|p1a: Gyarados|Intimidate|boost
|-unboost|p2a: Breloom|atk|1
|move|p2a: Breloom|Focus Punch|p1a: Gyarados
|-resisted|p1a: Gyarados
|-damage|p1a: Gyarados|68/100
|
|-heal|p1a: Gyarados|75/100|[from] item: Leftovers
|upkeep
|turn|23
|
|t:|1728138197
|switch|p2a: Zapdos|Zapdos|100/100
|move|p1a: Gyarados|Thunder Wave|p2a: Zapdos
|-status|p2a: Zapdos|par
|
|-heal|p1a: Gyarados|81/100|[from] item: Leftovers
|upkeep
|turn|24
|
|t:|1728138213
|switch|p1a: Snorlax|Snorlax, F|100/100
|-damage|p1a: Snorlax|76/100|[from] Spikes
|move|p2a: Zapdos|Agility|p2a: Zapdos
|-boost|p2a: Zapdos|spe|2
|
|-heal|p1a: Snorlax|82/100|[from] item: Leftovers
|upkeep
|turn|25
|
|t:|1728138224
|move|p2a: Zapdos|Agility|p2a: Zapdos
|-boost|p2a: Zapdos|spe|2
|move|p1a: Snorlax|Body Slam|p2a: Zapdos
|-damage|p2a: Zapdos|47/100 par
|
|-heal|p2a: Zapdos|53/100 par|[from] item: Leftovers
|-heal|p1a: Snorlax|88/100|[from] item: Leftovers
|upkeep
|turn|26
|
|t:|1728138234
|move|p2a: Zapdos|Baton Pass|p2a: Zapdos
|
|t:|1728138243
|switch|p2a: Breloom|Breloom, F|100/100|[from] Baton Pass
|move|p1a: Snorlax|Body Slam|p2a: Breloom
|-damage|p2a: Breloom|33/100
|
|-heal|p2a: Breloom|40/100|[from] item: Leftovers
|-heal|p1a: Snorlax|94/100|[from] item: Leftovers
|upkeep
|turn|27
|
|t:|1728138254
|switch|p1a: Gyarados|Gyarados, M|81/100
|-ability|p1a: Gyarados|Intimidate|boost
|-unboost|p2a: Breloom|atk|1
|move|p2a: Breloom|Sky Uppercut|p1a: Gyarados|[miss]
|-miss|p2a: Breloom|p1a: Gyarados
|
|-heal|p2a: Breloom|46/100|[from] item: Leftovers
|-heal|p1a: Gyarados|87/100|[from] item: Leftovers
|upkeep
|turn|28
|
|t:|1728138267
|switch|p2a: Zapdos|Zapdos|53/100 par
|move|p1a: Gyarados|Hidden Power|p2a: Zapdos
|-resisted|p2a: Zapdos
|-damage|p2a: Zapdos|31/100 par
|
|-heal|p1a: Gyarados|93/100|[from] item: Leftovers
|-heal|p2a: Zapdos|37/100 par|[from] item: Leftovers
|upkeep
|turn|29
|inactive|phycholess has 270 seconds left.
|
|t:|1728138299
|switch|p1a: Magneton|Magneton, shiny|100/100
|-damage|p1a: Magneton|76/100|[from] Spikes
|move|p2a: Zapdos|Baton Pass|p2a: Zapdos
|inactive|phycholess has 270 seconds left.
|
|t:|1728138309
|switch|p2a: Metagross|Metagross|100/100|[from] Baton Pass
|
|-heal|p1a: Magneton|82/100|[from] item: Leftovers
|upkeep
|turn|30
|inactive|phycholess has 270 seconds left.
|c|+Akeras|DRIDRI
|
|t:|1728138327
|move|p1a: Magneton|Protect|p1a: Magneton
|-singleturn|p1a: Magneton|Protect
|move|p2a: Metagross|Earthquake|p1a: Magneton
|-activate|p1a: Magneton|Protect
|
|-heal|p1a: Magneton|88/100|[from] item: Leftovers
|upkeep
|turn|31
|c|☆Dridri457|^^
|
|t:|1728138334
|switch|p1a: Gyarados|Gyarados, M|93/100
|-ability|p1a: Gyarados|Intimidate|boost
|-fail|p2a: Metagross|unboost|[from] ability: Clear Body|[of] p2a: Metagross
|move|p2a: Metagross|Earthquake|p1a: Gyarados
|-immune|p1a: Gyarados
|
|-heal|p1a: Gyarados|99/100|[from] item: Leftovers
|upkeep
|turn|32
|inactive|phycholess has 270 seconds left.
|inactive|phycholess has 240 seconds left.
|inactive|Dridri457 has 270 seconds left.
|
|t:|1728138391
|switch|p1a: Magneton|Magneton, shiny|88/100
|-damage|p1a: Magneton|63/100|[from] Spikes
|switch|p2a: Blissey|Blissey, F|100/100
|
|-heal|p1a: Magneton|69/100|[from] item: Leftovers
|upkeep
|turn|33
|inactive|phycholess has 240 seconds left.
|inactive|Dridri457 has 270 seconds left.
|
|t:|1728138422
|move|p1a: Magneton|Thunder Wave|p2a: Blissey
|-status|p2a: Blissey|par
|move|p2a: Blissey|Thunder Wave|p1a: Magneton
|-status|p1a: Magneton|par
|
|-heal|p1a: Magneton|75/100 par|[from] item: Leftovers
|upkeep
|turn|34
|inactive|phycholess has 240 seconds left.
|
|t:|1728138436
|move|p1a: Magneton|Hidden Power|p2a: Blissey
|-damage|p2a: Blissey|92/100 par
|move|p2a: Blissey|Seismic Toss|p1a: Magneton
|-damage|p1a: Magneton|39/100 par
|
|-heal|p1a: Magneton|45/100 par|[from] item: Leftovers
|-heal|p2a: Blissey|98/100 par|[from] item: Leftovers
|upkeep
|turn|35
|inactive|phycholess has 240 seconds left.
|
|t:|1728138447
|move|p1a: Magneton|Hidden Power|p2a: Blissey
|-damage|p2a: Blissey|90/100 par
|move|p2a: Blissey|Seismic Toss|p1a: Magneton
|-damage|p1a: Magneton|9/100 par
|
|-heal|p1a: Magneton|15/100 par|[from] item: Leftovers
|-heal|p2a: Blissey|96/100 par|[from] item: Leftovers
|upkeep
|turn|36
|
|t:|1728138457
|move|p1a: Magneton|Thunder Wave|p2a: Blissey
|-fail|p2a: Blissey|par
|move|p2a: Blissey|Seismic Toss|p1a: Magneton
|-damage|p1a: Magneton|0 fnt
|faint|p1a: Magneton
|
|t:|1728138460
|switch|p1a: Heracross|Heracross, F|100/100
|-damage|p1a: Heracross|76/100|[from] Spikes
|
|-heal|p2a: Blissey|100/100 par|[from] item: Leftovers
|upkeep
|turn|37
|
|t:|1728138476
|-curestatus|p2a: Blissey|par|[from] ability: Natural Cure
|switch|p2a: Zapdos|Zapdos|37/100 par
|move|p1a: Heracross|Substitute|p1a: Heracross
|-start|p1a: Heracross|Substitute
|-damage|p1a: Heracross|51/100
|
|-heal|p2a: Zapdos|43/100 par|[from] item: Leftovers
|upkeep
|turn|38
|
|t:|1728138490
|move|p1a: Heracross|Swords Dance|p1a: Heracross
|-boost|p1a: Heracross|atk|2
|move|p2a: Zapdos|Agility|p2a: Zapdos
|-boost|p2a: Zapdos|spe|2
|
|-heal|p2a: Zapdos|49/100 par|[from] item: Leftovers
|upkeep
|turn|39
|
|t:|1728138499
|move|p1a: Heracross|Megahorn|p2a: Zapdos|[miss]
|-miss|p1a: Heracross|p2a: Zapdos
|move|p2a: Zapdos|Thunderbolt|p1a: Heracross
|-end|p1a: Heracross|Substitute
|
|-heal|p2a: Zapdos|56/100 par|[from] item: Leftovers
|upkeep
|turn|40
|
|t:|1728138508
|move|p1a: Heracross|Substitute|p1a: Heracross
|-start|p1a: Heracross|Substitute
|-damage|p1a: Heracross|26/100
|move|p2a: Zapdos|Thunderbolt|p1a: Heracross
|-end|p1a: Heracross|Substitute
|
|-heal|p2a: Zapdos|62/100 par|[from] item: Leftovers
|upkeep
|turn|41
|
|t:|1728138516
|move|p1a: Heracross|Substitute|p1a: Heracross
|-start|p1a: Heracross|Substitute
|-damage|p1a: Heracross|1/100
|move|p2a: Zapdos|Thunderbolt|p1a: Heracross
|-end|p1a: Heracross|Substitute
|
|-enditem|p1a: Heracross|Salac Berry|[eat]
|-boost|p1a: Heracross|spe|1|[from] item: Salac Berry
|-heal|p2a: Zapdos|68/100 par|[from] item: Leftovers
|upkeep
|turn|42
|
|t:|1728138533
|move|p1a: Heracross|Reversal|p2a: Zapdos
|-resisted|p2a: Zapdos
|-damage|p2a: Zapdos|0 fnt
|faint|p2a: Zapdos
|
|t:|1728138543
|switch|p2a: Breloom|Breloom, F|46/100
|
|-heal|p2a: Breloom|52/100|[from] item: Leftovers
|upkeep
|turn|43
|
|t:|1728138549
|move|p2a: Breloom|Mach Punch|p1a: Heracross
|-resisted|p1a: Heracross
|-damage|p1a: Heracross|0 fnt
|faint|p1a: Heracross
|c|☆Dridri457|focus punch sky mach punch^^
|c|☆Dridri457|damn
|
|t:|1728138566
|switch|p1a: Gyarados|Gyarados, M|99/100
|-ability|p1a: Gyarados|Intimidate|boost
|-unboost|p2a: Breloom|atk|1
|
|-heal|p1a: Gyarados|100/100|[from] item: Leftovers
|-heal|p2a: Breloom|58/100|[from] item: Leftovers
|upkeep
|turn|44
|
|t:|1728138581
|switch|p2a: Metagross|Metagross|100/100
|move|p1a: Gyarados|Dragon Dance|p1a: Gyarados
|-boost|p1a: Gyarados|atk|1
|-boost|p1a: Gyarados|spe|1
|
|upkeep
|turn|45
|
|t:|1728138600
|switch|p1a: Porygon2|Porygon2|99/100 slp
|-damage|p1a: Porygon2|74/100 slp|[from] Spikes
|-ability|p1a: Porygon2|Clear Body|[from] ability: Trace|[of] p2a: Metagross
|move|p2a: Metagross|Explosion|p1a: Porygon2
|-damage|p1a: Porygon2|0 fnt
|faint|p2a: Metagross
|faint|p1a: Porygon2
|inactive|Dridri457 has 270 seconds left.
|
|t:|1728138631
|switch|p2a: Blissey|Blissey, F|100/100
|switch|p1a: Snorlax|Snorlax, F|94/100
|-damage|p1a: Snorlax|69/100|[from] Spikes
|
|-heal|p1a: Snorlax|75/100|[from] item: Leftovers
|upkeep
|turn|46
|inactive|Dridri457 has 270 seconds left.
|inactive|phycholess has 270 seconds left.
|
|t:|1728138643
|move|p2a: Blissey|Thunder Wave|p1a: Snorlax
|-status|p1a: Snorlax|par
|move|p1a: Snorlax|Body Slam|p2a: Blissey
|-damage|p2a: Blissey|54/100
|
|-heal|p2a: Blissey|61/100|[from] item: Leftovers
|-heal|p1a: Snorlax|81/100 par|[from] item: Leftovers
|upkeep
|turn|47
|inactive|Dridri457 has 270 seconds left.
|inactive|phycholess has 270 seconds left.
|
|t:|1728138654
|move|p2a: Blissey|Soft-Boiled|p2a: Blissey
|-heal|p2a: Blissey|100/100
|cant|p1a: Snorlax|par
|
|-heal|p1a: Snorlax|87/100 par|[from] item: Leftovers
|upkeep
|turn|48
|inactive|phycholess has 270 seconds left.
|
|t:|1728138661
|move|p2a: Blissey|Seismic Toss|p1a: Snorlax
|-damage|p1a: Snorlax|66/100 par
|move|p1a: Snorlax|Self-Destruct|p2a: Blissey
|-damage|p2a: Blissey|0 fnt
|faint|p1a: Snorlax
|faint|p2a: Blissey
|
|t:|1728138669
|switch|p2a: Breloom|Breloom, F|58/100
|switch|p1a: Gyarados|Gyarados, M|100/100
|-ability|p1a: Gyarados|Intimidate|boost
|-unboost|p2a: Breloom|atk|1
|
|-heal|p2a: Breloom|64/100|[from] item: Leftovers
|upkeep
|turn|49
|c|☆Dridri457|gg
|c|☆Dridri457|u surprised me a lot
|
|t:|1728138681
|move|p1a: Gyarados|Hidden Power|p2a: Breloom
|-supereffective|p2a: Breloom
|-damage|p2a: Breloom|0 fnt
|faint|p2a: Breloom
|
|win|Dridri457
|player|p2|

</script>
<script type="application/json" class="data" id="replaydata-smogtours-gen3ou-794932">
{"id":"smogtours-gen3ou-794932","format":"[Gen 3] OU","players":["Dridri457","phycholess"],"uploadtime":1728138681,"views":118,"formatid":"gen3ou","rating":null,"private":0,"password":null}
</script>

<script defer src="js/replays.js?9d40a366"></script>
