<!DOCTYPE html>
<meta charset="utf-8" />
<meta name="viewport" content="width=device-width" />

<title>[Gen 3] OU: EG Zelph vs. Big Chungus irl - Replays - Pok&eacute;mon Showdown!</title>

<meta name="description" content="Watch a replay of a Pok&eacute;mon battle between EG Zelph and Big Chungus irl! Format: [Gen 3] OU; Date: Oct 18, 2024" />
<!--

Hey, you! Looking in the source for the replay log?

You can find them in JSON format, just add `.json` at the end of a replay URL.

https://replay.pokemonshowdown.com/gen7randomdoublesbattle-865046831.json

Or, if you only need the log itself, add `.log` instead:

https://replay.pokemonshowdown.com/gen7randomdoublesbattle-865046831.log

-->

<link rel="stylesheet" href="//pokemonshowdown.com/style/global.css?0.023195364461161105" />
<link rel="stylesheet" href="//play.pokemonshowdown.com/style/font-awesome.css?0.13261647063804238" />
<link rel="stylesheet" href="//play.pokemonshowdown.com/style/battle.css?0.8753245789963631" />
<link rel="stylesheet" href="//play.pokemonshowdown.com/style/utilichart.css?0.8627959624976733" />

<!-- Global site tag (gtag.js) - Google Analytics -->
<script async src="https://www.googletagmanager.com/gtag/js?id=UA-26211653-1"></script>
<script>
  window.dataLayer = window.dataLayer || [];
  function gtag(){dataLayer.push(arguments);}
  gtag('js', new Date());

  gtag('config', 'UA-26211653-1');
</script>
<!-- End Google Analytics -->
<!-- Venatus Ad Manager - Install in <HEAD> of page -->
	<script src="https://hb.vntsm.com/v3/live/ad-manager.min.js" type="text/javascript" data-site-id="642aba63ec9a7b11c3c9c1be" data-mode="scan" async></script>
<!-- / Venatus Ad Manager -->

<style>
	@media (max-width:820px) {
		.battle {
			margin: 0 auto;
		}
		.battle-log {
			margin: 7px auto 0;
			max-width: 640px;
			height: 300px;
			position: static;
		}
	}
	.optgroup {
		display: inline-block;
		line-height: 22px;
		font-size: 10pt;
	}
	.optgroup .button {
		height: 25px;
		padding-top: 0;
		padding-bottom: 0;
	}
	.optgroup button.button {
		padding-left: 12px;
		padding-right: 12px;
	}
	.linklist {
		list-style: none;
		margin: 0.5em 0;
		padding: 0;
	}
	.linklist li {
		padding: 2px 0;
	}
	.sidebar {
		float: left;
		width: 320px;
	}
	.bar-wrapper {
		max-width: 1100px;
		margin: 0 auto;
	}
	.bar-wrapper.has-sidebar {
		max-width: 1430px;
	}
	.mainbar {
		margin: 0;
		padding-right: 1px;
	}
	.mainbar.has-sidebar {
		margin-left: 330px;
	}
	@media (min-width: 1511px) {
		.sidebar {
			width: 400px;
		}
		.bar-wrapper.has-sidebar {
			max-width: 1510px;
		}
		.mainbar.has-sidebar {
			margin-left: 410px;
		}
	}
	.section.first-section {
		margin-top: 9px;
	}
	.blocklink small {
		white-space: normal;
	}
	.button {
		vertical-align: middle;
	}
	.replay-controls {
		padding-top: 10px;
	}
	.replay-controls h1 {
		font-size: 16pt;
		font-weight: normal;
		color: #CCC;
	}
	.pagelink {
		text-align: center;
	}
	.pagelink a {
		width: 150px;
	}
	.textbox, .button {
		font-size: 11pt;
		vertical-align: middle;
	}
	@media (max-width: 450px) {
		.button {
			font-size: 9pt;
		}
	}
</style>

<div>

	<header>
		<div class="nav-wrapper"><ul class="nav">
			<li><a class="button nav-first" href="//pokemonshowdown.com/"><img src="//pokemonshowdown.com/images/pokemonshowdownbeta.png" srcset="//pokemonshowdown.com/images/pokemonshowdownbeta.png 1x, //pokemonshowdown.com/images/pokemonshowdownbeta@2x.png 2x" alt="Pok&eacute;mon Showdown" width="146" height="44" /> Home</a></li>
			<li><a class="button" href="//pokemonshowdown.com/dex/">Pok&eacute;dex</a></li>
			<li><a class="button cur" href="/">Replays</a></li>
			<li><a class="button" href="//pokemonshowdown.com/ladder/">Ladder</a></li>
			<li><a class="button nav-last" href="//pokemonshowdown.com/forums/">Forum</a></li>
			<li><a class="button greenbutton nav-first nav-last" href="//play.pokemonshowdown.com/">Play</a></li>
		</ul></div>
	</header>

	<div class="main" id="main">

		<noscript><section class="section">You need to enable JavaScript to use this page; sorry!</section></noscript>

	</div>

</div>

<script defer nomodule src="//play.pokemonshowdown.com/js/lib/ps-polyfill.js"></script>
<script defer src="//play.pokemonshowdown.com/js/lib/preact.min.js"></script>

<script defer src="//play.pokemonshowdown.com/config/config.js?2bddbc15"></script>
<script defer src="//play.pokemonshowdown.com/js/lib/jquery-1.11.0.min.js"></script>
<script defer src="//play.pokemonshowdown.com/js/lib/html-sanitizer-minified.js"></script>
<script defer src="//play.pokemonshowdown.com/js/battle-sound.js"></script>
<script defer src="//play.pokemonshowdown.com/js/battledata.js?0.7209276989879541"></script>
<script defer src="//play.pokemonshowdown.com/data/pokedex-mini.js?0.6111056340867951"></script>
<script defer src="//play.pokemonshowdown.com/data/pokedex-mini-bw.js?0.3532142036491459"></script>
<script defer src="//play.pokemonshowdown.com/data/graphics.js?0.24223875632456182"></script>
<script defer src="//play.pokemonshowdown.com/data/pokedex.js?0.38839984266356864"></script>
<script defer src="//play.pokemonshowdown.com/data/moves.js?0.21866028504024015"></script>
<script defer src="//play.pokemonshowdown.com/data/abilities.js?0.2005157953846628"></script>
<script defer src="//play.pokemonshowdown.com/data/items.js?0.9894211263848525"></script>
<script defer src="//play.pokemonshowdown.com/data/teambuilder-tables.js?0.6008791140282215"></script>
<script defer src="//play.pokemonshowdown.com/js/battle-tooltips.js?0.7580118955022959"></script>
<script defer src="//play.pokemonshowdown.com/js/battle.js?0.6057722274234274"></script>

<script defer src="js/utils.js?e31f9a17"></script>
<script defer src="js/replays-battle.js?7008c182"></script>

<!-- don't scrape this data! just add .json or .log after the URL!
Full API docs: https://github.com/smogon/pokemon-showdown-client/blob/master/WEB-API.md -->
<script type="text/plain" class="log" id="replaylog-smogtours-gen3ou-799607">
|inactive|Battle timer is ON: inactive players will automatically lose when time's up.
|t:|1729276337
|gametype|singles
|player|p1|EG Zelph|sabrina|
|player|p2|Big Chungus irl|firebreather|
|teamsize|p1|6
|teamsize|p2|6
|gen|3
|tier|[Gen 3] OU
|rule|Sleep Clause Mod: Limit one foe put to sleep
|rule|Switch Priority Clause Mod: Faster Pokémon switch first
|rule|Species Clause: Limit one of each Pokémon
|rule|OHKO Clause: OHKO moves are banned
|rule|Evasion Items Clause: Evasion items are banned
|rule|Evasion Moves Clause: Evasion moves are banned
|rule|Endless Battle Clause: Forcing endless battles is banned
|rule|HP Percentage Mod: HP is shown in percentages
|rule|One Boost Passer Clause: Limit one Baton Passer that has a way to boost its stats
|rule|Freeze Clause Mod: Limit one foe frozen
|
|t:|1729276337
|start
|switch|p1a: Tyranitar|Tyranitar, F|100/100
|switch|p2a: Tyranitar|Tyranitar, F|100/100
|-weather|Sandstorm|[from] ability: Sand Stream|[of] p2a: Tyranitar
|turn|1
|inactive|EG Zelph also wants the timer to be on.
|c|☆Big Chungus irl|gl and hf
|c|☆EG Zelph|u2
|
|t:|1729276357
|switch|p1a: Skarmory|Skarmory, F|100/100
|move|p2a: Tyranitar|Earthquake|p1a: Skarmory
|-immune|p1a: Skarmory
|
|-weather|Sandstorm|[upkeep]
|upkeep
|turn|2
|
|t:|1729276361
|switch|p2a: Magneton|Magneton|100/100
|move|p1a: Skarmory|Spikes|p2a: Magneton
|-sidestart|p2: Big Chungus irl|Spikes
|
|-weather|Sandstorm|[upkeep]
|upkeep
|turn|3
|
|t:|1729276365
|move|p2a: Magneton|Thunderbolt|p1a: Skarmory
|-supereffective|p1a: Skarmory
|-damage|p1a: Skarmory|11/100
|move|p1a: Skarmory|Roar|p2a: Magneton
|drag|p2a: Milotic|Milotic, M|100/100
|-damage|p2a: Milotic|88/100|[from] Spikes
|
|-weather|Sandstorm|[upkeep]
|-damage|p2a: Milotic|82/100|[from] Sandstorm
|-heal|p2a: Milotic|88/100|[from] item: Leftovers
|-heal|p1a: Skarmory|17/100|[from] item: Leftovers
|upkeep
|turn|4
|
|t:|1729276374
|switch|p1a: Celebi|Celebi|100/100
|move|p2a: Milotic|Surf|p1a: Celebi
|-resisted|p1a: Celebi
|-damage|p1a: Celebi|86/100
|
|-weather|Sandstorm|[upkeep]
|-damage|p1a: Celebi|80/100|[from] Sandstorm
|-damage|p2a: Milotic|82/100|[from] Sandstorm
|-heal|p1a: Celebi|86/100|[from] item: Leftovers
|-heal|p2a: Milotic|88/100|[from] item: Leftovers
|upkeep
|turn|5
|
|t:|1729276385
|switch|p2a: Skarmory|Skarmory, M|100/100
|move|p1a: Celebi|Hidden Power|p2a: Skarmory
|-supereffective|p2a: Skarmory
|-damage|p2a: Skarmory|61/100
|
|-weather|Sandstorm|[upkeep]
|-damage|p1a: Celebi|80/100|[from] Sandstorm
|-heal|p1a: Celebi|86/100|[from] item: Leftovers
|-heal|p2a: Skarmory|67/100|[from] item: Leftovers
|upkeep
|turn|6
|
|t:|1729276390
|move|p2a: Skarmory|Protect|p2a: Skarmory
|-singleturn|p2a: Skarmory|Protect
|move|p1a: Celebi|Hidden Power|p2a: Skarmory
|-activate|p2a: Skarmory|Protect
|
|-weather|Sandstorm|[upkeep]
|-damage|p1a: Celebi|80/100|[from] Sandstorm
|-heal|p1a: Celebi|86/100|[from] item: Leftovers
|-heal|p2a: Skarmory|73/100|[from] item: Leftovers
|upkeep
|turn|7
|
|t:|1729276396
|switch|p2a: Blissey|Blissey, F|100/100
|-damage|p2a: Blissey|88/100|[from] Spikes
|move|p1a: Celebi|Hidden Power|p2a: Blissey
|-damage|p2a: Blissey|78/100
|
|-weather|Sandstorm|[upkeep]
|-damage|p1a: Celebi|80/100|[from] Sandstorm
|-damage|p2a: Blissey|72/100|[from] Sandstorm
|-heal|p1a: Celebi|86/100|[from] item: Leftovers
|-heal|p2a: Blissey|78/100|[from] item: Leftovers
|upkeep
|turn|8
|
|t:|1729276405
|move|p1a: Celebi|Leech Seed|p2a: Blissey
|-start|p2a: Blissey|move: Leech Seed
|move|p2a: Blissey|Ice Beam|p1a: Celebi
|-supereffective|p1a: Celebi
|-damage|p1a: Celebi|45/100
|
|-weather|Sandstorm|[upkeep]
|-damage|p1a: Celebi|39/100|[from] Sandstorm
|-damage|p2a: Blissey|72/100|[from] Sandstorm
|-heal|p1a: Celebi|45/100|[from] item: Leftovers
|-heal|p2a: Blissey|78/100|[from] item: Leftovers
|-damage|p2a: Blissey|66/100|[from] Leech Seed|[of] p1a: Celebi
|-heal|p1a: Celebi|69/100|[silent]
|upkeep
|turn|9
|
|t:|1729276410
|move|p1a: Celebi|Leech Seed||[still]
|-fail|p1a: Celebi
|move|p2a: Blissey|Soft-Boiled|p2a: Blissey
|-heal|p2a: Blissey|100/100
|
|-weather|Sandstorm|[upkeep]
|-damage|p1a: Celebi|62/100|[from] Sandstorm
|-damage|p2a: Blissey|94/100|[from] Sandstorm
|-heal|p1a: Celebi|69/100|[from] item: Leftovers
|-heal|p2a: Blissey|100/100|[from] item: Leftovers
|-damage|p2a: Blissey|88/100|[from] Leech Seed|[of] p1a: Celebi
|-heal|p1a: Celebi|92/100|[silent]
|upkeep
|turn|10
|
|t:|1729276420
|move|p1a: Celebi|Leech Seed|p2a: Blissey|[miss]
|-miss|p1a: Celebi|p2a: Blissey
|move|p2a: Blissey|Ice Beam|p1a: Celebi
|-supereffective|p1a: Celebi
|-damage|p1a: Celebi|50/100
|-status|p1a: Celebi|frz
|
|-weather|Sandstorm|[upkeep]
|-damage|p1a: Celebi|44/100 frz|[from] Sandstorm
|-damage|p2a: Blissey|82/100|[from] Sandstorm
|-heal|p1a: Celebi|50/100 frz|[from] item: Leftovers
|-heal|p2a: Blissey|88/100|[from] item: Leftovers
|-damage|p2a: Blissey|76/100|[from] Leech Seed|[of] p1a: Celebi
|-heal|p1a: Celebi|74/100 frz|[silent]
|upkeep
|turn|11
|
|t:|1729276428
|-curestatus|p1a: Celebi|frz|[from] ability: Natural Cure
|switch|p1a: Tyranitar|Tyranitar, F|100/100
|switch|p2a: Skarmory|Skarmory, M|73/100
|
|-weather|Sandstorm|[upkeep]
|-heal|p2a: Skarmory|79/100|[from] item: Leftovers
|upkeep
|turn|12
|
|t:|1729276440
|move|p2a: Skarmory|Spikes|p1a: Tyranitar
|-sidestart|p1: EG Zelph|Spikes
|move|p1a: Tyranitar|Substitute|p1a: Tyranitar
|-start|p1a: Tyranitar|Substitute
|-damage|p1a: Tyranitar|75/100
|
|-weather|Sandstorm|[upkeep]
|-heal|p2a: Skarmory|85/100|[from] item: Leftovers
|-heal|p1a: Tyranitar|82/100|[from] item: Leftovers
|upkeep
|turn|13
|
|t:|1729276447
|move|p2a: Skarmory|Protect|p2a: Skarmory
|-singleturn|p2a: Skarmory|Protect
|move|p1a: Tyranitar|Thunder|p2a: Skarmory
|-activate|p2a: Skarmory|Protect
|
|-weather|Sandstorm|[upkeep]
|-heal|p2a: Skarmory|91/100|[from] item: Leftovers
|-heal|p1a: Tyranitar|88/100|[from] item: Leftovers
|upkeep
|turn|14
|
|t:|1729276462
|move|p1a: Tyranitar|Thunder|p2a: Skarmory
|-supereffective|p2a: Skarmory
|-damage|p2a: Skarmory|25/100
|move|p2a: Skarmory|Roar|p1a: Tyranitar
|drag|p1a: Celebi|Celebi|74/100
|-damage|p1a: Celebi|62/100|[from] Spikes
|
|-weather|Sandstorm|[upkeep]
|-damage|p1a: Celebi|56/100|[from] Sandstorm
|-heal|p1a: Celebi|62/100|[from] item: Leftovers
|-heal|p2a: Skarmory|31/100|[from] item: Leftovers
|upkeep
|turn|15
|
|t:|1729276471
|move|p2a: Skarmory|Protect|p2a: Skarmory
|-singleturn|p2a: Skarmory|Protect
|move|p1a: Celebi|Leech Seed|p2a: Skarmory
|-activate|p2a: Skarmory|Protect
|
|-weather|Sandstorm|[upkeep]
|-damage|p1a: Celebi|56/100|[from] Sandstorm
|-heal|p1a: Celebi|62/100|[from] item: Leftovers
|-heal|p2a: Skarmory|37/100|[from] item: Leftovers
|upkeep
|turn|16
|
|t:|1729276479
|move|p1a: Celebi|Leech Seed|p2a: Skarmory
|-start|p2a: Skarmory|move: Leech Seed
|move|p2a: Skarmory|Drill Peck|p1a: Celebi
|-supereffective|p1a: Celebi
|-damage|p1a: Celebi|17/100
|
|-weather|Sandstorm|[upkeep]
|-damage|p1a: Celebi|10/100|[from] Sandstorm
|-heal|p1a: Celebi|17/100|[from] item: Leftovers
|-heal|p2a: Skarmory|43/100|[from] item: Leftovers
|-damage|p2a: Skarmory|31/100|[from] Leech Seed|[of] p1a: Celebi
|-heal|p1a: Celebi|29/100|[silent]
|upkeep
|turn|17
|
|t:|1729276485
|switch|p2a: Blissey|Blissey, F|76/100
|-damage|p2a: Blissey|63/100|[from] Spikes
|move|p1a: Celebi|Leech Seed|p2a: Blissey
|-start|p2a: Blissey|move: Leech Seed
|
|-weather|Sandstorm|[upkeep]
|-damage|p1a: Celebi|22/100|[from] Sandstorm
|-damage|p2a: Blissey|57/100|[from] Sandstorm
|-heal|p1a: Celebi|29/100|[from] item: Leftovers
|-heal|p2a: Blissey|63/100|[from] item: Leftovers
|-damage|p2a: Blissey|51/100|[from] Leech Seed|[of] p1a: Celebi
|-heal|p1a: Celebi|52/100|[silent]
|upkeep
|turn|18
|
|t:|1729276494
|switch|p1a: Tyranitar|Tyranitar, F|88/100
|-damage|p1a: Tyranitar|75/100|[from] Spikes
|move|p2a: Blissey|Soft-Boiled|p2a: Blissey
|-heal|p2a: Blissey|100/100
|
|-weather|Sandstorm|[upkeep]
|-damage|p2a: Blissey|94/100|[from] Sandstorm
|-heal|p1a: Tyranitar|82/100|[from] item: Leftovers
|-heal|p2a: Blissey|100/100|[from] item: Leftovers
|-damage|p2a: Blissey|88/100|[from] Leech Seed|[of] p1a: Tyranitar
|-heal|p1a: Tyranitar|100/100|[silent]
|upkeep
|turn|19
|
|t:|1729276501
|switch|p2a: Claydol|Claydol|100/100
|move|p1a: Tyranitar|Substitute|p1a: Tyranitar
|-start|p1a: Tyranitar|Substitute
|-damage|p1a: Tyranitar|75/100
|
|-weather|Sandstorm|[upkeep]
|-heal|p1a: Tyranitar|82/100|[from] item: Leftovers
|upkeep
|turn|20
|
|t:|1729276506
|move|p2a: Claydol|Earthquake|p1a: Tyranitar
|-supereffective|p1a: Tyranitar
|-end|p1a: Tyranitar|Substitute
|move|p1a: Tyranitar|Crunch|p2a: Claydol
|-supereffective|p2a: Claydol
|-damage|p2a: Claydol|41/100
|
|-weather|Sandstorm|[upkeep]
|-heal|p2a: Claydol|47/100|[from] item: Leftovers
|-heal|p1a: Tyranitar|88/100|[from] item: Leftovers
|upkeep
|turn|21
|
|t:|1729276519
|switch|p2a: Milotic|Milotic, M|88/100
|-damage|p2a: Milotic|76/100|[from] Spikes
|move|p1a: Tyranitar|Crunch|p2a: Milotic
|-damage|p2a: Milotic|52/100
|
|-weather|Sandstorm|[upkeep]
|-damage|p2a: Milotic|46/100|[from] Sandstorm
|-heal|p2a: Milotic|52/100|[from] item: Leftovers
|-heal|p1a: Tyranitar|94/100|[from] item: Leftovers
|upkeep
|turn|22
|
|t:|1729276530
|move|p2a: Milotic|Recover|p2a: Milotic
|-heal|p2a: Milotic|100/100
|move|p1a: Tyranitar|Thunder|p2a: Milotic
|-supereffective|p2a: Milotic
|-damage|p2a: Milotic|52/100
|
|-weather|Sandstorm|[upkeep]
|-damage|p2a: Milotic|46/100|[from] Sandstorm
|-heal|p2a: Milotic|52/100|[from] item: Leftovers
|-heal|p1a: Tyranitar|99/100|[from] item: Leftovers
|upkeep
|turn|23
|
|t:|1729276537
|switch|p1a: Celebi|Celebi|52/100
|-damage|p1a: Celebi|40/100|[from] Spikes
|move|p2a: Milotic|Recover|p2a: Milotic
|-heal|p2a: Milotic|100/100
|
|-weather|Sandstorm|[upkeep]
|-damage|p1a: Celebi|34/100|[from] Sandstorm
|-damage|p2a: Milotic|94/100|[from] Sandstorm
|-heal|p1a: Celebi|40/100|[from] item: Leftovers
|-heal|p2a: Milotic|100/100|[from] item: Leftovers
|upkeep
|turn|24
|
|t:|1729276543
|move|p1a: Celebi|Leech Seed|p2a: Milotic
|-start|p2a: Milotic|move: Leech Seed
|move|p2a: Milotic|Ice Beam|p1a: Celebi
|-supereffective|p1a: Celebi
|-damage|p1a: Celebi|1/100
|
|-weather|Sandstorm|[upkeep]
|-damage|p1a: Celebi|0 fnt|[from] Sandstorm
|-damage|p2a: Milotic|94/100|[from] Sandstorm
|faint|p1a: Celebi
|-heal|p2a: Milotic|100/100|[from] item: Leftovers
|upkeep
|inactive|EG Zelph has 270 seconds left.
|inactive|EG Zelph has 240 seconds left.
|inactive|EG Zelph has 210 seconds left.
|c|+0ne Last Kiss♡|ALV BIG CHUNGUS
|c|☆Big Chungus irl|ALV?
|c|☆Big Chungus irl|Alive?
|inactive|EG Zelph has 180 seconds left.
|c|+0ne Last Kiss♡|XDDDDD
|c|☆Big Chungus irl|I am unfortunately not well versed in many of these shortened phrazes
|c|☆Big Chungus irl|thus making me the fool
|c|☆Big Chungus irl|in this situation
|
|t:|1729276691
|switch|p1a: Metagross|Metagross|100/100
|-damage|p1a: Metagross|88/100|[from] Spikes
|turn|25
|
|t:|1729276702
|move|p2a: Milotic|Recover||[still]
|-fail|p2a: Milotic|heal
|move|p1a: Metagross|Agility|p1a: Metagross
|-boost|p1a: Metagross|spe|2
|
|-weather|Sandstorm|[upkeep]
|-damage|p2a: Milotic|94/100|[from] Sandstorm
|-heal|p1a: Metagross|94/100|[from] item: Leftovers
|-heal|p2a: Milotic|100/100|[from] item: Leftovers
|-damage|p2a: Milotic|88/100|[from] Leech Seed|[of] p1a: Metagross
|-heal|p1a: Metagross|100/100|[silent]
|upkeep
|turn|26
|
|t:|1729276718
|switch|p2a: Skarmory|Skarmory, M|31/100
|move|p1a: Metagross|Meteor Mash|p2a: Skarmory
|-resisted|p2a: Skarmory
|-damage|p2a: Skarmory|8/100
|
|-weather|Sandstorm|[upkeep]
|-heal|p2a: Skarmory|14/100|[from] item: Leftovers
|upkeep
|turn|27
|
|t:|1729276725
|move|p2a: Skarmory|Protect|p2a: Skarmory
|-singleturn|p2a: Skarmory|Protect
|move|p1a: Metagross|Meteor Mash|p2a: Skarmory
|-activate|p2a: Skarmory|Protect
|
|-weather|Sandstorm|[upkeep]
|-heal|p2a: Skarmory|20/100|[from] item: Leftovers
|upkeep
|turn|28
|
|t:|1729276730
|switch|p2a: Milotic|Milotic, M|88/100
|-damage|p2a: Milotic|76/100|[from] Spikes
|move|p1a: Metagross|Meteor Mash|p2a: Milotic|[miss]
|-miss|p1a: Metagross|p2a: Milotic
|
|-weather|Sandstorm|[upkeep]
|-damage|p2a: Milotic|69/100|[from] Sandstorm
|-heal|p2a: Milotic|76/100|[from] item: Leftovers
|upkeep
|turn|29
|
|t:|1729276738
|move|p1a: Metagross|Earthquake|p2a: Milotic
|-damage|p2a: Milotic|48/100
|move|p2a: Milotic|Recover|p2a: Milotic
|-heal|p2a: Milotic|98/100
|
|-weather|Sandstorm|[upkeep]
|-damage|p2a: Milotic|92/100|[from] Sandstorm
|-heal|p2a: Milotic|98/100|[from] item: Leftovers
|upkeep
|turn|30
|
|t:|1729276742
|move|p1a: Metagross|Earthquake|p2a: Milotic
|-damage|p2a: Milotic|67/100
|move|p2a: Milotic|Ice Beam|p1a: Metagross
|-resisted|p1a: Metagross
|-damage|p1a: Metagross|89/100
|
|-weather|Sandstorm|[upkeep]
|-damage|p2a: Milotic|61/100|[from] Sandstorm
|-heal|p1a: Metagross|95/100|[from] item: Leftovers
|-heal|p2a: Milotic|67/100|[from] item: Leftovers
|upkeep
|turn|31
|
|t:|1729276745
|move|p1a: Metagross|Meteor Mash|p2a: Milotic
|-resisted|p2a: Milotic
|-damage|p2a: Milotic|45/100
|move|p2a: Milotic|Recover|p2a: Milotic
|-heal|p2a: Milotic|95/100
|
|-weather|Sandstorm|[upkeep]
|-damage|p2a: Milotic|89/100|[from] Sandstorm
|-heal|p1a: Metagross|100/100|[from] item: Leftovers
|-heal|p2a: Milotic|95/100|[from] item: Leftovers
|upkeep
|turn|32
|
|t:|1729276749
|move|p1a: Metagross|Meteor Mash|p2a: Milotic
|-resisted|p2a: Milotic
|-damage|p2a: Milotic|71/100
|move|p2a: Milotic|Surf|p1a: Metagross
|-damage|p1a: Metagross|62/100
|
|-weather|Sandstorm|[upkeep]
|-damage|p2a: Milotic|65/100|[from] Sandstorm
|-heal|p1a: Metagross|68/100|[from] item: Leftovers
|-heal|p2a: Milotic|71/100|[from] item: Leftovers
|upkeep
|turn|33
|
|t:|1729276752
|move|p1a: Metagross|Meteor Mash|p2a: Milotic
|-resisted|p2a: Milotic
|-damage|p2a: Milotic|51/100
|move|p2a: Milotic|Recover|p2a: Milotic
|-heal|p2a: Milotic|100/100
|
|-weather|Sandstorm|[upkeep]
|-damage|p2a: Milotic|94/100|[from] Sandstorm
|-heal|p1a: Metagross|75/100|[from] item: Leftovers
|-heal|p2a: Milotic|100/100|[from] item: Leftovers
|upkeep
|turn|34
|
|t:|1729276755
|move|p1a: Metagross|Meteor Mash|p2a: Milotic|[miss]
|-miss|p1a: Metagross|p2a: Milotic
|move|p2a: Milotic|Surf|p1a: Metagross
|-damage|p1a: Metagross|37/100
|
|-weather|Sandstorm|[upkeep]
|-damage|p2a: Milotic|94/100|[from] Sandstorm
|-heal|p1a: Metagross|43/100|[from] item: Leftovers
|-heal|p2a: Milotic|100/100|[from] item: Leftovers
|upkeep
|turn|35
|
|t:|1729276759
|move|p1a: Metagross|Earthquake|p2a: Milotic
|-damage|p2a: Milotic|73/100
|move|p2a: Milotic|Surf|p1a: Metagross
|-damage|p1a: Metagross|5/100
|
|-weather|Sandstorm|[upkeep]
|-damage|p2a: Milotic|67/100|[from] Sandstorm
|-heal|p1a: Metagross|11/100|[from] item: Leftovers
|-heal|p2a: Milotic|73/100|[from] item: Leftovers
|upkeep
|turn|36
|
|t:|1729276774
|switch|p2a: Skarmory|Skarmory, M|20/100
|move|p1a: Metagross|Meteor Mash|p2a: Skarmory
|-resisted|p2a: Skarmory
|-damage|p2a: Skarmory|0 fnt
|faint|p2a: Skarmory
|
|t:|1729276779
|switch|p2a: Milotic|Milotic, M|73/100
|-damage|p2a: Milotic|60/100|[from] Spikes
|
|-weather|Sandstorm|[upkeep]
|-damage|p2a: Milotic|54/100|[from] Sandstorm
|-heal|p1a: Metagross|17/100|[from] item: Leftovers
|-heal|p2a: Milotic|60/100|[from] item: Leftovers
|upkeep
|turn|37
|
|t:|1729276782
|move|p1a: Metagross|Explosion|p2a: Milotic
|-damage|p2a: Milotic|0 fnt
|faint|p1a: Metagross
|faint|p2a: Milotic
|c|☆Big Chungus irl|well played there
|inactive|EG Zelph has 270 seconds left.
|
|t:|1729276796
|switch|p2a: Tyranitar|Tyranitar, F|100/100
|switch|p1a: Salamence|Salamence, F|100/100
|-ability|p1a: Salamence|Intimidate|boost
|-unboost|p2a: Tyranitar|atk|1
|-damage|p2a: Tyranitar|88/100|[from] Spikes
|
|-weather|Sandstorm|[upkeep]
|-damage|p1a: Salamence|94/100|[from] Sandstorm
|-heal|p1a: Salamence|100/100|[from] item: Leftovers
|upkeep
|turn|38
|
|t:|1729276801
|move|p1a: Salamence|Brick Break|p2a: Tyranitar
|-supereffective|p2a: Tyranitar
|-damage|p2a: Tyranitar|3/100
|move|p2a: Tyranitar|Rock Slide|p1a: Salamence
|-supereffective|p1a: Salamence
|-crit|p1a: Salamence
|-damage|p1a: Salamence|0 fnt
|faint|p1a: Salamence
|
|t:|1729276807
|switch|p1a: Claydol|Claydol|100/100
|
|-weather|Sandstorm|[upkeep]
|upkeep
|turn|39
|
|t:|1729276813
|switch|p2a: Claydol|Claydol|47/100
|move|p1a: Claydol|Rapid Spin|p2a: Claydol
|-damage|p2a: Claydol|43/100
|-sideend|p1: EG Zelph|Spikes|[from] move: Rapid Spin|[of] p1a: Claydol
|
|-weather|Sandstorm|[upkeep]
|-heal|p2a: Claydol|50/100|[from] item: Leftovers
|upkeep
|turn|40
|
|t:|1729276817
|switch|p1a: Skarmory|Skarmory, F|17/100
|move|p2a: Claydol|Rapid Spin|p1a: Skarmory
|-resisted|p1a: Skarmory
|-damage|p1a: Skarmory|16/100
|-sideend|p2: Big Chungus irl|Spikes|[from] move: Rapid Spin|[of] p2a: Claydol
|
|-weather|Sandstorm|[upkeep]
|-heal|p2a: Claydol|56/100|[from] item: Leftovers
|-heal|p1a: Skarmory|22/100|[from] item: Leftovers
|upkeep
|turn|41
|
|t:|1729276821
|move|p2a: Claydol|Explosion|p1a: Skarmory
|-resisted|p1a: Skarmory
|-damage|p1a: Skarmory|0 fnt
|faint|p2a: Claydol
|faint|p1a: Skarmory
|
|t:|1729276850
|switch|p2a: Blissey|Blissey, F|88/100
|switch|p1a: Claydol|Claydol|100/100
|
|-weather|Sandstorm|[upkeep]
|-damage|p2a: Blissey|82/100|[from] Sandstorm
|-heal|p2a: Blissey|88/100|[from] item: Leftovers
|upkeep
|turn|42
|
|t:|1729276853
|switch|p1a: Tyranitar|Tyranitar, F|99/100
|move|p2a: Blissey|Ice Beam|p1a: Tyranitar
|-damage|p1a: Tyranitar|80/100
|
|-weather|Sandstorm|[upkeep]
|-damage|p2a: Blissey|82/100|[from] Sandstorm
|-heal|p1a: Tyranitar|86/100|[from] item: Leftovers
|-heal|p2a: Blissey|88/100|[from] item: Leftovers
|upkeep
|turn|43
|
|t:|1729276861
|switch|p2a: Tyranitar|Tyranitar, F|3/100
|move|p1a: Tyranitar|Substitute|p1a: Tyranitar
|-start|p1a: Tyranitar|Substitute
|-damage|p1a: Tyranitar|61/100
|
|-weather|Sandstorm|[upkeep]
|-heal|p1a: Tyranitar|67/100|[from] item: Leftovers
|upkeep
|turn|44
|
|t:|1729276868
|move|p2a: Tyranitar|Earthquake|p1a: Tyranitar
|-supereffective|p1a: Tyranitar
|-end|p1a: Tyranitar|Substitute
|move|p1a: Tyranitar|Crunch|p2a: Tyranitar
|-resisted|p2a: Tyranitar
|-damage|p2a: Tyranitar|0 fnt
|faint|p2a: Tyranitar
|
|t:|1729276870
|switch|p2a: Magneton|Magneton|100/100
|
|-weather|Sandstorm|[upkeep]
|-heal|p1a: Tyranitar|74/100|[from] item: Leftovers
|upkeep
|turn|45
|
|t:|1729276875
|switch|p1a: Claydol|Claydol|100/100
|move|p2a: Magneton|Hidden Power|p1a: Claydol
|-supereffective|p1a: Claydol
|-damage|p1a: Claydol|63/100
|
|-weather|Sandstorm|[upkeep]
|-heal|p1a: Claydol|70/100|[from] item: Leftovers
|upkeep
|turn|46
|
|t:|1729276881
|switch|p2a: Blissey|Blissey, F|88/100
|move|p1a: Claydol|Earthquake|p2a: Blissey
|-damage|p2a: Blissey|64/100
|
|-weather|Sandstorm|[upkeep]
|-damage|p2a: Blissey|57/100|[from] Sandstorm
|-heal|p1a: Claydol|76/100|[from] item: Leftovers
|-heal|p2a: Blissey|64/100|[from] item: Leftovers
|upkeep
|turn|47
|
|t:|1729276887
|switch|p1a: Tyranitar|Tyranitar, F|74/100
|move|p2a: Blissey|Seismic Toss|p1a: Tyranitar
|-damage|p1a: Tyranitar|49/100
|
|-weather|Sandstorm|[upkeep]
|-damage|p2a: Blissey|57/100|[from] Sandstorm
|-heal|p1a: Tyranitar|55/100|[from] item: Leftovers
|-heal|p2a: Blissey|64/100|[from] item: Leftovers
|upkeep
|turn|48
|
|t:|1729276892
|move|p1a: Tyranitar|Substitute|p1a: Tyranitar
|-start|p1a: Tyranitar|Substitute
|-damage|p1a: Tyranitar|30/100
|move|p2a: Blissey|Seismic Toss|p1a: Tyranitar
|-activate|p1a: Tyranitar|Substitute|[damage]
|
|-weather|Sandstorm|[upkeep]
|-damage|p2a: Blissey|57/100|[from] Sandstorm
|-heal|p1a: Tyranitar|36/100|[from] item: Leftovers
|-heal|p2a: Blissey|64/100|[from] item: Leftovers
|upkeep
|turn|49
|
|t:|1729276895
|-singleturn|p1a: Tyranitar|move: Focus Punch
|move|p2a: Blissey|Seismic Toss|p1a: Tyranitar
|-end|p1a: Tyranitar|Substitute
|move|p1a: Tyranitar|Focus Punch|p2a: Blissey
|-supereffective|p2a: Blissey
|-damage|p2a: Blissey|0 fnt
|faint|p2a: Blissey
|
|t:|1729276896
|switch|p2a: Magneton|Magneton|100/100
|
|-weather|Sandstorm|[upkeep]
|-heal|p1a: Tyranitar|42/100|[from] item: Leftovers
|upkeep
|turn|50
|
|t:|1729276902
|-singleturn|p1a: Tyranitar|move: Focus Punch
|move|p2a: Magneton|Thunderbolt|p1a: Tyranitar
|-damage|p1a: Tyranitar|0 fnt
|faint|p1a: Tyranitar
|
|t:|1729276905
|switch|p1a: Claydol|Claydol|76/100
|
|-weather|Sandstorm|[upkeep]
|-heal|p1a: Claydol|82/100|[from] item: Leftovers
|upkeep
|turn|51
|
|t:|1729276908
|move|p2a: Magneton|Hidden Power|p1a: Claydol
|-supereffective|p1a: Claydol
|-damage|p1a: Claydol|41/100
|move|p1a: Claydol|Earthquake|p2a: Magneton
|-supereffective|p2a: Magneton
|-damage|p2a: Magneton|0 fnt
|faint|p2a: Magneton
|
|win|EG Zelph
|c|+Caesarr|eg zelph esto q es?
|c|☆Big Chungus irl|gg

</script>
<script type="application/json" class="data" id="replaydata-smogtours-gen3ou-799607">
{"id":"smogtours-gen3ou-799607","format":"[Gen 3] OU","players":["EG Zelph","Big Chungus irl"],"uploadtime":1729276908,"views":105,"formatid":"gen3ou","rating":null,"private":0,"password":null}
</script>

<script defer src="js/replays.js?9d40a366"></script>
