<!DOCTYPE html>
<meta charset="utf-8" />
<meta name="viewport" content="width=device-width" />

<title>[Gen 3] OU: AutumnWailord vs. Fakes - Replays - Pok&eacute;mon Showdown!</title>

<meta name="description" content="Watch a replay of a Pok&eacute;mon battle between AutumnWailord and Fakes! Format: [Gen 3] OU; Date: Oct 6, 2024" />
<!--

Hey, you! Looking in the source for the replay log?

You can find them in JSON format, just add `.json` at the end of a replay URL.

https://replay.pokemonshowdown.com/gen7randomdoublesbattle-865046831.json

Or, if you only need the log itself, add `.log` instead:

https://replay.pokemonshowdown.com/gen7randomdoublesbattle-865046831.log

-->

<link rel="stylesheet" href="//pokemonshowdown.com/style/global.css?0.023195364461161105" />
<link rel="stylesheet" href="//play.pokemonshowdown.com/style/font-awesome.css?0.13261647063804238" />
<link rel="stylesheet" href="//play.pokemonshowdown.com/style/battle.css?0.8753245789963631" />
<link rel="stylesheet" href="//play.pokemonshowdown.com/style/utilichart.css?0.8627959624976733" />

<!-- Global site tag (gtag.js) - Google Analytics -->
<script async src="https://www.googletagmanager.com/gtag/js?id=UA-26211653-1"></script>
<script>
  window.dataLayer = window.dataLayer || [];
  function gtag(){dataLayer.push(arguments);}
  gtag('js', new Date());

  gtag('config', 'UA-26211653-1');
</script>
<!-- End Google Analytics -->
<!-- Venatus Ad Manager - Install in <HEAD> of page -->
	<script src="https://hb.vntsm.com/v3/live/ad-manager.min.js" type="text/javascript" data-site-id="642aba63ec9a7b11c3c9c1be" data-mode="scan" async></script>
<!-- / Venatus Ad Manager -->

<style>
	@media (max-width:820px) {
		.battle {
			margin: 0 auto;
		}
		.battle-log {
			margin: 7px auto 0;
			max-width: 640px;
			height: 300px;
			position: static;
		}
	}
	.optgroup {
		display: inline-block;
		line-height: 22px;
		font-size: 10pt;
	}
	.optgroup .button {
		height: 25px;
		padding-top: 0;
		padding-bottom: 0;
	}
	.optgroup button.button {
		padding-left: 12px;
		padding-right: 12px;
	}
	.linklist {
		list-style: none;
		margin: 0.5em 0;
		padding: 0;
	}
	.linklist li {
		padding: 2px 0;
	}
	.sidebar {
		float: left;
		width: 320px;
	}
	.bar-wrapper {
		max-width: 1100px;
		margin: 0 auto;
	}
	.bar-wrapper.has-sidebar {
		max-width: 1430px;
	}
	.mainbar {
		margin: 0;
		padding-right: 1px;
	}
	.mainbar.has-sidebar {
		margin-left: 330px;
	}
	@media (min-width: 1511px) {
		.sidebar {
			width: 400px;
		}
		.bar-wrapper.has-sidebar {
			max-width: 1510px;
		}
		.mainbar.has-sidebar {
			margin-left: 410px;
		}
	}
	.section.first-section {
		margin-top: 9px;
	}
	.blocklink small {
		white-space: normal;
	}
	.button {
		vertical-align: middle;
	}
	.replay-controls {
		padding-top: 10px;
	}
	.replay-controls h1 {
		font-size: 16pt;
		font-weight: normal;
		color: #CCC;
	}
	.pagelink {
		text-align: center;
	}
	.pagelink a {
		width: 150px;
	}
	.textbox, .button {
		font-size: 11pt;
		vertical-align: middle;
	}
	@media (max-width: 450px) {
		.button {
			font-size: 9pt;
		}
	}
</style>

<div>

	<header>
		<div class="nav-wrapper"><ul class="nav">
			<li><a class="button nav-first" href="//pokemonshowdown.com/"><img src="//pokemonshowdown.com/images/pokemonshowdownbeta.png" srcset="//pokemonshowdown.com/images/pokemonshowdownbeta.png 1x, //pokemonshowdown.com/images/pokemonshowdownbeta@2x.png 2x" alt="Pok&eacute;mon Showdown" width="146" height="44" /> Home</a></li>
			<li><a class="button" href="//pokemonshowdown.com/dex/">Pok&eacute;dex</a></li>
			<li><a class="button cur" href="/">Replays</a></li>
			<li><a class="button" href="//pokemonshowdown.com/ladder/">Ladder</a></li>
			<li><a class="button nav-last" href="//pokemonshowdown.com/forums/">Forum</a></li>
			<li><a class="button greenbutton nav-first nav-last" href="//play.pokemonshowdown.com/">Play</a></li>
		</ul></div>
	</header>

	<div class="main" id="main">

		<noscript><section class="section">You need to enable JavaScript to use this page; sorry!</section></noscript>

	</div>

</div>

<script defer nomodule src="//play.pokemonshowdown.com/js/lib/ps-polyfill.js"></script>
<script defer src="//play.pokemonshowdown.com/js/lib/preact.min.js"></script>

<script defer src="//play.pokemonshowdown.com/config/config.js?2bddbc15"></script>
<script defer src="//play.pokemonshowdown.com/js/lib/jquery-1.11.0.min.js"></script>
<script defer src="//play.pokemonshowdown.com/js/lib/html-sanitizer-minified.js"></script>
<script defer src="//play.pokemonshowdown.com/js/battle-sound.js"></script>
<script defer src="//play.pokemonshowdown.com/js/battledata.js?0.7209276989879541"></script>
<script defer src="//play.pokemonshowdown.com/data/pokedex-mini.js?0.6111056340867951"></script>
<script defer src="//play.pokemonshowdown.com/data/pokedex-mini-bw.js?0.3532142036491459"></script>
<script defer src="//play.pokemonshowdown.com/data/graphics.js?0.24223875632456182"></script>
<script defer src="//play.pokemonshowdown.com/data/pokedex.js?0.38839984266356864"></script>
<script defer src="//play.pokemonshowdown.com/data/moves.js?0.21866028504024015"></script>
<script defer src="//play.pokemonshowdown.com/data/abilities.js?0.2005157953846628"></script>
<script defer src="//play.pokemonshowdown.com/data/items.js?0.9894211263848525"></script>
<script defer src="//play.pokemonshowdown.com/data/teambuilder-tables.js?0.6008791140282215"></script>
<script defer src="//play.pokemonshowdown.com/js/battle-tooltips.js?0.7580118955022959"></script>
<script defer src="//play.pokemonshowdown.com/js/battle.js?0.6057722274234274"></script>

<script defer src="js/utils.js?e31f9a17"></script>
<script defer src="js/replays-battle.js?7008c182"></script>

<!-- don't scrape this data! just add .json or .log after the URL!
Full API docs: https://github.com/smogon/pokemon-showdown-client/blob/master/WEB-API.md -->
<script type="text/plain" class="log" id="replaylog-smogtours-gen3ou-795964">
|inactive|Battle timer is ON: inactive players will automatically lose when time's up.
|t:|1728246822
|gametype|singles
|player|p1|AutumnWailord|skyla-masters2|
|player|p2|Fakes|lucas|
|teamsize|p1|6
|teamsize|p2|6
|gen|3
|tier|[Gen 3] OU
|rule|Sleep Clause Mod: Limit one foe put to sleep
|rule|Switch Priority Clause Mod: Faster Pokémon switch first
|rule|Species Clause: Limit one of each Pokémon
|rule|OHKO Clause: OHKO moves are banned
|rule|Evasion Items Clause: Evasion items are banned
|rule|Evasion Moves Clause: Evasion moves are banned
|rule|Endless Battle Clause: Forcing endless battles is banned
|rule|HP Percentage Mod: HP is shown in percentages
|rule|One Boost Passer Clause: Limit one Baton Passer that has a way to boost its stats
|rule|Freeze Clause Mod: Limit one foe frozen
|
|t:|1728246822
|start
|switch|p1a: Red|Breloom, F, shiny|100/100
|switch|p2a: Zap|Zapdos|100/100
|turn|1
|c|+zacpz|go autumn!
|inactive|AutumnWailord has 270 seconds left.
|inactive|Fakes has 270 seconds left.
|inactive|Fakes has 240 seconds left.
|
|t:|1728246902
|switch|p2a: Tyra|Tyranitar, F|100/100
|-weather|Sandstorm|[from] ability: Sand Stream|[of] p2a: Tyra
|move|p1a: Red|Spore|p2a: Tyra
|-status|p2a: Tyra|slp|[from] move: Spore
|
|-weather|Sandstorm|[upkeep]
|-damage|p1a: Red|94/100|[from] Sandstorm
|-heal|p1a: Red|100/100|[from] item: Leftovers
|upkeep
|turn|2
|
|t:|1728246907
|switch|p2a: Gar|Gengar, M|100/100
|move|p1a: Red|Substitute|p1a: Red
|-start|p1a: Red|Substitute
|-damage|p1a: Red|76/100
|
|-weather|Sandstorm|[upkeep]
|-damage|p2a: Gar|94/100|[from] Sandstorm
|-damage|p1a: Red|69/100|[from] Sandstorm
|-heal|p2a: Gar|100/100|[from] item: Leftovers
|-heal|p1a: Red|76/100|[from] item: Leftovers
|upkeep
|turn|3
|
|t:|1728246914
|move|p2a: Gar|Ice Punch|p1a: Red
|-supereffective|p1a: Red
|-end|p1a: Red|Substitute
|move|p1a: Red|Hidden Power|p2a: Gar
|-supereffective|p2a: Gar
|-damage|p2a: Gar|36/100
|
|-weather|Sandstorm|[upkeep]
|-damage|p2a: Gar|29/100|[from] Sandstorm
|-damage|p1a: Red|69/100|[from] Sandstorm
|-heal|p2a: Gar|36/100|[from] item: Leftovers
|-heal|p1a: Red|76/100|[from] item: Leftovers
|upkeep
|turn|4
|
|t:|1728246926
|switch|p2a: Skarm|Skarmory, F|100/100
|switch|p1a: Green|Tyranitar, F|100/100
|
|-weather|Sandstorm|[upkeep]
|upkeep
|turn|5
|
|t:|1728246940
|switch|p1a: Orange|Charizard, M|100/100
|move|p2a: Skarm|Spikes|p1a: Orange
|-sidestart|p1: AutumnWailord|Spikes
|
|-weather|Sandstorm|[upkeep]
|-damage|p1a: Orange|94/100|[from] Sandstorm
|-heal|p1a: Orange|100/100|[from] item: Leftovers
|upkeep
|turn|6
|
|t:|1728246954
|switch|p2a: Gon|Flygon, F|100/100
|move|p1a: Orange|Fire Blast|p2a: Gon|[miss]
|-miss|p1a: Orange|p2a: Gon
|
|-weather|Sandstorm|[upkeep]
|-damage|p1a: Orange|94/100|[from] Sandstorm
|-heal|p1a: Orange|100/100|[from] item: Leftovers
|upkeep
|turn|7
|
|t:|1728246972
|move|p1a: Orange|Hidden Power|p2a: Gon
|-supereffective|p2a: Gon
|-damage|p2a: Gon|0 fnt
|faint|p2a: Gon
|
|t:|1728246974
|switch|p2a: Zap|Zapdos|100/100
|
|-weather|Sandstorm|[upkeep]
|-damage|p1a: Orange|94/100|[from] Sandstorm
|-damage|p2a: Zap|94/100|[from] Sandstorm
|-heal|p1a: Orange|100/100|[from] item: Leftovers
|-heal|p2a: Zap|100/100|[from] item: Leftovers
|upkeep
|turn|8
|
|t:|1728246980
|switch|p1a: Yelow|Jolteon, M|100/100
|-damage|p1a: Yelow|88/100|[from] Spikes
|move|p2a: Zap|Toxic|p1a: Yelow
|-status|p1a: Yelow|tox
|
|-weather|Sandstorm|[upkeep]
|-damage|p1a: Yelow|82/100 tox|[from] Sandstorm
|-damage|p2a: Zap|94/100|[from] Sandstorm
|-heal|p1a: Yelow|88/100 tox|[from] item: Leftovers
|-damage|p1a: Yelow|82/100 tox|[from] psn
|-heal|p2a: Zap|100/100|[from] item: Leftovers
|upkeep
|turn|9
|
|t:|1728246985
|switch|p2a: Tyra|Tyranitar, F|100/100 slp
|move|p1a: Yelow|Thunder Wave||[still]
|-fail|p1a: Yelow
|
|-weather|Sandstorm|[upkeep]
|-damage|p1a: Yelow|77/100 tox|[from] Sandstorm
|-heal|p1a: Yelow|82/100 tox|[from] item: Leftovers
|-damage|p1a: Yelow|71/100 tox|[from] psn
|upkeep
|turn|10
|
|t:|1728246988
|switch|p1a: Red|Breloom, F, shiny|76/100
|-damage|p1a: Red|63/100|[from] Spikes
|cant|p2a: Tyra|slp
|
|-weather|Sandstorm|[upkeep]
|-damage|p1a: Red|57/100|[from] Sandstorm
|-heal|p1a: Red|63/100|[from] item: Leftovers
|upkeep
|turn|11
|
|t:|1728246995
|switch|p2a: Skarm|Skarmory, F|100/100
|move|p1a: Red|Substitute|p1a: Red
|-start|p1a: Red|Substitute
|-damage|p1a: Red|38/100
|
|-weather|Sandstorm|[upkeep]
|-damage|p1a: Red|32/100|[from] Sandstorm
|-heal|p1a: Red|38/100|[from] item: Leftovers
|upkeep
|turn|12
|
|t:|1728246998
|-singleturn|p1a: Red|move: Focus Punch
|move|p2a: Skarm|Drill Peck|p1a: Red
|-supereffective|p1a: Red
|-end|p1a: Red|Substitute
|move|p1a: Red|Focus Punch|p2a: Skarm
|-damage|p2a: Skarm|44/100
|
|-weather|Sandstorm|[upkeep]
|-damage|p1a: Red|32/100|[from] Sandstorm
|-heal|p1a: Red|38/100|[from] item: Leftovers
|-heal|p2a: Skarm|50/100|[from] item: Leftovers
|upkeep
|turn|13
|
|t:|1728247018
|switch|p1a: Orange|Charizard, M|100/100
|move|p2a: Skarm|Toxic|p1a: Orange
|-status|p1a: Orange|tox
|
|-weather|Sandstorm|[upkeep]
|-damage|p1a: Orange|94/100 tox|[from] Sandstorm
|-heal|p1a: Orange|100/100 tox|[from] item: Leftovers
|-damage|p1a: Orange|94/100 tox|[from] psn
|-heal|p2a: Skarm|56/100|[from] item: Leftovers
|upkeep
|turn|14
|
|t:|1728247030
|move|p2a: Skarm|Protect|p2a: Skarm
|-singleturn|p2a: Skarm|Protect
|move|p1a: Orange|Fire Blast|p2a: Skarm
|-activate|p2a: Skarm|Protect
|
|-weather|Sandstorm|[upkeep]
|-damage|p1a: Orange|88/100 tox|[from] Sandstorm
|-heal|p1a: Orange|94/100 tox|[from] item: Leftovers
|-damage|p1a: Orange|82/100 tox|[from] psn
|-heal|p2a: Skarm|62/100|[from] item: Leftovers
|upkeep
|turn|15
|
|t:|1728247035
|-singleturn|p1a: Orange|move: Focus Punch
|switch|p2a: Zap|Zapdos|100/100
|move|p1a: Orange|Focus Punch|p2a: Zap
|-resisted|p2a: Zap
|-damage|p2a: Zap|85/100
|
|-weather|Sandstorm|[upkeep]
|-damage|p1a: Orange|76/100 tox|[from] Sandstorm
|-damage|p2a: Zap|79/100|[from] Sandstorm
|-heal|p1a: Orange|82/100 tox|[from] item: Leftovers
|-damage|p1a: Orange|64/100 tox|[from] psn
|-heal|p2a: Zap|85/100|[from] item: Leftovers
|upkeep
|turn|16
|
|t:|1728247040
|switch|p1a: Green|Tyranitar, F|100/100
|-damage|p1a: Green|88/100|[from] Spikes
|move|p2a: Zap|Roar|p1a: Green
|drag|p1a: Red|Breloom, F, shiny|38/100
|-damage|p1a: Red|26/100|[from] Spikes
|
|-weather|Sandstorm|[upkeep]
|-damage|p1a: Red|20/100|[from] Sandstorm
|-damage|p2a: Zap|79/100|[from] Sandstorm
|-heal|p1a: Red|26/100|[from] item: Leftovers
|-heal|p2a: Zap|85/100|[from] item: Leftovers
|upkeep
|turn|17
|
|t:|1728247046
|move|p1a: Red|Hidden Power|p2a: Zap
|-damage|p2a: Zap|63/100
|move|p2a: Zap|Thunderbolt|p1a: Red
|-resisted|p1a: Red
|-damage|p1a: Red|0 fnt
|faint|p1a: Red
|
|t:|1728247059
|switch|p1a: Green|Tyranitar, F|88/100
|-damage|p1a: Green|76/100|[from] Spikes
|
|-weather|Sandstorm|[upkeep]
|-damage|p2a: Zap|57/100|[from] Sandstorm
|-heal|p2a: Zap|63/100|[from] item: Leftovers
|-heal|p1a: Green|82/100|[from] item: Leftovers
|upkeep
|turn|18
|
|t:|1728247068
|move|p2a: Zap|Toxic|p1a: Green
|-status|p1a: Green|tox
|move|p1a: Green|Rock Slide|p2a: Zap
|-supereffective|p2a: Zap
|-crit|p2a: Zap
|-damage|p2a: Zap|0 fnt
|faint|p2a: Zap
|
|t:|1728247080
|switch|p2a: Skarm|Skarmory, F|62/100
|
|-weather|Sandstorm|[upkeep]
|-heal|p1a: Green|88/100 tox|[from] item: Leftovers
|-damage|p1a: Green|82/100 tox|[from] psn
|-heal|p2a: Skarm|68/100|[from] item: Leftovers
|upkeep
|turn|19
|inactive|AutumnWailord has 270 seconds left.
|
|t:|1728247113
|switch|p1a: Orange|Charizard, M|64/100 tox
|move|p2a: Skarm|Drill Peck|p1a: Orange
|-damage|p1a: Orange|26/100 tox
|
|-weather|Sandstorm|[upkeep]
|-damage|p1a: Orange|20/100 tox|[from] Sandstorm
|-heal|p1a: Orange|26/100 tox|[from] item: Leftovers
|-damage|p1a: Orange|20/100 tox|[from] psn
|-heal|p2a: Skarm|74/100|[from] item: Leftovers
|upkeep
|turn|20
|
|t:|1728247121
|move|p2a: Skarm|Protect|p2a: Skarm
|-singleturn|p2a: Skarm|Protect
|move|p1a: Orange|Fire Blast|p2a: Skarm
|-activate|p2a: Skarm|Protect
|
|-weather|Sandstorm|[upkeep]
|-damage|p1a: Orange|14/100 tox|[from] Sandstorm
|-heal|p1a: Orange|20/100 tox|[from] item: Leftovers
|-damage|p1a: Orange|8/100 tox|[from] psn
|-heal|p2a: Skarm|80/100|[from] item: Leftovers
|upkeep
|turn|21
|
|t:|1728247124
|switch|p2a: Tyra|Tyranitar, F|100/100 slp
|move|p1a: Orange|Fire Blast|p2a: Tyra
|-resisted|p2a: Tyra
|-damage|p2a: Tyra|63/100 slp
|
|-weather|Sandstorm|[upkeep]
|-damage|p1a: Orange|2/100 tox|[from] Sandstorm
|-heal|p1a: Orange|8/100 tox|[from] item: Leftovers
|-damage|p1a: Orange|0 fnt|[from] psn
|faint|p1a: Orange
|-heal|p2a: Tyra|69/100 slp|[from] item: Leftovers
|upkeep
|
|t:|1728247146
|switch|p1a: Green|Tyranitar, F|82/100 tox
|-damage|p1a: Green|69/100 tox|[from] Spikes
|turn|22
|
|t:|1728247151
|switch|p2a: Skarm|Skarmory, F|80/100
|move|p1a: Green|Dragon Dance|p1a: Green
|-boost|p1a: Green|atk|1
|-boost|p1a: Green|spe|1
|
|-weather|Sandstorm|[upkeep]
|-heal|p1a: Green|76/100 tox|[from] item: Leftovers
|-damage|p1a: Green|69/100 tox|[from] psn
|-heal|p2a: Skarm|86/100|[from] item: Leftovers
|upkeep
|turn|23
|
|t:|1728247158
|move|p2a: Skarm|Protect|p2a: Skarm
|-singleturn|p2a: Skarm|Protect
|move|p1a: Green|Dragon Dance|p1a: Green
|-boost|p1a: Green|atk|1
|-boost|p1a: Green|spe|1
|
|-weather|Sandstorm|[upkeep]
|-heal|p1a: Green|76/100 tox|[from] item: Leftovers
|-damage|p1a: Green|63/100 tox|[from] psn
|-heal|p2a: Skarm|92/100|[from] item: Leftovers
|upkeep
|turn|24
|
|t:|1728247163
|switch|p2a: Jira|Jirachi|100/100
|move|p1a: Green|Rock Slide|p2a: Jira
|-resisted|p2a: Jira
|-damage|p2a: Jira|75/100
|
|-weather|Sandstorm|[upkeep]
|-heal|p1a: Green|69/100 tox|[from] item: Leftovers
|-damage|p1a: Green|51/100 tox|[from] psn
|-heal|p2a: Jira|81/100|[from] item: Leftovers
|upkeep
|turn|25
|
|t:|1728247184
|switch|p2a: Tyra|Tyranitar, F|69/100 slp
|move|p1a: Green|Dragon Dance|p1a: Green
|-boost|p1a: Green|atk|1
|-boost|p1a: Green|spe|1
|
|-weather|Sandstorm|[upkeep]
|-heal|p1a: Green|57/100 tox|[from] item: Leftovers
|-damage|p1a: Green|32/100 tox|[from] psn
|-heal|p2a: Tyra|75/100 slp|[from] item: Leftovers
|upkeep
|turn|26
|
|t:|1728247191
|move|p1a: Green|Rock Slide|p2a: Tyra
|-damage|p2a: Tyra|0 fnt
|faint|p2a: Tyra
|
|t:|1728247193
|switch|p2a: Skarm|Skarmory, F|92/100
|
|-weather|Sandstorm|[upkeep]
|-heal|p1a: Green|38/100 tox|[from] item: Leftovers
|-damage|p1a: Green|7/100 tox|[from] psn
|-heal|p2a: Skarm|98/100|[from] item: Leftovers
|upkeep
|turn|27
|
|t:|1728247201
|move|p2a: Skarm|Protect|p2a: Skarm
|-singleturn|p2a: Skarm|Protect
|move|p1a: Green|Rock Slide|p2a: Skarm|[miss]
|-miss|p1a: Green|p2a: Skarm
|
|-weather|Sandstorm|[upkeep]
|-heal|p1a: Green|14/100 tox|[from] item: Leftovers
|-damage|p1a: Green|0 fnt|[from] psn
|faint|p1a: Green
|-heal|p2a: Skarm|100/100|[from] item: Leftovers
|upkeep
|
|t:|1728247206
|switch|p1a: Yelow|Jolteon, M|71/100 tox
|-damage|p1a: Yelow|58/100 tox|[from] Spikes
|turn|28
|
|t:|1728247217
|switch|p2a: Gar|Gengar, M|36/100
|move|p1a: Yelow|Thunder Wave|p2a: Gar
|-status|p2a: Gar|par
|
|-weather|Sandstorm|[upkeep]
|-damage|p1a: Yelow|53/100 tox|[from] Sandstorm
|-damage|p2a: Gar|29/100 par|[from] Sandstorm
|-heal|p1a: Yelow|58/100 tox|[from] item: Leftovers
|-damage|p1a: Yelow|53/100 tox|[from] psn
|-heal|p2a: Gar|36/100 par|[from] item: Leftovers
|upkeep
|turn|29
|
|t:|1728247222
|move|p1a: Yelow|Thunderbolt|p2a: Gar
|-damage|p2a: Gar|0 fnt
|faint|p2a: Gar
|
|t:|1728247225
|switch|p2a: Jira|Jirachi|81/100
|
|-weather|Sandstorm|[upkeep]
|-damage|p1a: Yelow|47/100 tox|[from] Sandstorm
|-heal|p1a: Yelow|53/100 tox|[from] item: Leftovers
|-damage|p1a: Yelow|41/100 tox|[from] psn
|-heal|p2a: Jira|87/100|[from] item: Leftovers
|upkeep
|turn|30
|
|t:|1728247234
|switch|p1a: Violet|Swampert, F, shiny|100/100
|-damage|p1a: Violet|88/100|[from] Spikes
|move|p2a: Jira|Wish|p2a: Jira
|
|-weather|Sandstorm|[upkeep]
|-heal|p2a: Jira|93/100|[from] item: Leftovers
|-heal|p1a: Violet|94/100|[from] item: Leftovers
|upkeep
|turn|31
|
|t:|1728247238
|switch|p2a: Skarm|Skarmory, F|100/100
|move|p1a: Violet|Roar|p2a: Skarm
|drag|p2a: Jira|Jirachi|93/100
|
|-heal|p2a: Jira|100/100|[from] move: Wish|[wisher] Jira
|-weather|Sandstorm|[upkeep]
|-heal|p1a: Violet|100/100|[from] item: Leftovers
|upkeep
|turn|32
|
|t:|1728247244
|switch|p2a: Skarm|Skarmory, F|100/100
|move|p1a: Violet|Ice Beam|p2a: Skarm
|-damage|p2a: Skarm|81/100
|
|-weather|Sandstorm|[upkeep]
|-heal|p2a: Skarm|87/100|[from] item: Leftovers
|upkeep
|turn|33
|
|t:|1728247254
|switch|p1a: Yelow|Jolteon, M|41/100 tox
|-damage|p1a: Yelow|29/100 tox|[from] Spikes
|move|p2a: Skarm|Drill Peck|p1a: Yelow
|-resisted|p1a: Yelow
|-damage|p1a: Yelow|5/100 tox
|
|-weather|Sandstorm|[upkeep]
|-damage|p1a: Yelow|0 fnt|[from] Sandstorm
|faint|p1a: Yelow
|-heal|p2a: Skarm|93/100|[from] item: Leftovers
|upkeep
|
|t:|1728247269
|switch|p1a: Violet|Swampert, F, shiny|100/100
|-damage|p1a: Violet|88/100|[from] Spikes
|turn|34
|
|t:|1728247272
|move|p2a: Skarm|Protect|p2a: Skarm
|-singleturn|p2a: Skarm|Protect
|move|p1a: Violet|Ice Beam|p2a: Skarm
|-activate|p2a: Skarm|Protect
|
|-weather|Sandstorm|[upkeep]
|-heal|p2a: Skarm|99/100|[from] item: Leftovers
|-heal|p1a: Violet|94/100|[from] item: Leftovers
|upkeep
|turn|35
|
|t:|1728247275
|move|p2a: Skarm|Toxic|p1a: Violet
|-status|p1a: Violet|tox
|move|p1a: Violet|Ice Beam|p2a: Skarm
|-damage|p2a: Skarm|83/100
|-status|p2a: Skarm|frz
|
|-weather|Sandstorm|[upkeep]
|-heal|p2a: Skarm|89/100 frz|[from] item: Leftovers
|-heal|p1a: Violet|100/100 tox|[from] item: Leftovers
|-damage|p1a: Violet|94/100 tox|[from] psn
|upkeep
|turn|36
|
|t:|1728247280
|switch|p1a: Blue|Salamence, M|100/100
|-ability|p1a: Blue|Intimidate|boost
|-unboost|p2a: Skarm|atk|1
|cant|p2a: Skarm|frz
|
|-weather|Sandstorm|[upkeep]
|-damage|p1a: Blue|94/100|[from] Sandstorm
|-heal|p2a: Skarm|95/100 frz|[from] item: Leftovers
|upkeep
|turn|37
|
|t:|1728247286
|switch|p2a: Jira|Jirachi|100/100
|move|p1a: Blue|Rock Slide|p2a: Jira
|-resisted|p2a: Jira
|-damage|p2a: Jira|86/100
|
|-weather|Sandstorm|[upkeep]
|-damage|p1a: Blue|88/100|[from] Sandstorm
|-heal|p2a: Jira|92/100|[from] item: Leftovers
|upkeep
|turn|38
|
|t:|1728247316
|switch|p1a: Violet|Swampert, F, shiny|94/100 tox
|-damage|p1a: Violet|82/100 tox|[from] Spikes
|move|p2a: Jira|Ice Punch|p1a: Violet
|-damage|p1a: Violet|67/100 tox
|
|-weather|Sandstorm|[upkeep]
|-heal|p2a: Jira|98/100|[from] item: Leftovers
|-heal|p1a: Violet|73/100 tox|[from] item: Leftovers
|-damage|p1a: Violet|67/100 tox|[from] psn
|upkeep
|turn|39
|
|t:|1728247321
|switch|p2a: Skarm|Skarmory, F|95/100 frz
|move|p1a: Violet|Earthquake|p2a: Skarm
|-immune|p2a: Skarm
|
|-weather|Sandstorm|[upkeep]
|-heal|p2a: Skarm|100/100 frz|[from] item: Leftovers
|-heal|p1a: Violet|73/100 tox|[from] item: Leftovers
|-damage|p1a: Violet|61/100 tox|[from] psn
|upkeep
|turn|40
|inactive|Fakes has 270 seconds left.
|
|t:|1728247351
|switch|p1a: Blue|Salamence, M|88/100
|-ability|p1a: Blue|Intimidate|boost
|-unboost|p2a: Skarm|atk|1
|cant|p2a: Skarm|frz
|
|-weather|Sandstorm|[upkeep]
|-damage|p1a: Blue|82/100|[from] Sandstorm
|upkeep
|turn|41
|
|t:|1728247354
|cant|p2a: Skarm|frz
|move|p1a: Blue|Earthquake|p2a: Skarm
|-immune|p2a: Skarm
|
|-weather|Sandstorm|[upkeep]
|-damage|p1a: Blue|76/100|[from] Sandstorm
|upkeep
|turn|42
|
|t:|1728247358
|switch|p1a: Violet|Swampert, F, shiny|61/100 tox
|-damage|p1a: Violet|49/100 tox|[from] Spikes
|cant|p2a: Skarm|frz
|
|-weather|Sandstorm|[upkeep]
|-heal|p1a: Violet|55/100 tox|[from] item: Leftovers
|-damage|p1a: Violet|49/100 tox|[from] psn
|upkeep
|turn|43
|
|t:|1728247363
|cant|p2a: Skarm|frz
|move|p1a: Violet|Ice Beam|p2a: Skarm
|-damage|p2a: Skarm|83/100 frz
|
|-weather|Sandstorm|[upkeep]
|-heal|p2a: Skarm|89/100 frz|[from] item: Leftovers
|-heal|p1a: Violet|55/100 tox|[from] item: Leftovers
|-damage|p1a: Violet|42/100 tox|[from] psn
|upkeep
|turn|44
|c|☆Fakes|ggs
|
|t:|1728247374
|cant|p2a: Skarm|frz
|move|p1a: Violet|Ice Beam|p2a: Skarm
|-damage|p2a: Skarm|69/100 frz
|
|-weather|Sandstorm|[upkeep]
|-heal|p2a: Skarm|75/100 frz|[from] item: Leftovers
|-heal|p1a: Violet|49/100 tox|[from] item: Leftovers
|-damage|p1a: Violet|30/100 tox|[from] psn
|upkeep
|turn|45
|c|☆AutumnWailord|gg
|
|t:|1728247380
|cant|p2a: Skarm|frz
|move|p1a: Violet|Ice Beam|p2a: Skarm
|-damage|p2a: Skarm|57/100 frz
|
|-weather|Sandstorm|[upkeep]
|-heal|p2a: Skarm|63/100 frz|[from] item: Leftovers
|-heal|p1a: Violet|36/100 tox|[from] item: Leftovers
|-damage|p1a: Violet|11/100 tox|[from] psn
|upkeep
|turn|46
|c|☆AutumnWailord|wp
|
|t:|1728247385
|-curestatus|p2a: Skarm|frz|[msg]
|move|p2a: Skarm|Protect|p2a: Skarm
|-singleturn|p2a: Skarm|Protect
|move|p1a: Violet|Ice Beam|p2a: Skarm
|-activate|p2a: Skarm|Protect
|
|-weather|Sandstorm|[upkeep]
|-heal|p2a: Skarm|69/100|[from] item: Leftovers
|-heal|p1a: Violet|18/100 tox|[from] item: Leftovers
|-damage|p1a: Violet|0 fnt|[from] psn
|faint|p1a: Violet
|upkeep
|
|t:|1728247387
|switch|p1a: Blue|Salamence, M|76/100
|-ability|p1a: Blue|Intimidate|boost
|-unboost|p2a: Skarm|atk|1
|turn|47
|
|t:|1728247392
|switch|p2a: Jira|Jirachi|98/100
|move|p1a: Blue|Brick Break|p2a: Jira
|-damage|p2a: Jira|71/100
|
|-weather|Sandstorm|[upkeep]
|-damage|p1a: Blue|70/100|[from] Sandstorm
|-heal|p2a: Jira|77/100|[from] item: Leftovers
|upkeep
|turn|48
|-message|AutumnWailord forfeited.
|
|win|Fakes

</script>
<script type="application/json" class="data" id="replaydata-smogtours-gen3ou-795964">
{"id":"smogtours-gen3ou-795964","format":"[Gen 3] OU","players":["AutumnWailord","Fakes"],"uploadtime":1728247400,"views":134,"formatid":"gen3ou","rating":null,"private":1,"password":null}
</script>

<script defer src="js/replays.js?9d40a366"></script>
