<!DOCTYPE html>
<meta charset="utf-8" />
<meta name="viewport" content="width=device-width" />

<title>[Gen 3] OU: Tree69420 vs. big will 2024 - Replays - Pok&eacute;mon Showdown!</title>

<meta name="description" content="Watch a replay of a Pok&eacute;mon battle between Tree69420 and big will 2024! Format: [Gen 3] OU; Date: Nov 1, 2024" />
<!--

Hey, you! Looking in the source for the replay log?

You can find them in JSON format, just add `.json` at the end of a replay URL.

https://replay.pokemonshowdown.com/gen7randomdoublesbattle-865046831.json

Or, if you only need the log itself, add `.log` instead:

https://replay.pokemonshowdown.com/gen7randomdoublesbattle-865046831.log

-->

<link rel="stylesheet" href="//pokemonshowdown.com/style/global.css?0.023195364461161105" />
<link rel="stylesheet" href="//play.pokemonshowdown.com/style/font-awesome.css?0.13261647063804238" />
<link rel="stylesheet" href="//play.pokemonshowdown.com/style/battle.css?0.8753245789963631" />
<link rel="stylesheet" href="//play.pokemonshowdown.com/style/utilichart.css?0.8627959624976733" />

<!-- Global site tag (gtag.js) - Google Analytics -->
<script async src="https://www.googletagmanager.com/gtag/js?id=UA-26211653-1"></script>
<script>
  window.dataLayer = window.dataLayer || [];
  function gtag(){dataLayer.push(arguments);}
  gtag('js', new Date());

  gtag('config', 'UA-26211653-1');
</script>
<!-- End Google Analytics -->
<!-- Venatus Ad Manager - Install in <HEAD> of page -->
	<script src="https://hb.vntsm.com/v3/live/ad-manager.min.js" type="text/javascript" data-site-id="642aba63ec9a7b11c3c9c1be" data-mode="scan" async></script>
<!-- / Venatus Ad Manager -->

<style>
	@media (max-width:820px) {
		.battle {
			margin: 0 auto;
		}
		.battle-log {
			margin: 7px auto 0;
			max-width: 640px;
			height: 300px;
			position: static;
		}
	}
	.optgroup {
		display: inline-block;
		line-height: 22px;
		font-size: 10pt;
	}
	.optgroup .button {
		height: 25px;
		padding-top: 0;
		padding-bottom: 0;
	}
	.optgroup button.button {
		padding-left: 12px;
		padding-right: 12px;
	}
	.linklist {
		list-style: none;
		margin: 0.5em 0;
		padding: 0;
	}
	.linklist li {
		padding: 2px 0;
	}
	.sidebar {
		float: left;
		width: 320px;
	}
	.bar-wrapper {
		max-width: 1100px;
		margin: 0 auto;
	}
	.bar-wrapper.has-sidebar {
		max-width: 1430px;
	}
	.mainbar {
		margin: 0;
		padding-right: 1px;
	}
	.mainbar.has-sidebar {
		margin-left: 330px;
	}
	@media (min-width: 1511px) {
		.sidebar {
			width: 400px;
		}
		.bar-wrapper.has-sidebar {
			max-width: 1510px;
		}
		.mainbar.has-sidebar {
			margin-left: 410px;
		}
	}
	.section.first-section {
		margin-top: 9px;
	}
	.blocklink small {
		white-space: normal;
	}
	.button {
		vertical-align: middle;
	}
	.replay-controls {
		padding-top: 10px;
	}
	.replay-controls h1 {
		font-size: 16pt;
		font-weight: normal;
		color: #CCC;
	}
	.pagelink {
		text-align: center;
	}
	.pagelink a {
		width: 150px;
	}
	.textbox, .button {
		font-size: 11pt;
		vertical-align: middle;
	}
	@media (max-width: 450px) {
		.button {
			font-size: 9pt;
		}
	}
</style>

<div>

	<header>
		<div class="nav-wrapper"><ul class="nav">
			<li><a class="button nav-first" href="//pokemonshowdown.com/"><img src="//pokemonshowdown.com/images/pokemonshowdownbeta.png" srcset="//pokemonshowdown.com/images/pokemonshowdownbeta.png 1x, //pokemonshowdown.com/images/pokemonshowdownbeta@2x.png 2x" alt="Pok&eacute;mon Showdown" width="146" height="44" /> Home</a></li>
			<li><a class="button" href="//pokemonshowdown.com/dex/">Pok&eacute;dex</a></li>
			<li><a class="button cur" href="/">Replays</a></li>
			<li><a class="button" href="//pokemonshowdown.com/ladder/">Ladder</a></li>
			<li><a class="button nav-last" href="//pokemonshowdown.com/forums/">Forum</a></li>
			<li><a class="button greenbutton nav-first nav-last" href="//play.pokemonshowdown.com/">Play</a></li>
		</ul></div>
	</header>

	<div class="main" id="main">

		<noscript><section class="section">You need to enable JavaScript to use this page; sorry!</section></noscript>

	</div>

</div>

<script defer nomodule src="//play.pokemonshowdown.com/js/lib/ps-polyfill.js"></script>
<script defer src="//play.pokemonshowdown.com/js/lib/preact.min.js"></script>

<script defer src="//play.pokemonshowdown.com/config/config.js?2bddbc15"></script>
<script defer src="//play.pokemonshowdown.com/js/lib/jquery-1.11.0.min.js"></script>
<script defer src="//play.pokemonshowdown.com/js/lib/html-sanitizer-minified.js"></script>
<script defer src="//play.pokemonshowdown.com/js/battle-sound.js"></script>
<script defer src="//play.pokemonshowdown.com/js/battledata.js?0.7209276989879541"></script>
<script defer src="//play.pokemonshowdown.com/data/pokedex-mini.js?0.6111056340867951"></script>
<script defer src="//play.pokemonshowdown.com/data/pokedex-mini-bw.js?0.3532142036491459"></script>
<script defer src="//play.pokemonshowdown.com/data/graphics.js?0.24223875632456182"></script>
<script defer src="//play.pokemonshowdown.com/data/pokedex.js?0.38839984266356864"></script>
<script defer src="//play.pokemonshowdown.com/data/moves.js?0.21866028504024015"></script>
<script defer src="//play.pokemonshowdown.com/data/abilities.js?0.2005157953846628"></script>
<script defer src="//play.pokemonshowdown.com/data/items.js?0.9894211263848525"></script>
<script defer src="//play.pokemonshowdown.com/data/teambuilder-tables.js?0.6008791140282215"></script>
<script defer src="//play.pokemonshowdown.com/js/battle-tooltips.js?0.7580118955022959"></script>
<script defer src="//play.pokemonshowdown.com/js/battle.js?0.6057722274234274"></script>

<script defer src="js/utils.js?e31f9a17"></script>
<script defer src="js/replays-battle.js?7008c182"></script>

<!-- don't scrape this data! just add .json or .log after the URL!
Full API docs: https://github.com/smogon/pokemon-showdown-client/blob/master/WEB-API.md -->
<script type="text/plain" class="log" id="replaylog-smogtours-gen3ou-803666">
|inactive|Battle timer is ON: inactive players will automatically lose when time's up.
|badge|p1|silver|gen9uu|30-3
|uhtml|medal-msg|<div class="broadcast-blue">Curious what those medals under the avatar are? PS now has Ladder Seasons! For more information, check out the <a href="https://www.smogon.com/forums/threads/3740067/">thread on Smogon.<\/a><\/div>
|t:|1730427631
|gametype|singles
|player|p1|Tree69420|#rbyplivglacialarticunos|
|player|p2|big will 2024|morty-gen2|
|teamsize|p1|6
|teamsize|p2|6
|gen|3
|tier|[Gen 3] OU
|rule|Sleep Clause Mod: Limit one foe put to sleep
|rule|Switch Priority Clause Mod: Faster Pokémon switch first
|rule|Species Clause: Limit one of each Pokémon
|rule|OHKO Clause: OHKO moves are banned
|rule|Evasion Items Clause: Evasion items are banned
|rule|Evasion Moves Clause: Evasion moves are banned
|rule|Endless Battle Clause: Forcing endless battles is banned
|rule|HP Percentage Mod: HP is shown in percentages
|rule|One Boost Passer Clause: Limit one Baton Passer that has a way to boost its stats
|rule|Freeze Clause Mod: Limit one foe frozen
|
|t:|1730427631
|start
|switch|p1a: Metagross|Metagross|100/100
|switch|p2a: Zapdos|Zapdos|100/100
|turn|1
|inactive|big will 2024 also wants the timer to be on.
|c|☆big will 2024|hf
|c|☆Tree69420|hf
|
|t:|1730427649
|switch|p1a: Celebi|Celebi|100/100
|move|p2a: Zapdos|Baton Pass|p2a: Zapdos
|
|t:|1730427654
|switch|p2a: Tyranitar|Tyranitar, M|100/100|[from] Baton Pass
|-weather|Sandstorm|[from] ability: Sand Stream|[of] p2a: Tyranitar
|
|-weather|Sandstorm|[upkeep]
|-damage|p1a: Celebi|94/100|[from] Sandstorm
|-heal|p1a: Celebi|100/100|[from] item: Leftovers
|upkeep
|turn|2
|
|t:|1730427672
|switch|p1a: Gyarados|Gyarados, M|100/100
|-ability|p1a: Gyarados|Intimidate|boost
|-unboost|p2a: Tyranitar|atk|1
|move|p2a: Tyranitar|Fire Blast|p1a: Gyarados
|-resisted|p1a: Gyarados
|-damage|p1a: Gyarados|87/100
|
|-weather|Sandstorm|[upkeep]
|-damage|p1a: Gyarados|81/100|[from] Sandstorm
|-heal|p1a: Gyarados|87/100|[from] item: Leftovers
|upkeep
|turn|3
|
|t:|1730427678
|switch|p2a: Zapdos|Zapdos|100/100
|move|p1a: Gyarados|Hidden Power|p2a: Zapdos
|-resisted|p2a: Zapdos
|-damage|p2a: Zapdos|85/100
|
|-weather|Sandstorm|[upkeep]
|-damage|p2a: Zapdos|79/100|[from] Sandstorm
|-damage|p1a: Gyarados|81/100|[from] Sandstorm
|-heal|p2a: Zapdos|85/100|[from] item: Leftovers
|-heal|p1a: Gyarados|87/100|[from] item: Leftovers
|upkeep
|turn|4
|
|t:|1730427682
|switch|p1a: Celebi|Celebi|100/100
|move|p2a: Zapdos|Toxic|p1a: Celebi
|-status|p1a: Celebi|tox
|
|-weather|Sandstorm|[upkeep]
|-damage|p2a: Zapdos|79/100|[from] Sandstorm
|-damage|p1a: Celebi|94/100 tox|[from] Sandstorm
|-heal|p2a: Zapdos|85/100|[from] item: Leftovers
|-heal|p1a: Celebi|100/100 tox|[from] item: Leftovers
|-damage|p1a: Celebi|94/100 tox|[from] psn
|upkeep
|turn|5
|
|t:|1730427686
|move|p2a: Zapdos|Baton Pass|p2a: Zapdos
|
|t:|1730427687
|switch|p2a: Dugtrio|Dugtrio, F|100/100|[from] Baton Pass
|move|p1a: Celebi|Leech Seed|p2a: Dugtrio|[miss]
|-miss|p1a: Celebi|p2a: Dugtrio
|
|-weather|Sandstorm|[upkeep]
|-damage|p1a: Celebi|88/100 tox|[from] Sandstorm
|-heal|p1a: Celebi|94/100 tox|[from] item: Leftovers
|-damage|p1a: Celebi|82/100 tox|[from] psn
|upkeep
|turn|6
|
|t:|1730427691
|move|p2a: Dugtrio|Hidden Power|p1a: Celebi
|-supereffective|p1a: Celebi
|-damage|p1a: Celebi|11/100 tox
|move|p1a: Celebi|Hidden Power|p2a: Dugtrio
|-supereffective|p2a: Dugtrio
|-damage|p2a: Dugtrio|0 fnt
|faint|p2a: Dugtrio
|
|t:|1730427697
|switch|p2a: Zapdos|Zapdos|85/100
|
|-weather|Sandstorm|[upkeep]
|-damage|p2a: Zapdos|79/100|[from] Sandstorm
|-damage|p1a: Celebi|5/100 tox|[from] Sandstorm
|-heal|p2a: Zapdos|85/100|[from] item: Leftovers
|-heal|p1a: Celebi|11/100 tox|[from] item: Leftovers
|-damage|p1a: Celebi|0 fnt|[from] psn
|faint|p1a: Celebi
|upkeep
|
|t:|1730427701
|switch|p1a: Umbreon|Umbreon, M|100/100
|turn|7
|
|t:|1730427708
|move|p2a: Zapdos|Baton Pass|p2a: Zapdos
|
|t:|1730427709
|switch|p2a: Metagross|Metagross|100/100|[from] Baton Pass
|move|p1a: Umbreon|Wish|p1a: Umbreon
|
|-weather|Sandstorm|[upkeep]
|-damage|p1a: Umbreon|94/100|[from] Sandstorm
|-heal|p1a: Umbreon|100/100|[from] item: Leftovers
|upkeep
|turn|8
|
|t:|1730427712
|switch|p1a: Gyarados|Gyarados, M|87/100
|-ability|p1a: Gyarados|Intimidate|boost
|-fail|p2a: Metagross|unboost|[from] ability: Clear Body|[of] p2a: Metagross
|move|p2a: Metagross|Meteor Mash|p1a: Gyarados|[miss]
|-miss|p2a: Metagross|p1a: Gyarados
|
|-heal|p1a: Gyarados|100/100|[from] move: Wish|[wisher] Umbreon
|-weather|Sandstorm|[upkeep]
|-damage|p1a: Gyarados|94/100|[from] Sandstorm
|-heal|p1a: Gyarados|100/100|[from] item: Leftovers
|upkeep
|turn|9
|
|t:|1730427718
|switch|p1a: Umbreon|Umbreon, M|100/100
|switch|p2a: Tyranitar|Tyranitar, M|100/100
|
|-weather|Sandstorm|[upkeep]
|-damage|p1a: Umbreon|94/100|[from] Sandstorm
|-heal|p1a: Umbreon|100/100|[from] item: Leftovers
|upkeep
|turn|10
|
|t:|1730427722
|move|p2a: Tyranitar|Brick Break|p1a: Umbreon
|-supereffective|p1a: Umbreon
|-damage|p1a: Umbreon|61/100
|move|p1a: Umbreon|Toxic|p2a: Tyranitar
|-status|p2a: Tyranitar|tox
|
|-weather|Sandstorm|[upkeep]
|-damage|p1a: Umbreon|55/100|[from] Sandstorm
|-damage|p2a: Tyranitar|94/100 tox|[from] psn
|-heal|p1a: Umbreon|61/100|[from] item: Leftovers
|upkeep
|turn|11
|
|t:|1730427728
|switch|p2a: Metagross|Metagross|100/100
|move|p1a: Umbreon|Protect||[still]
|-fail|p1a: Umbreon
|
|-weather|Sandstorm|[upkeep]
|-damage|p1a: Umbreon|55/100|[from] Sandstorm
|-heal|p1a: Umbreon|61/100|[from] item: Leftovers
|upkeep
|turn|12
|
|t:|1730427729
|move|p1a: Umbreon|Protect|p1a: Umbreon
|-singleturn|p1a: Umbreon|Protect
|move|p2a: Metagross|Meteor Mash|p1a: Umbreon|[miss]
|-miss|p2a: Metagross|p1a: Umbreon
|
|-weather|Sandstorm|[upkeep]
|-damage|p1a: Umbreon|55/100|[from] Sandstorm
|-heal|p1a: Umbreon|61/100|[from] item: Leftovers
|upkeep
|turn|13
|
|t:|1730427732
|switch|p1a: Gyarados|Gyarados, M|100/100
|-ability|p1a: Gyarados|Intimidate|boost
|-fail|p2a: Metagross|unboost|[from] ability: Clear Body|[of] p2a: Metagross
|move|p2a: Metagross|Meteor Mash|p1a: Gyarados
|-resisted|p1a: Gyarados
|-damage|p1a: Gyarados|51/100
|-boost|p2a: Metagross|atk|1
|
|-weather|Sandstorm|[upkeep]
|-damage|p1a: Gyarados|45/100|[from] Sandstorm
|-heal|p1a: Gyarados|51/100|[from] item: Leftovers
|upkeep
|turn|14
|
|t:|1730427736
|move|p1a: Gyarados|Earthquake|p2a: Metagross
|-supereffective|p2a: Metagross
|-damage|p2a: Metagross|54/100
|move|p2a: Metagross|Meteor Mash|p1a: Gyarados
|-resisted|p1a: Gyarados
|-damage|p1a: Gyarados|0 fnt
|faint|p1a: Gyarados
|
|t:|1730427738
|switch|p1a: Magneton|Magneton|100/100
|
|-weather|Sandstorm|[upkeep]
|upkeep
|turn|15
|
|t:|1730427740
|move|p1a: Magneton|Thunderbolt|p2a: Metagross
|-damage|p2a: Metagross|9/100
|move|p2a: Metagross|Meteor Mash|p1a: Magneton
|-resisted|p1a: Magneton
|-damage|p1a: Magneton|63/100
|
|-weather|Sandstorm|[upkeep]
|-heal|p1a: Magneton|70/100|[from] item: Leftovers
|upkeep
|turn|16
|
|t:|1730427743
|move|p1a: Magneton|Thunderbolt|p2a: Metagross
|-damage|p2a: Metagross|0 fnt
|faint|p2a: Metagross
|
|t:|1730427748
|switch|p2a: Aerodactyl|Aerodactyl, F|100/100
|
|-weather|Sandstorm|[upkeep]
|-heal|p1a: Magneton|76/100|[from] item: Leftovers
|upkeep
|turn|17
|
|t:|1730427751
|move|p1a: Magneton|Protect|p1a: Magneton
|-singleturn|p1a: Magneton|Protect
|move|p2a: Aerodactyl|Earthquake|p1a: Magneton
|-activate|p1a: Magneton|Protect
|
|-weather|Sandstorm|[upkeep]
|-heal|p1a: Magneton|82/100|[from] item: Leftovers
|upkeep
|turn|18
|
|t:|1730427755
|switch|p1a: Donphan|Donphan, F|100/100
|move|p2a: Aerodactyl|Earthquake|p1a: Donphan
|-damage|p1a: Donphan|75/100
|
|-weather|Sandstorm|[upkeep]
|-heal|p1a: Donphan|81/100|[from] item: Leftovers
|upkeep
|turn|19
|
|t:|1730427760
|switch|p2a: Swampert|Swampert, M|100/100
|move|p1a: Donphan|Toxic|p2a: Swampert
|-status|p2a: Swampert|tox
|
|-weather|Sandstorm|[upkeep]
|-damage|p2a: Swampert|94/100 tox|[from] psn
|-heal|p1a: Donphan|87/100|[from] item: Leftovers
|upkeep
|turn|20
|
|t:|1730427775
|switch|p1a: Umbreon|Umbreon, M|61/100
|move|p2a: Swampert|Surf|p1a: Umbreon
|-crit|p1a: Umbreon
|-damage|p1a: Umbreon|30/100
|
|-weather|Sandstorm|[upkeep]
|-damage|p1a: Umbreon|24/100|[from] Sandstorm
|-heal|p2a: Swampert|100/100 tox|[from] item: Leftovers
|-damage|p2a: Swampert|88/100 tox|[from] psn
|-heal|p1a: Umbreon|30/100|[from] item: Leftovers
|upkeep
|turn|21
|
|t:|1730427780
|switch|p2a: Tyranitar|Tyranitar, M|94/100 tox
|move|p1a: Umbreon|Wish|p1a: Umbreon
|
|-weather|Sandstorm|[upkeep]
|-damage|p1a: Umbreon|24/100|[from] Sandstorm
|-heal|p2a: Tyranitar|100/100 tox|[from] item: Leftovers
|-damage|p2a: Tyranitar|94/100 tox|[from] psn
|-heal|p1a: Umbreon|30/100|[from] item: Leftovers
|upkeep
|turn|22
|
|t:|1730427783
|move|p1a: Umbreon|Protect|p1a: Umbreon
|-singleturn|p1a: Umbreon|Protect
|move|p2a: Tyranitar|Brick Break|p1a: Umbreon
|-activate|p1a: Umbreon|Protect
|
|-heal|p1a: Umbreon|80/100|[from] move: Wish|[wisher] Umbreon
|-weather|Sandstorm|[upkeep]
|-damage|p1a: Umbreon|74/100|[from] Sandstorm
|-heal|p2a: Tyranitar|100/100 tox|[from] item: Leftovers
|-damage|p2a: Tyranitar|88/100 tox|[from] psn
|-heal|p1a: Umbreon|80/100|[from] item: Leftovers
|upkeep
|turn|23
|
|t:|1730427789
|switch|p2a: Swampert|Swampert, M|88/100 tox
|move|p1a: Umbreon|Wish|p1a: Umbreon
|
|-weather|Sandstorm|[upkeep]
|-damage|p1a: Umbreon|74/100|[from] Sandstorm
|-heal|p2a: Swampert|94/100 tox|[from] item: Leftovers
|-damage|p2a: Swampert|88/100 tox|[from] psn
|-heal|p1a: Umbreon|80/100|[from] item: Leftovers
|upkeep
|turn|24
|
|t:|1730427799
|move|p2a: Swampert|Toxic|p1a: Umbreon
|-status|p1a: Umbreon|tox
|move|p1a: Umbreon|Pursuit|p2a: Swampert
|-damage|p2a: Swampert|79/100 tox
|
|-heal|p1a: Umbreon|100/100 tox|[from] move: Wish|[wisher] Umbreon
|-weather|Sandstorm|[upkeep]
|-damage|p1a: Umbreon|94/100 tox|[from] Sandstorm
|-heal|p2a: Swampert|85/100 tox|[from] item: Leftovers
|-damage|p2a: Swampert|73/100 tox|[from] psn
|-heal|p1a: Umbreon|100/100 tox|[from] item: Leftovers
|-damage|p1a: Umbreon|94/100 tox|[from] psn
|upkeep
|turn|25
|
|t:|1730427804
|switch|p2a: Tyranitar|Tyranitar, M|88/100 tox
|switch|p1a: Magneton|Magneton|82/100
|
|-weather|Sandstorm|[upkeep]
|-heal|p1a: Magneton|88/100|[from] item: Leftovers
|-heal|p2a: Tyranitar|94/100 tox|[from] item: Leftovers
|-damage|p2a: Tyranitar|88/100 tox|[from] psn
|upkeep
|turn|26
|
|t:|1730427806
|move|p1a: Magneton|Protect|p1a: Magneton
|-singleturn|p1a: Magneton|Protect
|move|p2a: Tyranitar|Fire Blast|p1a: Magneton
|-activate|p1a: Magneton|Protect
|
|-weather|Sandstorm|[upkeep]
|-heal|p1a: Magneton|95/100|[from] item: Leftovers
|-heal|p2a: Tyranitar|94/100 tox|[from] item: Leftovers
|-damage|p2a: Tyranitar|82/100 tox|[from] psn
|upkeep
|turn|27
|
|t:|1730427812
|switch|p1a: Umbreon|Umbreon, M|94/100 tox
|move|p2a: Tyranitar|Hidden Power|p1a: Umbreon
|-damage|p1a: Umbreon|84/100 tox
|
|-weather|Sandstorm|[upkeep]
|-damage|p1a: Umbreon|78/100 tox|[from] Sandstorm
|-heal|p2a: Tyranitar|88/100 tox|[from] item: Leftovers
|-damage|p2a: Tyranitar|70/100 tox|[from] psn
|-heal|p1a: Umbreon|84/100 tox|[from] item: Leftovers
|-damage|p1a: Umbreon|78/100 tox|[from] psn
|upkeep
|turn|28
|
|t:|1730427817
|move|p2a: Tyranitar|Brick Break|p1a: Umbreon
|-supereffective|p1a: Umbreon
|-damage|p1a: Umbreon|40/100 tox
|move|p1a: Umbreon|Wish|p1a: Umbreon
|
|-weather|Sandstorm|[upkeep]
|-damage|p1a: Umbreon|34/100 tox|[from] Sandstorm
|-heal|p2a: Tyranitar|76/100 tox|[from] item: Leftovers
|-damage|p2a: Tyranitar|51/100 tox|[from] psn
|-heal|p1a: Umbreon|40/100 tox|[from] item: Leftovers
|-damage|p1a: Umbreon|28/100 tox|[from] psn
|upkeep
|turn|29
|
|t:|1730427821
|switch|p2a: Swampert|Swampert, M|73/100 tox
|move|p1a: Umbreon|Protect||[still]
|-fail|p1a: Umbreon
|
|-heal|p1a: Umbreon|78/100 tox|[from] move: Wish|[wisher] Umbreon
|-weather|Sandstorm|[upkeep]
|-damage|p1a: Umbreon|72/100 tox|[from] Sandstorm
|-heal|p2a: Swampert|79/100 tox|[from] item: Leftovers
|-damage|p2a: Swampert|73/100 tox|[from] psn
|-heal|p1a: Umbreon|78/100 tox|[from] item: Leftovers
|-damage|p1a: Umbreon|59/100 tox|[from] psn
|upkeep
|turn|30
|
|t:|1730427824
|move|p2a: Swampert|Surf|p1a: Umbreon
|-damage|p1a: Umbreon|43/100 tox
|move|p1a: Umbreon|Wish|p1a: Umbreon
|
|-weather|Sandstorm|[upkeep]
|-damage|p1a: Umbreon|37/100 tox|[from] Sandstorm
|-heal|p2a: Swampert|79/100 tox|[from] item: Leftovers
|-damage|p2a: Swampert|67/100 tox|[from] psn
|-heal|p1a: Umbreon|43/100 tox|[from] item: Leftovers
|-damage|p1a: Umbreon|19/100 tox|[from] psn
|upkeep
|turn|31
|
|t:|1730427829
|move|p2a: Swampert|Surf|p1a: Umbreon
|-damage|p1a: Umbreon|2/100 tox
|move|p1a: Umbreon|Pursuit|p2a: Swampert
|-damage|p2a: Swampert|57/100 tox
|
|-heal|p1a: Umbreon|52/100 tox|[from] move: Wish|[wisher] Umbreon
|-weather|Sandstorm|[upkeep]
|-damage|p1a: Umbreon|45/100 tox|[from] Sandstorm
|-heal|p2a: Swampert|64/100 tox|[from] item: Leftovers
|-damage|p2a: Swampert|45/100 tox|[from] psn
|-heal|p1a: Umbreon|52/100 tox|[from] item: Leftovers
|-damage|p1a: Umbreon|21/100 tox|[from] psn
|upkeep
|turn|32
|
|t:|1730427836
|move|p2a: Swampert|Surf|p1a: Umbreon
|-damage|p1a: Umbreon|3/100 tox
|move|p1a: Umbreon|Wish|p1a: Umbreon
|
|-weather|Sandstorm|[upkeep]
|-damage|p1a: Umbreon|0 fnt|[from] Sandstorm
|faint|p1a: Umbreon
|-heal|p2a: Swampert|51/100 tox|[from] item: Leftovers
|-damage|p2a: Swampert|26/100 tox|[from] psn
|upkeep
|
|t:|1730427839
|switch|p1a: Magneton|Magneton|95/100
|turn|33
|
|t:|1730427846
|switch|p2a: Tyranitar|Tyranitar, M|51/100 tox
|move|p1a: Magneton|Hidden Power|p2a: Tyranitar
|-supereffective|p2a: Tyranitar
|-damage|p2a: Tyranitar|10/100 tox
|
|-heal|p1a: Magneton|100/100|[from] move: Wish|[wisher] Umbreon
|-weather|Sandstorm|[upkeep]
|-heal|p2a: Tyranitar|16/100 tox|[from] item: Leftovers
|-damage|p2a: Tyranitar|10/100 tox|[from] psn
|upkeep
|turn|34
|
|t:|1730427851
|move|p1a: Magneton|Thunderbolt|p2a: Tyranitar
|-damage|p2a: Tyranitar|0 fnt
|faint|p2a: Tyranitar
|
|t:|1730427853
|switch|p2a: Aerodactyl|Aerodactyl, F|100/100
|
|-weather|Sandstorm|[upkeep]
|upkeep
|turn|35
|
|t:|1730427856
|move|p1a: Magneton|Protect|p1a: Magneton
|-singleturn|p1a: Magneton|Protect
|move|p2a: Aerodactyl|Earthquake|p1a: Magneton
|-activate|p1a: Magneton|Protect
|
|-weather|Sandstorm|[upkeep]
|upkeep
|turn|36
|
|t:|1730427858
|switch|p2a: Swampert|Swampert, M|26/100 tox
|switch|p1a: Donphan|Donphan, F|87/100
|
|-weather|Sandstorm|[upkeep]
|-heal|p2a: Swampert|32/100 tox|[from] item: Leftovers
|-damage|p2a: Swampert|26/100 tox|[from] psn
|-heal|p1a: Donphan|94/100|[from] item: Leftovers
|upkeep
|turn|37
|
|t:|1730427862
|move|p1a: Donphan|Protect|p1a: Donphan
|-singleturn|p1a: Donphan|Protect
|move|p2a: Swampert|Surf|p1a: Donphan
|-activate|p1a: Donphan|Protect
|
|-weather|Sandstorm|[upkeep]
|-heal|p2a: Swampert|32/100 tox|[from] item: Leftovers
|-damage|p2a: Swampert|20/100 tox|[from] psn
|-heal|p1a: Donphan|99/100|[from] item: Leftovers
|upkeep
|turn|38
|
|t:|1730427869
|switch|p1a: Magneton|Magneton|100/100
|move|p2a: Swampert|Surf|p1a: Magneton
|-damage|p1a: Magneton|39/100
|
|-weather|Sandstorm|[upkeep]
|-heal|p1a: Magneton|45/100|[from] item: Leftovers
|-heal|p2a: Swampert|26/100 tox|[from] item: Leftovers
|-damage|p2a: Swampert|7/100 tox|[from] psn
|upkeep
|turn|39
|
|t:|1730427875
|switch|p2a: Aerodactyl|Aerodactyl, F|100/100
|move|p1a: Magneton|Hidden Power|p2a: Aerodactyl
|-damage|p2a: Aerodactyl|71/100
|
|-weather|Sandstorm|[upkeep]
|-heal|p1a: Magneton|51/100|[from] item: Leftovers
|upkeep
|turn|40
|
|t:|1730427877
|move|p1a: Magneton|Protect|p1a: Magneton
|-singleturn|p1a: Magneton|Protect
|move|p2a: Aerodactyl|Earthquake|p1a: Magneton
|-activate|p1a: Magneton|Protect
|
|-weather|Sandstorm|[upkeep]
|-heal|p1a: Magneton|58/100|[from] item: Leftovers
|upkeep
|turn|41
|
|t:|1730427880
|switch|p1a: Donphan|Donphan, F|99/100
|move|p2a: Aerodactyl|Earthquake|p1a: Donphan
|-damage|p1a: Donphan|72/100
|
|-weather|Sandstorm|[upkeep]
|-heal|p1a: Donphan|78/100|[from] item: Leftovers
|upkeep
|turn|42
|
|t:|1730427886
|switch|p2a: Swampert|Swampert, M|7/100 tox
|move|p1a: Donphan|Toxic|p2a: Swampert
|-fail|p2a: Swampert|tox
|
|-weather|Sandstorm|[upkeep]
|-heal|p2a: Swampert|14/100 tox|[from] item: Leftovers
|-damage|p2a: Swampert|7/100 tox|[from] psn
|-heal|p1a: Donphan|84/100|[from] item: Leftovers
|upkeep
|turn|43
|
|t:|1730427891
|move|p1a: Donphan|Protect|p1a: Donphan
|-singleturn|p1a: Donphan|Protect
|move|p2a: Swampert|Surf|p1a: Donphan
|-activate|p1a: Donphan|Protect
|
|-weather|Sandstorm|[upkeep]
|-heal|p2a: Swampert|14/100 tox|[from] item: Leftovers
|-damage|p2a: Swampert|1/100 tox|[from] psn
|-heal|p1a: Donphan|91/100|[from] item: Leftovers
|upkeep
|turn|44
|
|t:|1730427899
|switch|p1a: Metagross|Metagross|100/100
|move|p2a: Swampert|Surf|p1a: Metagross
|-damage|p1a: Metagross|54/100
|
|-weather|Sandstorm|[upkeep]
|-heal|p1a: Metagross|60/100|[from] item: Leftovers
|-heal|p2a: Swampert|7/100 tox|[from] item: Leftovers
|-damage|p2a: Swampert|0 fnt|[from] psn
|faint|p2a: Swampert
|upkeep
|
|t:|1730427901
|switch|p2a: Zapdos|Zapdos|85/100
|turn|45
|
|t:|1730427908
|move|p2a: Zapdos|Thunderbolt|p1a: Metagross
|-damage|p1a: Metagross|19/100
|move|p1a: Metagross|Explosion|p2a: Zapdos
|-crit|p2a: Zapdos
|-damage|p2a: Zapdos|0 fnt
|faint|p1a: Metagross
|faint|p2a: Zapdos
|
|t:|1730427913
|switch|p2a: Aerodactyl|Aerodactyl, F|71/100
|switch|p1a: Magneton|Magneton|58/100
|
|-weather|Sandstorm|[upkeep]
|-heal|p1a: Magneton|64/100|[from] item: Leftovers
|upkeep
|turn|46
|
|t:|1730427915
|move|p1a: Magneton|Protect|p1a: Magneton
|-singleturn|p1a: Magneton|Protect
|move|p2a: Aerodactyl|Earthquake|p1a: Magneton
|-activate|p1a: Magneton|Protect
|
|-weather|Sandstorm|[upkeep]
|-heal|p1a: Magneton|70/100|[from] item: Leftovers
|upkeep
|turn|47
|
|t:|1730427917
|move|p2a: Aerodactyl|Earthquake|p1a: Magneton
|-supereffective|p1a: Magneton
|-damage|p1a: Magneton|0 fnt
|faint|p1a: Magneton
|
|t:|1730427918
|switch|p1a: Donphan|Donphan, F|91/100
|
|-weather|Sandstorm|[upkeep]
|-heal|p1a: Donphan|97/100|[from] item: Leftovers
|upkeep
|turn|48
|
|t:|1730427920
|move|p1a: Donphan|Protect|p1a: Donphan
|-singleturn|p1a: Donphan|Protect
|move|p2a: Aerodactyl|Earthquake|p1a: Donphan
|-activate|p1a: Donphan|Protect
|
|-weather|Sandstorm|[upkeep]
|-heal|p1a: Donphan|100/100|[from] item: Leftovers
|upkeep
|turn|49
|
|t:|1730427921
|move|p2a: Aerodactyl|Earthquake|p1a: Donphan
|-damage|p1a: Donphan|75/100
|move|p1a: Donphan|Toxic|p2a: Aerodactyl
|-status|p2a: Aerodactyl|tox
|
|-weather|Sandstorm|[upkeep]
|-damage|p2a: Aerodactyl|65/100 tox|[from] psn
|-heal|p1a: Donphan|82/100|[from] item: Leftovers
|upkeep
|turn|50
|-message|big will 2024 forfeited.
|
|win|Tree69420
|c|☆big will 2024|gg
|c|☆Tree69420|gg
|player|p2|

</script>
<script type="application/json" class="data" id="replaydata-smogtours-gen3ou-803666">
{"id":"smogtours-gen3ou-803666","format":"[Gen 3] OU","players":["Tree69420","big will 2024"],"uploadtime":1730427926,"views":92,"formatid":"gen3ou","rating":null,"private":0,"password":null}
</script>

<script defer src="js/replays.js?9d40a366"></script>
