<!DOCTYPE html>
<meta charset="utf-8" />
<meta name="viewport" content="width=device-width" />

<title>[Gen 3] OU: Zpanther vs. Christos - Replays - Pok&eacute;mon Showdown!</title>

<meta name="description" content="Watch a replay of a Pok&eacute;mon battle between Zpanther and Christos! Format: [Gen 3] OU; Date: Nov 9, 2024" />
<!--

Hey, you! Looking in the source for the replay log?

You can find them in JSON format, just add `.json` at the end of a replay URL.

https://replay.pokemonshowdown.com/gen7randomdoublesbattle-865046831.json

Or, if you only need the log itself, add `.log` instead:

https://replay.pokemonshowdown.com/gen7randomdoublesbattle-865046831.log

-->

<link rel="stylesheet" href="//pokemonshowdown.com/style/global.css?0.023195364461161105" />
<link rel="stylesheet" href="//play.pokemonshowdown.com/style/font-awesome.css?0.13261647063804238" />
<link rel="stylesheet" href="//play.pokemonshowdown.com/style/battle.css?0.8753245789963631" />
<link rel="stylesheet" href="//play.pokemonshowdown.com/style/utilichart.css?0.8627959624976733" />

<!-- Global site tag (gtag.js) - Google Analytics -->
<script async src="https://www.googletagmanager.com/gtag/js?id=UA-26211653-1"></script>
<script>
  window.dataLayer = window.dataLayer || [];
  function gtag(){dataLayer.push(arguments);}
  gtag('js', new Date());

  gtag('config', 'UA-26211653-1');
</script>
<!-- End Google Analytics -->
<!-- Venatus Ad Manager - Install in <HEAD> of page -->
	<script src="https://hb.vntsm.com/v3/live/ad-manager.min.js" type="text/javascript" data-site-id="642aba63ec9a7b11c3c9c1be" data-mode="scan" async></script>
<!-- / Venatus Ad Manager -->

<style>
	@media (max-width:820px) {
		.battle {
			margin: 0 auto;
		}
		.battle-log {
			margin: 7px auto 0;
			max-width: 640px;
			height: 300px;
			position: static;
		}
	}
	.optgroup {
		display: inline-block;
		line-height: 22px;
		font-size: 10pt;
	}
	.optgroup .button {
		height: 25px;
		padding-top: 0;
		padding-bottom: 0;
	}
	.optgroup button.button {
		padding-left: 12px;
		padding-right: 12px;
	}
	.linklist {
		list-style: none;
		margin: 0.5em 0;
		padding: 0;
	}
	.linklist li {
		padding: 2px 0;
	}
	.sidebar {
		float: left;
		width: 320px;
	}
	.bar-wrapper {
		max-width: 1100px;
		margin: 0 auto;
	}
	.bar-wrapper.has-sidebar {
		max-width: 1430px;
	}
	.mainbar {
		margin: 0;
		padding-right: 1px;
	}
	.mainbar.has-sidebar {
		margin-left: 330px;
	}
	@media (min-width: 1511px) {
		.sidebar {
			width: 400px;
		}
		.bar-wrapper.has-sidebar {
			max-width: 1510px;
		}
		.mainbar.has-sidebar {
			margin-left: 410px;
		}
	}
	.section.first-section {
		margin-top: 9px;
	}
	.blocklink small {
		white-space: normal;
	}
	.button {
		vertical-align: middle;
	}
	.replay-controls {
		padding-top: 10px;
	}
	.replay-controls h1 {
		font-size: 16pt;
		font-weight: normal;
		color: #CCC;
	}
	.pagelink {
		text-align: center;
	}
	.pagelink a {
		width: 150px;
	}
	.textbox, .button {
		font-size: 11pt;
		vertical-align: middle;
	}
	@media (max-width: 450px) {
		.button {
			font-size: 9pt;
		}
	}
</style>

<div>

	<header>
		<div class="nav-wrapper"><ul class="nav">
			<li><a class="button nav-first" href="//pokemonshowdown.com/"><img src="//pokemonshowdown.com/images/pokemonshowdownbeta.png" srcset="//pokemonshowdown.com/images/pokemonshowdownbeta.png 1x, //pokemonshowdown.com/images/pokemonshowdownbeta@2x.png 2x" alt="Pok&eacute;mon Showdown" width="146" height="44" /> Home</a></li>
			<li><a class="button" href="//pokemonshowdown.com/dex/">Pok&eacute;dex</a></li>
			<li><a class="button cur" href="/">Replays</a></li>
			<li><a class="button" href="//pokemonshowdown.com/ladder/">Ladder</a></li>
			<li><a class="button nav-last" href="//pokemonshowdown.com/forums/">Forum</a></li>
			<li><a class="button greenbutton nav-first nav-last" href="//play.pokemonshowdown.com/">Play</a></li>
		</ul></div>
	</header>

	<div class="main" id="main">

		<noscript><section class="section">You need to enable JavaScript to use this page; sorry!</section></noscript>

	</div>

</div>

<script defer nomodule src="//play.pokemonshowdown.com/js/lib/ps-polyfill.js"></script>
<script defer src="//play.pokemonshowdown.com/js/lib/preact.min.js"></script>

<script defer src="//play.pokemonshowdown.com/config/config.js?2bddbc15"></script>
<script defer src="//play.pokemonshowdown.com/js/lib/jquery-1.11.0.min.js"></script>
<script defer src="//play.pokemonshowdown.com/js/lib/html-sanitizer-minified.js"></script>
<script defer src="//play.pokemonshowdown.com/js/battle-sound.js"></script>
<script defer src="//play.pokemonshowdown.com/js/battledata.js?0.7209276989879541"></script>
<script defer src="//play.pokemonshowdown.com/data/pokedex-mini.js?0.6111056340867951"></script>
<script defer src="//play.pokemonshowdown.com/data/pokedex-mini-bw.js?0.3532142036491459"></script>
<script defer src="//play.pokemonshowdown.com/data/graphics.js?0.24223875632456182"></script>
<script defer src="//play.pokemonshowdown.com/data/pokedex.js?0.38839984266356864"></script>
<script defer src="//play.pokemonshowdown.com/data/moves.js?0.21866028504024015"></script>
<script defer src="//play.pokemonshowdown.com/data/abilities.js?0.2005157953846628"></script>
<script defer src="//play.pokemonshowdown.com/data/items.js?0.9894211263848525"></script>
<script defer src="//play.pokemonshowdown.com/data/teambuilder-tables.js?0.6008791140282215"></script>
<script defer src="//play.pokemonshowdown.com/js/battle-tooltips.js?0.7580118955022959"></script>
<script defer src="//play.pokemonshowdown.com/js/battle.js?0.6057722274234274"></script>

<script defer src="js/utils.js?e31f9a17"></script>
<script defer src="js/replays-battle.js?7008c182"></script>

<!-- don't scrape this data! just add .json or .log after the URL!
Full API docs: https://github.com/smogon/pokemon-showdown-client/blob/master/WEB-API.md -->
<script type="text/plain" class="log" id="replaylog-smogtours-gen3ou-805501">
|inactive|Battle timer is ON: inactive players will automatically lose when time's up.
|t:|1731176536
|gametype|singles
|player|p1|Zpanther|rose-zerosuit|
|player|p2|Christos|boarder|
|teamsize|p1|6
|teamsize|p2|6
|gen|3
|tier|[Gen 3] OU
|rule|Sleep Clause Mod: Limit one foe put to sleep
|rule|Switch Priority Clause Mod: Faster Pokémon switch first
|rule|Species Clause: Limit one of each Pokémon
|rule|OHKO Clause: OHKO moves are banned
|rule|Evasion Items Clause: Evasion items are banned
|rule|Evasion Moves Clause: Evasion moves are banned
|rule|Endless Battle Clause: Forcing endless battles is banned
|rule|HP Percentage Mod: HP is shown in percentages
|rule|One Boost Passer Clause: Limit one Baton Passer that has a way to boost its stats
|rule|Freeze Clause Mod: Limit one foe frozen
|
|t:|1731176536
|start
|switch|p1a: Metagross|Metagross|100/100
|switch|p2a: Tyranitar|Tyranitar, F|100/100
|-weather|Sandstorm|[from] ability: Sand Stream|[of] p2a: Tyranitar
|turn|1
|c|☆Zpanther|hf
|c|☆Christos|hf
|
|t:|1731176550
|switch|p2a: Skarmory|Skarmory, M|100/100
|move|p1a: Metagross|Meteor Mash|p2a: Skarmory
|-resisted|p2a: Skarmory
|-damage|p2a: Skarmory|77/100
|
|-weather|Sandstorm|[upkeep]
|upkeep
|turn|2
|
|t:|1731176557
|switch|p1a: Breloom|Breloom, F|100/100
|move|p2a: Skarmory|Spikes|p1a: Breloom
|-sidestart|p1: Zpanther|Spikes
|
|-weather|Sandstorm|[upkeep]
|-damage|p1a: Breloom|94/100|[from] Sandstorm
|-heal|p1a: Breloom|100/100|[from] item: Leftovers
|upkeep
|turn|3
|inactive|Christos has 270 seconds left.
|
|t:|1731176609
|switch|p2a: Metagross|Metagross|100/100
|move|p1a: Breloom|Spore|p2a: Metagross
|-status|p2a: Metagross|slp|[from] move: Spore
|
|-weather|Sandstorm|[upkeep]
|-damage|p1a: Breloom|94/100|[from] Sandstorm
|-heal|p1a: Breloom|100/100|[from] item: Leftovers
|upkeep
|turn|4
|
|t:|1731176615
|-singleturn|p1a: Breloom|move: Focus Punch
|switch|p2a: Claydol|Claydol|100/100
|move|p1a: Breloom|Focus Punch|p2a: Claydol
|-resisted|p2a: Claydol
|-damage|p2a: Claydol|55/100
|
|-weather|Sandstorm|[upkeep]
|-damage|p1a: Breloom|94/100|[from] Sandstorm
|-heal|p1a: Breloom|100/100|[from] item: Leftovers
|-heal|p2a: Claydol|61/100|[from] item: Leftovers
|upkeep
|turn|5
|inactive|Christos has 240 seconds left.
|
|t:|1731176643
|switch|p1a: Claydol|Claydol|100/100
|move|p2a: Claydol|Psychic|p1a: Claydol
|-resisted|p1a: Claydol
|-damage|p1a: Claydol|91/100
|
|-weather|Sandstorm|[upkeep]
|-heal|p2a: Claydol|67/100|[from] item: Leftovers
|-heal|p1a: Claydol|97/100|[from] item: Leftovers
|upkeep
|turn|6
|inactive|Christos has 240 seconds left.
|
|t:|1731176657
|switch|p2a: Skarmory|Skarmory, M|77/100
|move|p1a: Claydol|Rapid Spin|p2a: Skarmory
|-resisted|p2a: Skarmory
|-damage|p2a: Skarmory|75/100
|-sideend|p1: Zpanther|Spikes|[from] move: Rapid Spin|[of] p1a: Claydol
|
|-weather|Sandstorm|[upkeep]
|-heal|p1a: Claydol|100/100|[from] item: Leftovers
|upkeep
|turn|7
|
|t:|1731176661
|switch|p1a: Houndoom|Houndoom, M|100/100
|move|p2a: Skarmory|Thief|p1a: Houndoom
|-resisted|p1a: Houndoom
|-damage|p1a: Houndoom|98/100
|-enditem|p1a: Houndoom|Leftovers|[silent]|[from] move: Thief|[of] p2a: Skarmory
|-item|p2a: Skarmory|Leftovers|[from] move: Thief|[of] p1a: Houndoom
|
|-weather|Sandstorm|[upkeep]
|-damage|p1a: Houndoom|92/100|[from] Sandstorm
|-heal|p2a: Skarmory|81/100|[from] item: Leftovers
|upkeep
|turn|8
|
|t:|1731176672
|move|p2a: Skarmory|Protect|p2a: Skarmory
|-singleturn|p2a: Skarmory|Protect
|move|p1a: Houndoom|Will-O-Wisp|p2a: Skarmory
|-activate|p2a: Skarmory|Protect
|
|-weather|Sandstorm|[upkeep]
|-damage|p1a: Houndoom|86/100|[from] Sandstorm
|-heal|p2a: Skarmory|87/100|[from] item: Leftovers
|upkeep
|turn|9
|
|t:|1731176678
|switch|p2a: Blissey|Blissey, F|100/100
|move|p1a: Houndoom|Will-O-Wisp|p2a: Blissey|[miss]
|-miss|p1a: Houndoom|p2a: Blissey
|
|-weather|Sandstorm|[upkeep]
|-damage|p1a: Houndoom|80/100|[from] Sandstorm
|-damage|p2a: Blissey|94/100|[from] Sandstorm
|-heal|p2a: Blissey|100/100|[from] item: Leftovers
|upkeep
|turn|10
|
|t:|1731176695
|move|p1a: Houndoom|Beat Up|p2a: Blissey
|-damage|p2a: Blissey|89/100
|-damage|p2a: Blissey|73/100
|-damage|p2a: Blissey|63/100
|-damage|p2a: Blissey|53/100
|-crit|p2a: Blissey
|-damage|p2a: Blissey|22/100
|-damage|p2a: Blissey|6/100
|-hitcount|p2a: Blissey|6
|move|p2a: Blissey|Thunderbolt|p1a: Houndoom
|-damage|p1a: Houndoom|49/100
|
|-weather|Sandstorm|[upkeep]
|-damage|p1a: Houndoom|42/100|[from] Sandstorm
|-damage|p2a: Blissey|0 fnt|[from] Sandstorm
|faint|p2a: Blissey
|upkeep
|inactive|Christos has 240 seconds left.
|
|t:|1731176744
|switch|p2a: Tyranitar|Tyranitar, F|100/100
|turn|11
|
|t:|1731176755
|switch|p1a: Breloom|Breloom, F|100/100
|move|p2a: Tyranitar|Rock Slide|p1a: Breloom
|-resisted|p1a: Breloom
|-damage|p1a: Breloom|65/100
|
|-weather|Sandstorm|[upkeep]
|-damage|p1a: Breloom|59/100|[from] Sandstorm
|-heal|p1a: Breloom|65/100|[from] item: Leftovers
|upkeep
|turn|12
|
|t:|1731176763
|-singleturn|p1a: Breloom|move: Focus Punch
|switch|p2a: Claydol|Claydol|67/100
|move|p1a: Breloom|Focus Punch|p2a: Claydol
|-resisted|p2a: Claydol
|-damage|p2a: Claydol|24/100
|
|-weather|Sandstorm|[upkeep]
|-damage|p1a: Breloom|59/100|[from] Sandstorm
|-heal|p1a: Breloom|65/100|[from] item: Leftovers
|-heal|p2a: Claydol|30/100|[from] item: Leftovers
|upkeep
|turn|13
|
|t:|1731176773
|switch|p1a: Claydol|Claydol|100/100
|move|p2a: Claydol|Earthquake|p1a: Claydol
|-immune|p1a: Claydol
|
|-weather|Sandstorm|[upkeep]
|-heal|p2a: Claydol|37/100|[from] item: Leftovers
|upkeep
|turn|14
|
|t:|1731176779
|switch|p2a: Skarmory|Skarmory, M|87/100
|move|p1a: Claydol|Ice Beam|p2a: Skarmory
|-damage|p2a: Skarmory|73/100
|
|-weather|Sandstorm|[upkeep]
|-heal|p2a: Skarmory|79/100|[from] item: Leftovers
|upkeep
|turn|15
|
|t:|1731176792
|switch|p1a: Houndoom|Houndoom, M|42/100
|move|p2a: Skarmory|Spikes|p1a: Houndoom
|-sidestart|p1: Zpanther|Spikes
|
|-weather|Sandstorm|[upkeep]
|-damage|p1a: Houndoom|36/100|[from] Sandstorm
|-heal|p2a: Skarmory|85/100|[from] item: Leftovers
|upkeep
|turn|16
|
|t:|1731176797
|move|p2a: Skarmory|Protect|p2a: Skarmory
|-singleturn|p2a: Skarmory|Protect
|move|p1a: Houndoom|Will-O-Wisp|p2a: Skarmory|[miss]
|-miss|p1a: Houndoom|p2a: Skarmory
|
|-weather|Sandstorm|[upkeep]
|-damage|p1a: Houndoom|30/100|[from] Sandstorm
|-heal|p2a: Skarmory|91/100|[from] item: Leftovers
|upkeep
|turn|17
|inactive|Christos has 240 seconds left.
|
|t:|1731176808
|switch|p2a: Metagross|Metagross|100/100 slp
|move|p1a: Houndoom|Will-O-Wisp|p2a: Metagross|[miss]
|-miss|p1a: Houndoom|p2a: Metagross
|
|-weather|Sandstorm|[upkeep]
|-damage|p1a: Houndoom|24/100|[from] Sandstorm
|upkeep
|turn|18
|inactive|Christos has 240 seconds left.
|inactive|Christos has 210 seconds left.
|
|t:|1731176847
|switch|p2a: Tyranitar|Tyranitar, F|100/100
|move|p1a: Houndoom|Fire Blast|p2a: Tyranitar
|-resisted|p2a: Tyranitar
|-damage|p2a: Tyranitar|72/100
|
|-weather|Sandstorm|[upkeep]
|-damage|p1a: Houndoom|18/100|[from] Sandstorm
|upkeep
|turn|19
|inactive|Christos has 210 seconds left.
|
|t:|1731176860
|move|p1a: Houndoom|Will-O-Wisp|p2a: Tyranitar
|-status|p2a: Tyranitar|brn
|-enditem|p2a: Tyranitar|Lum Berry|[eat]
|-curestatus|p2a: Tyranitar|brn|[msg]
|move|p2a: Tyranitar|Rock Slide|p1a: Houndoom|[miss]
|-miss|p2a: Tyranitar|p1a: Houndoom
|
|-weather|Sandstorm|[upkeep]
|-damage|p1a: Houndoom|11/100|[from] Sandstorm
|upkeep
|turn|20
|inactive|Christos has 210 seconds left.
|
|t:|1731176879
|switch|p2a: Metagross|Metagross|100/100 slp
|move|p1a: Houndoom|Will-O-Wisp||[still]
|-fail|p1a: Houndoom
|
|-weather|Sandstorm|[upkeep]
|-damage|p1a: Houndoom|5/100|[from] Sandstorm
|upkeep
|turn|21
|inactive|Christos has 210 seconds left.
|
|t:|1731176889
|switch|p2a: Tyranitar|Tyranitar, F|72/100
|move|p1a: Houndoom|Fire Blast|p2a: Tyranitar|[miss]
|-miss|p1a: Houndoom|p2a: Tyranitar
|
|-weather|Sandstorm|[upkeep]
|-damage|p1a: Houndoom|0 fnt|[from] Sandstorm
|faint|p1a: Houndoom
|upkeep
|
|t:|1731176893
|switch|p1a: Breloom|Breloom, F|65/100
|-damage|p1a: Breloom|53/100|[from] Spikes
|turn|22
|
|t:|1731176900
|switch|p2a: Salamence|Salamence, M|100/100
|-ability|p2a: Salamence|Intimidate|boost
|-unboost|p1a: Breloom|atk|1
|move|p1a: Breloom|Sky Uppercut|p2a: Salamence
|-resisted|p2a: Salamence
|-damage|p2a: Salamence|83/100
|
|-weather|Sandstorm|[upkeep]
|-damage|p2a: Salamence|77/100|[from] Sandstorm
|-damage|p1a: Breloom|47/100|[from] Sandstorm
|-heal|p2a: Salamence|83/100|[from] item: Leftovers
|-heal|p1a: Breloom|53/100|[from] item: Leftovers
|upkeep
|turn|23
|inactive|Christos has 210 seconds left.
|
|t:|1731176916
|switch|p2a: Claydol|Claydol|37/100
|switch|p1a: Claydol|Claydol|100/100
|
|-weather|Sandstorm|[upkeep]
|-heal|p2a: Claydol|43/100|[from] item: Leftovers
|upkeep
|turn|24
|
|t:|1731176935
|switch|p1a: Breloom|Breloom, F|53/100
|-damage|p1a: Breloom|41/100|[from] Spikes
|move|p2a: Claydol|Explosion|p1a: Breloom
|-damage|p1a: Breloom|0 fnt
|faint|p2a: Claydol
|faint|p1a: Breloom
|inactive|Christos has 210 seconds left.
|
|t:|1731176956
|switch|p1a: Metagross|Metagross|100/100
|switch|p2a: Salamence|Salamence, M|83/100
|-ability|p2a: Salamence|Intimidate|boost
|-fail|p1a: Metagross|unboost|[from] ability: Clear Body|[of] p1a: Metagross
|-damage|p1a: Metagross|88/100|[from] Spikes
|
|-weather|Sandstorm|[upkeep]
|-damage|p2a: Salamence|77/100|[from] Sandstorm
|-heal|p2a: Salamence|83/100|[from] item: Leftovers
|-heal|p1a: Metagross|94/100|[from] item: Leftovers
|upkeep
|turn|25
|inactive|Christos has 210 seconds left.
|
|t:|1731176969
|switch|p2a: Skarmory|Skarmory, M|91/100
|switch|p1a: Claydol|Claydol|100/100
|
|-weather|Sandstorm|[upkeep]
|-heal|p2a: Skarmory|97/100|[from] item: Leftovers
|upkeep
|turn|26
|
|t:|1731176978
|move|p2a: Skarmory|Spikes|p1a: Claydol
|-sidestart|p1: Zpanther|Spikes
|move|p1a: Claydol|Rapid Spin|p2a: Skarmory
|-resisted|p2a: Skarmory
|-damage|p2a: Skarmory|95/100
|-sideend|p1: Zpanther|Spikes|[from] move: Rapid Spin|[of] p1a: Claydol
|
|-weather|Sandstorm|[upkeep]
|-heal|p2a: Skarmory|100/100|[from] item: Leftovers
|upkeep
|turn|27
|
|t:|1731176983
|switch|p1a: Raikou|Raikou|100/100
|move|p2a: Skarmory|Spikes|p1a: Raikou
|-sidestart|p1: Zpanther|Spikes
|
|-weather|Sandstorm|[upkeep]
|-damage|p1a: Raikou|94/100|[from] Sandstorm
|-heal|p1a: Raikou|100/100|[from] item: Leftovers
|upkeep
|turn|28
|
|t:|1731176989
|move|p1a: Raikou|Thunderbolt|p2a: Skarmory
|-supereffective|p2a: Skarmory
|-damage|p2a: Skarmory|26/100
|move|p2a: Skarmory|Roar|p1a: Raikou
|drag|p1a: Claydol|Claydol|100/100
|
|-weather|Sandstorm|[upkeep]
|-heal|p2a: Skarmory|32/100|[from] item: Leftovers
|upkeep
|turn|29
|
|t:|1731177001
|move|p2a: Skarmory|Protect|p2a: Skarmory
|-singleturn|p2a: Skarmory|Protect
|move|p1a: Claydol|Rapid Spin|p2a: Skarmory
|-activate|p2a: Skarmory|Protect
|
|-weather|Sandstorm|[upkeep]
|-heal|p2a: Skarmory|38/100|[from] item: Leftovers
|upkeep
|turn|30
|
|t:|1731177006
|switch|p2a: Metagross|Metagross|100/100 slp
|move|p1a: Claydol|Rapid Spin|p2a: Metagross
|-resisted|p2a: Metagross
|-damage|p2a: Metagross|99/100 slp
|-sideend|p1: Zpanther|Spikes|[from] move: Rapid Spin|[of] p1a: Claydol
|
|-weather|Sandstorm|[upkeep]
|-heal|p2a: Metagross|100/100 slp|[from] item: Leftovers
|upkeep
|turn|31
|inactive|Christos has 240 seconds left.
|
|t:|1731177013
|switch|p2a: Salamence|Salamence, M|83/100
|-ability|p2a: Salamence|Intimidate|boost
|-unboost|p1a: Claydol|atk|1
|move|p1a: Claydol|Earthquake|p2a: Salamence
|-immune|p2a: Salamence
|
|-weather|Sandstorm|[upkeep]
|-damage|p2a: Salamence|77/100|[from] Sandstorm
|-heal|p2a: Salamence|83/100|[from] item: Leftovers
|upkeep
|turn|32
|
|t:|1731177016
|switch|p2a: Metagross|Metagross|100/100 slp
|move|p1a: Claydol|Ice Beam|p2a: Metagross
|-resisted|p2a: Metagross
|-damage|p2a: Metagross|92/100 slp
|
|-weather|Sandstorm|[upkeep]
|-heal|p2a: Metagross|98/100 slp|[from] item: Leftovers
|upkeep
|turn|33
|
|t:|1731177033
|switch|p2a: Skarmory|Skarmory, M|38/100
|switch|p1a: Gyarados|Gyarados, M|100/100
|-ability|p1a: Gyarados|Intimidate|boost
|-unboost|p2a: Skarmory|atk|1
|
|-weather|Sandstorm|[upkeep]
|-damage|p1a: Gyarados|94/100|[from] Sandstorm
|-heal|p1a: Gyarados|100/100|[from] item: Leftovers
|-heal|p2a: Skarmory|44/100|[from] item: Leftovers
|upkeep
|turn|34
|
|t:|1731177038
|switch|p1a: Raikou|Raikou|100/100
|move|p2a: Skarmory|Roar|p1a: Raikou
|drag|p1a: Metagross|Metagross|94/100
|
|-weather|Sandstorm|[upkeep]
|-heal|p2a: Skarmory|50/100|[from] item: Leftovers
|-heal|p1a: Metagross|99/100|[from] item: Leftovers
|upkeep
|turn|35
|
|t:|1731177049
|move|p2a: Skarmory|Spikes|p1a: Metagross
|-sidestart|p1: Zpanther|Spikes
|move|p1a: Metagross|Meteor Mash|p2a: Skarmory|[miss]
|-miss|p1a: Metagross|p2a: Skarmory
|
|-weather|Sandstorm|[upkeep]
|-heal|p2a: Skarmory|56/100|[from] item: Leftovers
|-heal|p1a: Metagross|100/100|[from] item: Leftovers
|upkeep
|turn|36
|
|t:|1731177052
|move|p1a: Metagross|Meteor Mash|p2a: Skarmory
|-resisted|p2a: Skarmory
|-damage|p2a: Skarmory|33/100
|move|p2a: Skarmory|Roar|p1a: Metagross
|drag|p1a: Claydol|Claydol|100/100
|
|-weather|Sandstorm|[upkeep]
|-heal|p2a: Skarmory|39/100|[from] item: Leftovers
|upkeep
|turn|37
|
|t:|1731177061
|move|p2a: Skarmory|Protect|p2a: Skarmory
|-singleturn|p2a: Skarmory|Protect
|move|p1a: Claydol|Rapid Spin|p2a: Skarmory
|-activate|p2a: Skarmory|Protect
|
|-weather|Sandstorm|[upkeep]
|-heal|p2a: Skarmory|45/100|[from] item: Leftovers
|upkeep
|turn|38
|inactive|Christos has 270 seconds left.
|
|t:|1731177069
|switch|p2a: Salamence|Salamence, M|83/100
|-ability|p2a: Salamence|Intimidate|boost
|-unboost|p1a: Claydol|atk|1
|move|p1a: Claydol|Rapid Spin|p2a: Salamence
|-damage|p2a: Salamence|78/100
|-sideend|p1: Zpanther|Spikes|[from] move: Rapid Spin|[of] p1a: Claydol
|
|-weather|Sandstorm|[upkeep]
|-damage|p2a: Salamence|72/100|[from] Sandstorm
|-heal|p2a: Salamence|78/100|[from] item: Leftovers
|upkeep
|turn|39
|inactive|Christos has 270 seconds left.
|
|t:|1731177081
|switch|p2a: Metagross|Metagross|98/100 slp
|move|p1a: Claydol|Ice Beam|p2a: Metagross
|-resisted|p2a: Metagross
|-damage|p2a: Metagross|90/100 slp
|
|-weather|Sandstorm|[upkeep]
|-heal|p2a: Metagross|96/100 slp|[from] item: Leftovers
|upkeep
|turn|40
|
|t:|1731177089
|cant|p2a: Metagross|slp
|move|p1a: Claydol|Earthquake|p2a: Metagross
|-supereffective|p2a: Metagross
|-crit|p2a: Metagross
|-damage|p2a: Metagross|0 fnt
|faint|p2a: Metagross
|c|☆Zpanther|sorry
|
|t:|1731177097
|switch|p2a: Salamence|Salamence, M|78/100
|-ability|p2a: Salamence|Intimidate|boost
|-unboost|p1a: Claydol|atk|1
|
|-weather|Sandstorm|[upkeep]
|-damage|p2a: Salamence|72/100|[from] Sandstorm
|-heal|p2a: Salamence|78/100|[from] item: Leftovers
|upkeep
|turn|41
|inactive|Christos has 270 seconds left.
|
|t:|1731177116
|switch|p2a: Skarmory|Skarmory, M|45/100
|switch|p1a: Gyarados|Gyarados, M|100/100
|-ability|p1a: Gyarados|Intimidate|boost
|-unboost|p2a: Skarmory|atk|1
|
|-weather|Sandstorm|[upkeep]
|-damage|p1a: Gyarados|94/100|[from] Sandstorm
|-heal|p1a: Gyarados|100/100|[from] item: Leftovers
|-heal|p2a: Skarmory|51/100|[from] item: Leftovers
|upkeep
|turn|42
|inactive|Christos has 270 seconds left.
|
|t:|1731177128
|switch|p1a: Raikou|Raikou|100/100
|move|p2a: Skarmory|Roar|p1a: Raikou
|drag|p1a: Claydol|Claydol|100/100
|
|-weather|Sandstorm|[upkeep]
|-heal|p2a: Skarmory|57/100|[from] item: Leftovers
|upkeep
|turn|43
|
|t:|1731177138
|switch|p1a: Raikou|Raikou|100/100
|move|p2a: Skarmory|Protect||[still]
|-fail|p2a: Skarmory
|
|-weather|Sandstorm|[upkeep]
|-damage|p1a: Raikou|94/100|[from] Sandstorm
|-heal|p1a: Raikou|100/100|[from] item: Leftovers
|-heal|p2a: Skarmory|63/100|[from] item: Leftovers
|upkeep
|turn|44
|
|t:|1731177144
|move|p1a: Raikou|Thunderbolt|p2a: Skarmory
|-supereffective|p2a: Skarmory
|-damage|p2a: Skarmory|0 fnt
|faint|p2a: Skarmory
|
|t:|1731177150
|switch|p2a: Tyranitar|Tyranitar, F|72/100
|
|-weather|Sandstorm|[upkeep]
|-damage|p1a: Raikou|94/100|[from] Sandstorm
|-heal|p1a: Raikou|100/100|[from] item: Leftovers
|upkeep
|turn|45
|inactive|Christos has 270 seconds left.
|
|t:|1731177173
|switch|p1a: Gyarados|Gyarados, M|100/100
|-ability|p1a: Gyarados|Intimidate|boost
|-unboost|p2a: Tyranitar|atk|1
|move|p2a: Tyranitar|Dragon Dance|p2a: Tyranitar
|-boost|p2a: Tyranitar|atk|1
|-boost|p2a: Tyranitar|spe|1
|
|-weather|Sandstorm|[upkeep]
|-damage|p1a: Gyarados|94/100|[from] Sandstorm
|-heal|p1a: Gyarados|100/100|[from] item: Leftovers
|upkeep
|turn|46
|inactive|Christos has 270 seconds left.
|
|t:|1731177189
|move|p2a: Tyranitar|Dragon Dance|p2a: Tyranitar
|-boost|p2a: Tyranitar|atk|1
|-boost|p2a: Tyranitar|spe|1
|move|p1a: Gyarados|Dragon Dance|p1a: Gyarados
|-boost|p1a: Gyarados|atk|1
|-boost|p1a: Gyarados|spe|1
|
|-weather|Sandstorm|[upkeep]
|-damage|p1a: Gyarados|94/100|[from] Sandstorm
|-heal|p1a: Gyarados|100/100|[from] item: Leftovers
|upkeep
|turn|47
|inactive|Zpanther has 270 seconds left.
|
|t:|1731177224
|move|p2a: Tyranitar|Rock Slide|p1a: Gyarados
|-supereffective|p1a: Gyarados
|-damage|p1a: Gyarados|0 fnt
|faint|p1a: Gyarados
|
|t:|1731177227
|switch|p1a: Metagross|Metagross|100/100
|
|-weather|Sandstorm|[upkeep]
|upkeep
|turn|48
|inactive|Christos has 270 seconds left.
|inactive|Christos has 240 seconds left.
|
|t:|1731177279
|move|p2a: Tyranitar|Earthquake|p1a: Metagross
|-supereffective|p1a: Metagross
|-damage|p1a: Metagross|18/100
|move|p1a: Metagross|Explosion|p2a: Tyranitar
|-resisted|p2a: Tyranitar
|-damage|p2a: Tyranitar|0 fnt
|faint|p1a: Metagross
|faint|p2a: Tyranitar
|
|t:|1731177286
|switch|p2a: Salamence|Salamence, M|78/100
|switch|p1a: Claydol|Claydol|100/100
|-ability|p2a: Salamence|Intimidate|boost
|-unboost|p1a: Claydol|atk|1
|
|-weather|Sandstorm|[upkeep]
|-damage|p2a: Salamence|72/100|[from] Sandstorm
|-heal|p2a: Salamence|78/100|[from] item: Leftovers
|upkeep
|turn|49
|inactive|Christos has 240 seconds left.
|inactive|Christos has 210 seconds left.
|
|t:|1731177332
|move|p2a: Salamence|Dragon Dance|p2a: Salamence
|-boost|p2a: Salamence|atk|1
|-boost|p2a: Salamence|spe|1
|move|p1a: Claydol|Ice Beam|p2a: Salamence
|-supereffective|p2a: Salamence
|-damage|p2a: Salamence|0 fnt
|faint|p2a: Salamence
|
|win|Zpanther
|c|☆Zpanther|ggs sorry 4 the hax
|c|☆Christos|ggs

</script>
<script type="application/json" class="data" id="replaydata-smogtours-gen3ou-805501">
{"id":"smogtours-gen3ou-805501","format":"[Gen 3] OU","players":["Zpanther","Christos"],"uploadtime":1731177332,"views":30,"formatid":"gen3ou","rating":null,"private":1,"password":null}
</script>

<script defer src="js/replays.js?9d40a366"></script>
