<!DOCTYPE html>
<meta charset="utf-8" />
<meta name="viewport" content="width=device-width" />

<title>[Gen 3] OU: SoapierMage5794 vs. luckii_girl - Replays - Pok&eacute;mon Showdown!</title>

<meta name="description" content="Watch a replay of a Pok&eacute;mon battle between SoapierMage5794 and luckii_girl! Format: [Gen 3] OU; Date: Oct 4, 2024" />
<!--

Hey, you! Looking in the source for the replay log?

You can find them in JSON format, just add `.json` at the end of a replay URL.

https://replay.pokemonshowdown.com/gen7randomdoublesbattle-865046831.json

Or, if you only need the log itself, add `.log` instead:

https://replay.pokemonshowdown.com/gen7randomdoublesbattle-865046831.log

-->

<link rel="stylesheet" href="//pokemonshowdown.com/style/global.css?0.767286132409787" />
<link rel="stylesheet" href="//play.pokemonshowdown.com/style/font-awesome.css?0.9266228007934947" />
<link rel="stylesheet" href="//play.pokemonshowdown.com/style/battle.css?0.7924700842790926" />
<link rel="stylesheet" href="//play.pokemonshowdown.com/style/utilichart.css?0.8777417872839479" />

<!-- Global site tag (gtag.js) - Google Analytics -->
<script async src="https://www.googletagmanager.com/gtag/js?id=UA-26211653-1"></script>
<script>
  window.dataLayer = window.dataLayer || [];
  function gtag(){dataLayer.push(arguments);}
  gtag('js', new Date());

  gtag('config', 'UA-26211653-1');
</script>
<!-- End Google Analytics -->
<!-- Venatus Ad Manager - Install in <HEAD> of page -->
	<script src="https://hb.vntsm.com/v3/live/ad-manager.min.js" type="text/javascript" data-site-id="642aba63ec9a7b11c3c9c1be" data-mode="scan" async></script>
<!-- / Venatus Ad Manager -->

<style>
	@media (max-width:820px) {
		.battle {
			margin: 0 auto;
		}
		.battle-log {
			margin: 7px auto 0;
			max-width: 640px;
			height: 300px;
			position: static;
		}
	}
	.optgroup {
		display: inline-block;
		line-height: 22px;
		font-size: 10pt;
	}
	.optgroup .button {
		height: 25px;
		padding-top: 0;
		padding-bottom: 0;
	}
	.optgroup button.button {
		padding-left: 12px;
		padding-right: 12px;
	}
	.linklist {
		list-style: none;
		margin: 0.5em 0;
		padding: 0;
	}
	.linklist li {
		padding: 2px 0;
	}
	.sidebar {
		float: left;
		width: 320px;
	}
	.bar-wrapper {
		max-width: 1100px;
		margin: 0 auto;
	}
	.bar-wrapper.has-sidebar {
		max-width: 1430px;
	}
	.mainbar {
		margin: 0;
		padding-right: 1px;
	}
	.mainbar.has-sidebar {
		margin-left: 330px;
	}
	@media (min-width: 1511px) {
		.sidebar {
			width: 400px;
		}
		.bar-wrapper.has-sidebar {
			max-width: 1510px;
		}
		.mainbar.has-sidebar {
			margin-left: 410px;
		}
	}
	.section.first-section {
		margin-top: 9px;
	}
	.blocklink small {
		white-space: normal;
	}
	.button {
		vertical-align: middle;
	}
	.replay-controls {
		padding-top: 10px;
	}
	.replay-controls h1 {
		font-size: 16pt;
		font-weight: normal;
		color: #CCC;
	}
	.pagelink {
		text-align: center;
	}
	.pagelink a {
		width: 150px;
	}
	.textbox, .button {
		font-size: 11pt;
		vertical-align: middle;
	}
	@media (max-width: 450px) {
		.button {
			font-size: 9pt;
		}
	}
</style>

<div>

	<header>
		<div class="nav-wrapper"><ul class="nav">
			<li><a class="button nav-first" href="//pokemonshowdown.com/"><img src="//pokemonshowdown.com/images/pokemonshowdownbeta.png" srcset="//pokemonshowdown.com/images/pokemonshowdownbeta.png 1x, //pokemonshowdown.com/images/pokemonshowdownbeta@2x.png 2x" alt="Pok&eacute;mon Showdown" width="146" height="44" /> Home</a></li>
			<li><a class="button" href="//pokemonshowdown.com/dex/">Pok&eacute;dex</a></li>
			<li><a class="button cur" href="/">Replays</a></li>
			<li><a class="button" href="//pokemonshowdown.com/ladder/">Ladder</a></li>
			<li><a class="button nav-last" href="//pokemonshowdown.com/forums/">Forum</a></li>
			<li><a class="button greenbutton nav-first nav-last" href="//play.pokemonshowdown.com/">Play</a></li>
		</ul></div>
	</header>

	<div class="main" id="main">

		<noscript><section class="section">You need to enable JavaScript to use this page; sorry!</section></noscript>

	</div>

</div>

<script defer nomodule src="//play.pokemonshowdown.com/js/lib/ps-polyfill.js"></script>
<script defer src="//play.pokemonshowdown.com/js/lib/preact.min.js"></script>

<script defer src="//play.pokemonshowdown.com/config/config.js?6dec07f6"></script>
<script defer src="//play.pokemonshowdown.com/js/lib/jquery-1.11.0.min.js"></script>
<script defer src="//play.pokemonshowdown.com/js/lib/html-sanitizer-minified.js"></script>
<script defer src="//play.pokemonshowdown.com/js/battle-sound.js"></script>
<script defer src="//play.pokemonshowdown.com/js/battledata.js?0.6315294753075389"></script>
<script defer src="//play.pokemonshowdown.com/data/pokedex-mini.js?0.7603743185311358"></script>
<script defer src="//play.pokemonshowdown.com/data/pokedex-mini-bw.js?0.030888842834281283"></script>
<script defer src="//play.pokemonshowdown.com/data/graphics.js?0.05593094747507488"></script>
<script defer src="//play.pokemonshowdown.com/data/pokedex.js?0.47064822249611904"></script>
<script defer src="//play.pokemonshowdown.com/data/moves.js?0.8583693120512459"></script>
<script defer src="//play.pokemonshowdown.com/data/abilities.js?0.16017181182386842"></script>
<script defer src="//play.pokemonshowdown.com/data/items.js?0.4163379185673943"></script>
<script defer src="//play.pokemonshowdown.com/data/teambuilder-tables.js?0.31075597372830477"></script>
<script defer src="//play.pokemonshowdown.com/js/battle-tooltips.js?0.6536193500708172"></script>
<script defer src="//play.pokemonshowdown.com/js/battle.js?0.1916591943277901"></script>

<script defer src="js/utils.js?e31f9a17"></script>
<script defer src="js/replays-battle.js?7008c182"></script>

<!-- don't scrape this data! just add .json or .log after the URL!
Full API docs: https://github.com/smogon/pokemon-showdown-client/blob/master/WEB-API.md -->
<script type="text/plain" class="log" id="replaylog-gen3ou-2215915412">
|j|☆SoapierMage5794
|j|☆luckii_girl
|t:|1728061823
|gametype|singles
|player|p1|SoapierMage5794|2|
|player|p2|luckii_girl|101|
|teamsize|p1|6
|teamsize|p2|6
|gen|3
|tier|[Gen 3] OU
|rule|Sleep Clause Mod: Limit one foe put to sleep
|rule|Switch Priority Clause Mod: Faster Pokémon switch first
|rule|Species Clause: Limit one of each Pokémon
|rule|OHKO Clause: OHKO moves are banned
|rule|Evasion Items Clause: Evasion items are banned
|rule|Evasion Moves Clause: Evasion moves are banned
|rule|Endless Battle Clause: Forcing endless battles is banned
|rule|HP Percentage Mod: HP is shown in percentages
|rule|One Boost Passer Clause: Limit one Baton Passer that has a way to boost its stats
|rule|Freeze Clause Mod: Limit one foe frozen
|
|t:|1728061823
|start
|switch|p1a: Skarmory|Skarmory, F|100/100
|switch|p2a: Celebi|Celebi|100/100
|turn|1
|inactive|Battle timer is ON: inactive players will automatically lose when time's up. (requested by SoapierMage5794)
|c|☆SoapierMage5794|So is it bo3 and we upload replay after?
|c|☆luckii_girl|yea im pretty sure
|inactive|luckii_girl has 270 seconds left.
|c|☆SoapierMage5794|Cool
|c|☆SoapierMage5794|Glhf
|c|☆luckii_girl|u2!!
|
|t:|1728061876
|move|p2a: Celebi|Baton Pass|p2a: Celebi
|
|t:|1728061877
|switch|p2a: Starmie|Starmie|100/100|[from] Baton Pass
|move|p1a: Skarmory|Spikes|p2a: Starmie
|-sidestart|p2: luckii_girl|Spikes
|
|upkeep
|turn|2
|
|t:|1728061882
|move|p2a: Starmie|Hydro Pump|p1a: Skarmory
|-damage|p1a: Skarmory|49/100
|move|p1a: Skarmory|Spikes|p2a: Starmie
|-sidestart|p2: luckii_girl|Spikes
|
|-heal|p1a: Skarmory|55/100|[from] item: Leftovers
|upkeep
|turn|3
|
|t:|1728061887
|move|p1a: Skarmory|Protect|p1a: Skarmory
|-singleturn|p1a: Skarmory|Protect
|move|p2a: Starmie|Thunderbolt|p1a: Skarmory
|-activate|p1a: Skarmory|Protect
|
|-heal|p1a: Skarmory|61/100|[from] item: Leftovers
|upkeep
|turn|4
|inactive|SoapierMage5794 has 270 seconds left.
|
|t:|1728061919
|switch|p1a: Blissey|Blissey, F|100/100
|move|p2a: Starmie|Thunderbolt|p1a: Blissey
|-damage|p1a: Blissey|89/100
|
|-heal|p1a: Blissey|95/100|[from] item: Leftovers
|upkeep
|turn|5
|
|t:|1728061928
|switch|p2a: Celebi|Celebi|100/100
|-damage|p2a: Celebi|84/100|[from] Spikes
|move|p1a: Blissey|Ice Beam|p2a: Celebi
|-supereffective|p2a: Celebi
|-crit|p2a: Celebi
|-damage|p2a: Celebi|29/100
|
|-heal|p2a: Celebi|35/100|[from] item: Leftovers
|-heal|p1a: Blissey|100/100|[from] item: Leftovers
|upkeep
|turn|6
|
|t:|1728061940
|move|p2a: Celebi|Leech Seed|p1a: Blissey
|-start|p1a: Blissey|move: Leech Seed
|move|p1a: Blissey|Ice Beam|p2a: Celebi
|-supereffective|p2a: Celebi
|-damage|p2a: Celebi|7/100
|-status|p2a: Celebi|frz
|
|-heal|p2a: Celebi|13/100 frz|[from] item: Leftovers
|-damage|p1a: Blissey|88/100|[from] Leech Seed|[of] p2a: Celebi
|-heal|p2a: Celebi|34/100 frz|[silent]
|upkeep
|turn|7
|
|t:|1728061953
|switch|p1a: Skarmory|Skarmory, F|61/100
|cant|p2a: Celebi|frz
|
|-heal|p2a: Celebi|40/100 frz|[from] item: Leftovers
|-heal|p1a: Skarmory|67/100|[from] item: Leftovers
|upkeep
|turn|8
|j| Ren-of-Hearts
|inactive|luckii_girl has 270 seconds left.
|
|t:|1728061991
|-curestatus|p2a: Celebi|frz|[from] ability: Natural Cure
|switch|p2a: Skarmory|Skarmory, M|100/100
|move|p1a: Skarmory|Spikes|p2a: Skarmory
|-sidestart|p2: luckii_girl|Spikes
|
|-heal|p1a: Skarmory|73/100|[from] item: Leftovers
|upkeep
|turn|9
|inactive|luckii_girl has 270 seconds left.
|
|t:|1728061997
|move|p2a: Skarmory|Spikes|p1a: Skarmory
|-sidestart|p1: SoapierMage5794|Spikes
|move|p1a: Skarmory|Whirlwind|p2a: Skarmory
|drag|p2a: Aerodactyl|Aerodactyl, F|100/100
|
|-heal|p1a: Skarmory|79/100|[from] item: Leftovers
|upkeep
|turn|10
|inactive|luckii_girl has 270 seconds left.
|
|t:|1728062017
|switch|p2a: Skarmory|Skarmory, M|100/100
|move|p1a: Skarmory|Toxic|p2a: Skarmory
|-immune|p2a: Skarmory
|
|-heal|p1a: Skarmory|85/100|[from] item: Leftovers
|upkeep
|turn|11
|
|t:|1728062021
|switch|p1a: Starmie|Starmie|100/100
|-damage|p1a: Starmie|88/100|[from] Spikes
|move|p2a: Skarmory|Spikes|p1a: Starmie
|-sidestart|p1: SoapierMage5794|Spikes
|
|-heal|p1a: Starmie|94/100|[from] item: Leftovers
|upkeep
|turn|12
|
|t:|1728062034
|switch|p2a: Blissey|Blissey, F|100/100
|-damage|p2a: Blissey|75/100|[from] Spikes
|move|p1a: Starmie|Thunderbolt|p2a: Blissey
|-damage|p2a: Blissey|66/100
|
|-heal|p1a: Starmie|100/100|[from] item: Leftovers
|-heal|p2a: Blissey|72/100|[from] item: Leftovers
|upkeep
|turn|13
|
|t:|1728062042
|move|p1a: Starmie|Rapid Spin|p2a: Blissey
|-damage|p2a: Blissey|69/100
|-sideend|p1: SoapierMage5794|Spikes|[from] move: Rapid Spin|[of] p1a: Starmie
|move|p2a: Blissey|Thunder Wave|p1a: Starmie
|-status|p1a: Starmie|par
|
|-heal|p2a: Blissey|75/100|[from] item: Leftovers
|upkeep
|turn|14
|
|t:|1728062059
|-curestatus|p1a: Starmie|par|[from] ability: Natural Cure
|switch|p1a: Swampert|Swampert, F|100/100
|move|p2a: Blissey|Thunder Wave|p1a: Swampert
|-immune|p1a: Swampert
|
|-heal|p2a: Blissey|82/100|[from] item: Leftovers
|upkeep
|turn|15
|
|t:|1728062080
|move|p1a: Swampert|Ice Beam|p2a: Blissey
|-damage|p2a: Blissey|74/100
|move|p2a: Blissey|Counter|p1a: Swampert
|
|-heal|p2a: Blissey|80/100|[from] item: Leftovers
|upkeep
|turn|16
|
|t:|1728062087
|move|p1a: Swampert|Ice Beam|p2a: Blissey
|-damage|p2a: Blissey|72/100
|move|p2a: Blissey|Light Screen|p2a: Blissey
|-sidestart|p2: luckii_girl|Light Screen
|
|-heal|p2a: Blissey|78/100|[from] item: Leftovers
|upkeep
|turn|17
|
|t:|1728062102
|move|p1a: Swampert|Earthquake|p2a: Blissey
|-damage|p2a: Blissey|43/100
|move|p2a: Blissey|Soft-Boiled|p2a: Blissey
|-heal|p2a: Blissey|93/100
|
|-heal|p2a: Blissey|99/100|[from] item: Leftovers
|upkeep
|turn|18
|
|t:|1728062108
|move|p1a: Swampert|Ice Beam|p2a: Blissey
|-damage|p2a: Blissey|96/100
|move|p2a: Blissey|Counter|p1a: Swampert
|
|-heal|p2a: Blissey|100/100|[from] item: Leftovers
|upkeep
|turn|19
|
|t:|1728062138
|switch|p2a: Starmie|Starmie|100/100
|-damage|p2a: Starmie|76/100|[from] Spikes
|move|p1a: Swampert|Ice Beam|p2a: Starmie
|-resisted|p2a: Starmie
|-damage|p2a: Starmie|69/100
|
|upkeep
|turn|20
|
|t:|1728062150
|move|p1a: Swampert|Protect|p1a: Swampert
|-singleturn|p1a: Swampert|Protect
|move|p2a: Starmie|Hydro Pump|p1a: Swampert
|-activate|p1a: Swampert|Protect
|
|-sideend|p2: luckii_girl|Light Screen
|upkeep
|turn|21
|
|t:|1728062160
|move|p2a: Starmie|Hydro Pump|p1a: Swampert
|-damage|p1a: Swampert|51/100
|move|p1a: Swampert|Earthquake|p2a: Starmie
|-damage|p2a: Starmie|9/100
|
|-heal|p1a: Swampert|57/100|[from] item: Leftovers
|upkeep
|turn|22
|
|t:|1728062179
|move|p1a: Swampert|Protect|p1a: Swampert
|-singleturn|p1a: Swampert|Protect
|move|p2a: Starmie|Psychic|p1a: Swampert
|-activate|p1a: Swampert|Protect
|
|-heal|p1a: Swampert|63/100|[from] item: Leftovers
|upkeep
|turn|23
|
|t:|1728062195
|switch|p1a: Blissey|Blissey, F|88/100
|move|p2a: Starmie|Psychic|p1a: Blissey
|-damage|p1a: Blissey|72/100
|
|-heal|p1a: Blissey|78/100|[from] item: Leftovers
|upkeep
|turn|24
|
|t:|1728062208
|move|p2a: Starmie|Ice Beam|p1a: Blissey
|-damage|p1a: Blissey|67/100
|move|p1a: Blissey|Ice Beam|p2a: Starmie
|-resisted|p2a: Starmie
|-damage|p2a: Starmie|0 fnt
|faint|p2a: Starmie
|
|t:|1728062213
|switch|p2a: Aerodactyl|Aerodactyl, F|100/100
|
|-heal|p1a: Blissey|74/100|[from] item: Leftovers
|upkeep
|turn|25
|
|t:|1728062220
|switch|p1a: Skarmory|Skarmory, F|85/100
|move|p2a: Aerodactyl|Substitute|p2a: Aerodactyl
|-start|p2a: Aerodactyl|Substitute
|-damage|p2a: Aerodactyl|76/100
|
|-heal|p1a: Skarmory|91/100|[from] item: Leftovers
|upkeep
|turn|26
|
|t:|1728062223
|move|p2a: Aerodactyl|Rock Slide|p1a: Skarmory
|-damage|p1a: Skarmory|65/100
|move|p1a: Skarmory|Whirlwind|p2a: Aerodactyl
|drag|p2a: Blissey|Blissey, F|100/100
|-damage|p2a: Blissey|75/100|[from] Spikes
|
|-heal|p1a: Skarmory|71/100|[from] item: Leftovers
|-heal|p2a: Blissey|82/100|[from] item: Leftovers
|upkeep
|turn|27
|
|t:|1728062244
|switch|p1a: Swampert|Swampert, F|63/100
|move|p2a: Blissey|Thunder Wave|p1a: Swampert
|-immune|p1a: Swampert
|
|-heal|p1a: Swampert|69/100|[from] item: Leftovers
|-heal|p2a: Blissey|88/100|[from] item: Leftovers
|upkeep
|turn|28
|
|t:|1728062257
|move|p1a: Swampert|Ice Beam|p2a: Blissey
|-damage|p2a: Blissey|80/100
|move|p2a: Blissey|Light Screen|p2a: Blissey
|-sidestart|p2: luckii_girl|Light Screen
|
|-heal|p1a: Swampert|76/100|[from] item: Leftovers
|-heal|p2a: Blissey|86/100|[from] item: Leftovers
|upkeep
|turn|29
|
|t:|1728062277
|switch|p2a: Skarmory|Skarmory, M|100/100
|move|p1a: Swampert|Ice Beam|p2a: Skarmory
|-damage|p2a: Skarmory|87/100
|
|-heal|p1a: Swampert|82/100|[from] item: Leftovers
|upkeep
|turn|30
|
|t:|1728062286
|switch|p1a: Starmie|Starmie|100/100
|move|p2a: Skarmory|Roar|p1a: Starmie
|drag|p1a: Skarmory|Skarmory, F|71/100
|
|-heal|p1a: Skarmory|77/100|[from] item: Leftovers
|upkeep
|turn|31
|
|t:|1728062292
|move|p2a: Skarmory|Spikes|p1a: Skarmory
|-sidestart|p1: SoapierMage5794|Spikes
|move|p1a: Skarmory|Whirlwind|p2a: Skarmory
|drag|p2a: Blissey|Blissey, F|86/100
|-damage|p2a: Blissey|61/100|[from] Spikes
|
|-heal|p1a: Skarmory|83/100|[from] item: Leftovers
|-heal|p2a: Blissey|67/100|[from] item: Leftovers
|upkeep
|turn|32
|
|t:|1728062308
|switch|p2a: Celebi|Celebi|40/100
|-damage|p2a: Celebi|15/100|[from] Spikes
|move|p1a: Skarmory|Protect||[still]
|-fail|p1a: Skarmory
|
|-sideend|p2: luckii_girl|Light Screen
|-heal|p2a: Celebi|21/100|[from] item: Leftovers
|-heal|p1a: Skarmory|89/100|[from] item: Leftovers
|upkeep
|turn|33
|inactive|luckii_girl has 270 seconds left.
|
|t:|1728062333
|move|p2a: Celebi|Swords Dance|p2a: Celebi
|-boost|p2a: Celebi|atk|2
|move|p1a: Skarmory|Whirlwind|p2a: Celebi
|drag|p2a: Blissey|Blissey, F|67/100
|-damage|p2a: Blissey|42/100|[from] Spikes
|
|-heal|p1a: Skarmory|95/100|[from] item: Leftovers
|-heal|p2a: Blissey|49/100|[from] item: Leftovers
|upkeep
|turn|34
|inactive|luckii_girl has 270 seconds left.
|
|t:|1728062344
|move|p2a: Blissey|Soft-Boiled|p2a: Blissey
|-heal|p2a: Blissey|99/100
|move|p1a: Skarmory|Whirlwind|p2a: Blissey
|drag|p2a: Aerodactyl|Aerodactyl, F|76/100
|
|-heal|p1a: Skarmory|100/100|[from] item: Leftovers
|upkeep
|turn|35
|inactive|luckii_girl has 270 seconds left.
|
|t:|1728062352
|move|p2a: Aerodactyl|Rock Slide|p1a: Skarmory
|-damage|p1a: Skarmory|76/100
|move|p1a: Skarmory|Whirlwind|p2a: Aerodactyl
|drag|p2a: Celebi|Celebi|21/100
|-damage|p2a: Celebi|0 fnt|[from] Spikes
|faint|p2a: Celebi
|inactive|luckii_girl has 270 seconds left.
|
|t:|1728062364
|switch|p2a: Swampert|Swampert, F|100/100
|-damage|p2a: Swampert|75/100|[from] Spikes
|
|-heal|p1a: Skarmory|82/100|[from] item: Leftovers
|-heal|p2a: Swampert|82/100|[from] item: Leftovers
|upkeep
|turn|36
|
|t:|1728062368
|move|p2a: Swampert|Surf|p1a: Skarmory
|-damage|p1a: Skarmory|54/100
|move|p1a: Skarmory|Whirlwind|p2a: Swampert
|drag|p2a: Aerodactyl|Aerodactyl, F|76/100
|
|-heal|p1a: Skarmory|60/100|[from] item: Leftovers
|upkeep
|turn|37
|
|t:|1728062372
|move|p2a: Aerodactyl|Rock Slide|p1a: Skarmory
|-damage|p1a: Skarmory|34/100
|cant|p1a: Skarmory|flinch
|
|-heal|p1a: Skarmory|40/100|[from] item: Leftovers
|upkeep
|turn|38
|
|t:|1728062379
|move|p2a: Aerodactyl|Rock Slide|p1a: Skarmory
|-damage|p1a: Skarmory|15/100
|move|p1a: Skarmory|Whirlwind|p2a: Aerodactyl
|drag|p2a: Skarmory|Skarmory, M|87/100
|
|-heal|p1a: Skarmory|21/100|[from] item: Leftovers
|upkeep
|turn|39
|
|t:|1728062387
|switch|p1a: Starmie|Starmie|100/100
|-damage|p1a: Starmie|88/100|[from] Spikes
|move|p2a: Skarmory|Spikes|p1a: Starmie
|-sidestart|p1: SoapierMage5794|Spikes
|
|-heal|p1a: Starmie|94/100|[from] item: Leftovers
|upkeep
|turn|40
|
|t:|1728062404
|move|p1a: Starmie|Rapid Spin|p2a: Skarmory
|-resisted|p2a: Skarmory
|-damage|p2a: Skarmory|86/100
|-sideend|p1: SoapierMage5794|Spikes|[from] move: Rapid Spin|[of] p1a: Starmie
|move|p2a: Skarmory|Spikes|p1a: Starmie
|-sidestart|p1: SoapierMage5794|Spikes
|
|-heal|p1a: Starmie|100/100|[from] item: Leftovers
|upkeep
|turn|41
|
|t:|1728062409
|switch|p2a: Swampert|Swampert, F|82/100
|-damage|p2a: Swampert|57/100|[from] Spikes
|move|p1a: Starmie|Thunderbolt|p2a: Swampert
|-immune|p2a: Swampert
|
|-heal|p2a: Swampert|63/100|[from] item: Leftovers
|upkeep
|turn|42
|
|t:|1728062422
|move|p1a: Starmie|Hydro Pump|p2a: Swampert
|-damage|p2a: Swampert|30/100
|move|p2a: Swampert|Earthquake|p1a: Starmie
|-damage|p1a: Starmie|46/100
|
|-heal|p1a: Starmie|52/100|[from] item: Leftovers
|-heal|p2a: Swampert|36/100|[from] item: Leftovers
|upkeep
|turn|43
|
|t:|1728062436
|switch|p1a: Blissey|Blissey, F|74/100
|-damage|p1a: Blissey|61/100|[from] Spikes
|move|p2a: Swampert|Earthquake|p1a: Blissey
|-damage|p1a: Blissey|26/100
|
|-heal|p1a: Blissey|32/100|[from] item: Leftovers
|-heal|p2a: Swampert|43/100|[from] item: Leftovers
|upkeep
|turn|44
|
|t:|1728062459
|switch|p1a: Skarmory|Skarmory, F|21/100
|move|p2a: Swampert|Earthquake|p1a: Skarmory
|-immune|p1a: Skarmory
|
|-heal|p1a: Skarmory|27/100|[from] item: Leftovers
|-heal|p2a: Swampert|49/100|[from] item: Leftovers
|upkeep
|turn|45
|
|t:|1728062465
|move|p1a: Skarmory|Protect|p1a: Skarmory
|-singleturn|p1a: Skarmory|Protect
|move|p2a: Swampert|Surf|p1a: Skarmory
|-activate|p1a: Skarmory|Protect
|
|-heal|p1a: Skarmory|33/100|[from] item: Leftovers
|-heal|p2a: Swampert|55/100|[from] item: Leftovers
|upkeep
|turn|46
|
|t:|1728062470
|move|p1a: Skarmory|Toxic|p2a: Swampert
|-status|p2a: Swampert|tox
|move|p2a: Swampert|Surf|p1a: Skarmory
|-damage|p1a: Skarmory|3/100
|
|-heal|p1a: Skarmory|9/100|[from] item: Leftovers
|-heal|p2a: Swampert|61/100 tox|[from] item: Leftovers
|-damage|p2a: Swampert|55/100 tox|[from] psn
|upkeep
|turn|47
|
|t:|1728062474
|move|p1a: Skarmory|Protect|p1a: Skarmory
|-singleturn|p1a: Skarmory|Protect
|move|p2a: Swampert|Refresh|p2a: Swampert
|-curestatus|p2a: Swampert|tox|[msg]
|
|-heal|p1a: Skarmory|15/100|[from] item: Leftovers
|-heal|p2a: Swampert|61/100|[from] item: Leftovers
|upkeep
|turn|48
|
|t:|1728062478
|move|p1a: Skarmory|Toxic|p2a: Swampert
|-status|p2a: Swampert|tox
|move|p2a: Swampert|Surf|p1a: Skarmory
|-damage|p1a: Skarmory|0 fnt
|faint|p1a: Skarmory
|
|t:|1728062488
|switch|p1a: Swampert|Swampert, F|82/100
|-damage|p1a: Swampert|69/100|[from] Spikes
|
|-heal|p1a: Swampert|76/100|[from] item: Leftovers
|-heal|p2a: Swampert|67/100 tox|[from] item: Leftovers
|-damage|p2a: Swampert|61/100 tox|[from] psn
|upkeep
|turn|49
|
|t:|1728062501
|move|p1a: Swampert|Hydro Pump|p2a: Swampert
|-damage|p2a: Swampert|34/100 tox
|move|p2a: Swampert|Earthquake|p1a: Swampert
|-damage|p1a: Swampert|48/100
|
|-heal|p1a: Swampert|54/100|[from] item: Leftovers
|-heal|p2a: Swampert|41/100 tox|[from] item: Leftovers
|-damage|p2a: Swampert|28/100 tox|[from] psn
|upkeep
|turn|50
|
|t:|1728062509
|move|p1a: Swampert|Earthquake|p2a: Swampert
|-damage|p2a: Swampert|0 fnt
|faint|p2a: Swampert
|inactive|luckii_girl has 270 seconds left.
|
|t:|1728062542
|switch|p2a: Skarmory|Skarmory, M|86/100
|
|-heal|p1a: Swampert|60/100|[from] item: Leftovers
|upkeep
|turn|51
|
|t:|1728062554
|move|p2a: Skarmory|Spikes|p1a: Swampert
|-sidestart|p1: SoapierMage5794|Spikes
|move|p1a: Swampert|Hydro Pump|p2a: Skarmory
|-damage|p2a: Skarmory|38/100
|
|-heal|p1a: Swampert|66/100|[from] item: Leftovers
|upkeep
|turn|52
|
|t:|1728062560
|move|p2a: Skarmory|Protect|p2a: Skarmory
|-singleturn|p2a: Skarmory|Protect
|move|p1a: Swampert|Hydro Pump|p2a: Skarmory
|-activate|p2a: Skarmory|Protect
|
|-heal|p1a: Swampert|73/100|[from] item: Leftovers
|upkeep
|turn|53
|
|t:|1728062578
|move|p2a: Skarmory|Rest|p2a: Skarmory
|-status|p2a: Skarmory|slp|[from] move: Rest
|-heal|p2a: Skarmory|100/100 slp|[silent]
|-enditem|p2a: Skarmory|Chesto Berry|[eat]
|-curestatus|p2a: Skarmory|slp|[msg]
|move|p1a: Swampert|Hydro Pump|p2a: Skarmory
|-damage|p2a: Skarmory|49/100
|
|-heal|p1a: Swampert|79/100|[from] item: Leftovers
|upkeep
|turn|54
|
|t:|1728062593
|move|p1a: Swampert|Hydro Pump|p2a: Skarmory|[miss]
|-miss|p1a: Swampert|p2a: Skarmory
|move|p2a: Skarmory|Roar|p1a: Swampert
|drag|p1a: Blissey|Blissey, F|32/100
|-damage|p1a: Blissey|15/100|[from] Spikes
|
|-heal|p1a: Blissey|21/100|[from] item: Leftovers
|upkeep
|turn|55
|
|t:|1728062605
|move|p1a: Blissey|Soft-Boiled|p1a: Blissey
|-heal|p1a: Blissey|71/100
|move|p2a: Skarmory|Spikes|p1a: Blissey
|-sidestart|p1: SoapierMage5794|Spikes
|
|-heal|p1a: Blissey|77/100|[from] item: Leftovers
|upkeep
|turn|56
|
|t:|1728062612
|move|p2a: Skarmory|Rest|p2a: Skarmory
|-status|p2a: Skarmory|slp|[from] move: Rest
|-heal|p2a: Skarmory|100/100 slp|[silent]
|move|p1a: Blissey|Fire Blast|p2a: Skarmory
|-supereffective|p2a: Skarmory
|-damage|p2a: Skarmory|21/100 slp
|
|-heal|p1a: Blissey|83/100|[from] item: Leftovers
|upkeep
|turn|57
|
|t:|1728062620
|cant|p2a: Skarmory|slp
|move|p1a: Blissey|Ice Beam|p2a: Skarmory
|-damage|p2a: Skarmory|0 fnt
|faint|p2a: Skarmory
|
|t:|1728062627
|switch|p2a: Blissey|Blissey, F|99/100
|-damage|p2a: Blissey|74/100|[from] Spikes
|
|-heal|p1a: Blissey|90/100|[from] item: Leftovers
|-heal|p2a: Blissey|80/100|[from] item: Leftovers
|upkeep
|turn|58
|
|t:|1728062639
|move|p1a: Blissey|Toxic|p2a: Blissey|[miss]
|-miss|p1a: Blissey|p2a: Blissey
|move|p2a: Blissey|Light Screen|p2a: Blissey
|-sidestart|p2: luckii_girl|Light Screen
|
|-heal|p1a: Blissey|96/100|[from] item: Leftovers
|-heal|p2a: Blissey|86/100|[from] item: Leftovers
|upkeep
|turn|59
|
|t:|1728062642
|move|p1a: Blissey|Toxic|p2a: Blissey
|-status|p2a: Blissey|tox
|move|p2a: Blissey|Thunder Wave|p1a: Blissey
|-status|p1a: Blissey|par
|
|-heal|p2a: Blissey|92/100 tox|[from] item: Leftovers
|-damage|p2a: Blissey|86/100 tox|[from] psn
|-heal|p1a: Blissey|100/100 par|[from] item: Leftovers
|upkeep
|turn|60
|
|t:|1728062650
|-curestatus|p1a: Blissey|par|[from] ability: Natural Cure
|switch|p1a: Starmie|Starmie|52/100
|-damage|p1a: Starmie|27/100|[from] Spikes
|move|p2a: Blissey|Soft-Boiled|p2a: Blissey
|-heal|p2a: Blissey|100/100 tox
|
|-heal|p1a: Starmie|33/100|[from] item: Leftovers
|-damage|p2a: Blissey|88/100 tox|[from] psn
|upkeep
|turn|61
|
|t:|1728062655
|move|p1a: Starmie|Rapid Spin|p2a: Blissey
|-damage|p2a: Blissey|86/100 tox
|-sideend|p1: SoapierMage5794|Spikes|[from] move: Rapid Spin|[of] p1a: Starmie
|move|p2a: Blissey|Thunder Wave|p1a: Starmie
|-status|p1a: Starmie|par
|
|-heal|p2a: Blissey|92/100 tox|[from] item: Leftovers
|-damage|p2a: Blissey|74/100 tox|[from] psn
|-heal|p1a: Starmie|39/100 par|[from] item: Leftovers
|upkeep
|turn|62
|
|t:|1728062671
|-curestatus|p2a: Blissey|tox|[from] ability: Natural Cure
|switch|p2a: Aerodactyl|Aerodactyl, F|76/100
|-curestatus|p1a: Starmie|par|[from] ability: Natural Cure
|switch|p1a: Swampert|Swampert, F|79/100
|
|-sideend|p2: luckii_girl|Light Screen
|-heal|p1a: Swampert|85/100|[from] item: Leftovers
|upkeep
|turn|63
|
|t:|1728062693
|move|p2a: Aerodactyl|Substitute|p2a: Aerodactyl
|-start|p2a: Aerodactyl|Substitute
|-damage|p2a: Aerodactyl|51/100
|move|p1a: Swampert|Ice Beam|p2a: Aerodactyl
|-supereffective|p2a: Aerodactyl
|-end|p2a: Aerodactyl|Substitute
|
|-heal|p1a: Swampert|91/100|[from] item: Leftovers
|upkeep
|turn|64
|
|t:|1728062697
|move|p2a: Aerodactyl|Double-Edge|p1a: Swampert
|-damage|p1a: Swampert|66/100
|move|p1a: Swampert|Ice Beam|p2a: Aerodactyl
|-supereffective|p2a: Aerodactyl
|-damage|p2a: Aerodactyl|0 fnt
|faint|p2a: Aerodactyl
|-message|luckii_girl forfeited.
|
|win|SoapierMage5794
|l|☆luckii_girl
|player|p2|
|c|☆SoapierMage5794|GG
|l| Ren-of-Hearts

</script>
<script type="application/json" class="data" id="replaydata-gen3ou-2215915412">
{"id":"gen3ou-2215915412","format":"[Gen 3] OU","players":["SoapierMage5794","luckii_girl"],"uploadtime":1728062728,"views":145,"formatid":"gen3ou","rating":null,"private":0,"password":null}
</script>

<script defer src="js/replays.js?9d40a366"></script>
