<!DOCTYPE html>
<meta charset="utf-8" />
<meta name="viewport" content="width=device-width" />

<title>[Gen 3] OU: ilikeeatingcrayons vs. zerkas - Replays - Pok&eacute;mon Showdown!</title>

<meta name="description" content="Watch a replay of a Pok&eacute;mon battle between ilikeeatingcrayons and zerkas! Format: [Gen 3] OU; Date: Oct 23, 2024" />
<!--

Hey, you! Looking in the source for the replay log?

You can find them in JSON format, just add `.json` at the end of a replay URL.

https://replay.pokemonshowdown.com/gen7randomdoublesbattle-865046831.json

Or, if you only need the log itself, add `.log` instead:

https://replay.pokemonshowdown.com/gen7randomdoublesbattle-865046831.log

-->

<link rel="stylesheet" href="//pokemonshowdown.com/style/global.css?0.023195364461161105" />
<link rel="stylesheet" href="//play.pokemonshowdown.com/style/font-awesome.css?0.13261647063804238" />
<link rel="stylesheet" href="//play.pokemonshowdown.com/style/battle.css?0.8753245789963631" />
<link rel="stylesheet" href="//play.pokemonshowdown.com/style/utilichart.css?0.8627959624976733" />

<!-- Global site tag (gtag.js) - Google Analytics -->
<script async src="https://www.googletagmanager.com/gtag/js?id=UA-26211653-1"></script>
<script>
  window.dataLayer = window.dataLayer || [];
  function gtag(){dataLayer.push(arguments);}
  gtag('js', new Date());

  gtag('config', 'UA-26211653-1');
</script>
<!-- End Google Analytics -->
<!-- Venatus Ad Manager - Install in <HEAD> of page -->
	<script src="https://hb.vntsm.com/v3/live/ad-manager.min.js" type="text/javascript" data-site-id="642aba63ec9a7b11c3c9c1be" data-mode="scan" async></script>
<!-- / Venatus Ad Manager -->

<style>
	@media (max-width:820px) {
		.battle {
			margin: 0 auto;
		}
		.battle-log {
			margin: 7px auto 0;
			max-width: 640px;
			height: 300px;
			position: static;
		}
	}
	.optgroup {
		display: inline-block;
		line-height: 22px;
		font-size: 10pt;
	}
	.optgroup .button {
		height: 25px;
		padding-top: 0;
		padding-bottom: 0;
	}
	.optgroup button.button {
		padding-left: 12px;
		padding-right: 12px;
	}
	.linklist {
		list-style: none;
		margin: 0.5em 0;
		padding: 0;
	}
	.linklist li {
		padding: 2px 0;
	}
	.sidebar {
		float: left;
		width: 320px;
	}
	.bar-wrapper {
		max-width: 1100px;
		margin: 0 auto;
	}
	.bar-wrapper.has-sidebar {
		max-width: 1430px;
	}
	.mainbar {
		margin: 0;
		padding-right: 1px;
	}
	.mainbar.has-sidebar {
		margin-left: 330px;
	}
	@media (min-width: 1511px) {
		.sidebar {
			width: 400px;
		}
		.bar-wrapper.has-sidebar {
			max-width: 1510px;
		}
		.mainbar.has-sidebar {
			margin-left: 410px;
		}
	}
	.section.first-section {
		margin-top: 9px;
	}
	.blocklink small {
		white-space: normal;
	}
	.button {
		vertical-align: middle;
	}
	.replay-controls {
		padding-top: 10px;
	}
	.replay-controls h1 {
		font-size: 16pt;
		font-weight: normal;
		color: #CCC;
	}
	.pagelink {
		text-align: center;
	}
	.pagelink a {
		width: 150px;
	}
	.textbox, .button {
		font-size: 11pt;
		vertical-align: middle;
	}
	@media (max-width: 450px) {
		.button {
			font-size: 9pt;
		}
	}
</style>

<div>

	<header>
		<div class="nav-wrapper"><ul class="nav">
			<li><a class="button nav-first" href="//pokemonshowdown.com/"><img src="//pokemonshowdown.com/images/pokemonshowdownbeta.png" srcset="//pokemonshowdown.com/images/pokemonshowdownbeta.png 1x, //pokemonshowdown.com/images/pokemonshowdownbeta@2x.png 2x" alt="Pok&eacute;mon Showdown" width="146" height="44" /> Home</a></li>
			<li><a class="button" href="//pokemonshowdown.com/dex/">Pok&eacute;dex</a></li>
			<li><a class="button cur" href="/">Replays</a></li>
			<li><a class="button" href="//pokemonshowdown.com/ladder/">Ladder</a></li>
			<li><a class="button nav-last" href="//pokemonshowdown.com/forums/">Forum</a></li>
			<li><a class="button greenbutton nav-first nav-last" href="//play.pokemonshowdown.com/">Play</a></li>
		</ul></div>
	</header>

	<div class="main" id="main">

		<noscript><section class="section">You need to enable JavaScript to use this page; sorry!</section></noscript>

	</div>

</div>

<script defer nomodule src="//play.pokemonshowdown.com/js/lib/ps-polyfill.js"></script>
<script defer src="//play.pokemonshowdown.com/js/lib/preact.min.js"></script>

<script defer src="//play.pokemonshowdown.com/config/config.js?2bddbc15"></script>
<script defer src="//play.pokemonshowdown.com/js/lib/jquery-1.11.0.min.js"></script>
<script defer src="//play.pokemonshowdown.com/js/lib/html-sanitizer-minified.js"></script>
<script defer src="//play.pokemonshowdown.com/js/battle-sound.js"></script>
<script defer src="//play.pokemonshowdown.com/js/battledata.js?0.7209276989879541"></script>
<script defer src="//play.pokemonshowdown.com/data/pokedex-mini.js?0.6111056340867951"></script>
<script defer src="//play.pokemonshowdown.com/data/pokedex-mini-bw.js?0.3532142036491459"></script>
<script defer src="//play.pokemonshowdown.com/data/graphics.js?0.24223875632456182"></script>
<script defer src="//play.pokemonshowdown.com/data/pokedex.js?0.38839984266356864"></script>
<script defer src="//play.pokemonshowdown.com/data/moves.js?0.21866028504024015"></script>
<script defer src="//play.pokemonshowdown.com/data/abilities.js?0.2005157953846628"></script>
<script defer src="//play.pokemonshowdown.com/data/items.js?0.9894211263848525"></script>
<script defer src="//play.pokemonshowdown.com/data/teambuilder-tables.js?0.6008791140282215"></script>
<script defer src="//play.pokemonshowdown.com/js/battle-tooltips.js?0.7580118955022959"></script>
<script defer src="//play.pokemonshowdown.com/js/battle.js?0.6057722274234274"></script>

<script defer src="js/utils.js?e31f9a17"></script>
<script defer src="js/replays-battle.js?7008c182"></script>

<!-- don't scrape this data! just add .json or .log after the URL!
Full API docs: https://github.com/smogon/pokemon-showdown-client/blob/master/WEB-API.md -->
<script type="text/plain" class="log" id="replaylog-smogtours-gen3ou-801329">
|inactive|Battle timer is ON: inactive players will automatically lose when time's up.
|badge|p1|bronze|gen9ubers|100-3
|uhtml|medal-msg|<div class="broadcast-blue">Curious what those medals under the avatar are? PS now has Ladder Seasons! For more information, check out the <a href="https://www.smogon.com/forums/threads/3740067/">thread on Smogon.<\/a><\/div>
|t:|1729646234
|gametype|singles
|player|p1|ilikeeatingcrayons|youngster-gen4dp|
|player|p2|zerkas|170|
|teamsize|p1|6
|teamsize|p2|6
|gen|3
|tier|[Gen 3] OU
|rule|Sleep Clause Mod: Limit one foe put to sleep
|rule|Switch Priority Clause Mod: Faster Pokémon switch first
|rule|Species Clause: Limit one of each Pokémon
|rule|OHKO Clause: OHKO moves are banned
|rule|Evasion Items Clause: Evasion items are banned
|rule|Evasion Moves Clause: Evasion moves are banned
|rule|Endless Battle Clause: Forcing endless battles is banned
|rule|HP Percentage Mod: HP is shown in percentages
|rule|One Boost Passer Clause: Limit one Baton Passer that has a way to boost its stats
|rule|Freeze Clause Mod: Limit one foe frozen
|
|t:|1729646234
|start
|switch|p1a: Africa|Salamence, M|100/100
|switch|p2a: Salamence|Salamence, M|100/100
|-ability|p2a: Salamence|Intimidate|boost
|-unboost|p1a: Africa|atk|1
|-ability|p1a: Africa|Intimidate|boost
|-unboost|p2a: Salamence|atk|1
|turn|1
|
|t:|1729646239
|move|p2a: Salamence|Dragon Claw|p1a: Africa
|-supereffective|p1a: Africa
|-damage|p1a: Africa|0 fnt
|faint|p1a: Africa
|
|t:|1729646243
|switch|p1a: Oceania|Aerodactyl, F|100/100
|
|upkeep
|turn|2
|
|t:|1729646250
|switch|p2a: Registeel|Registeel|100/100
|move|p1a: Oceania|Rock Slide|p2a: Registeel
|-resisted|p2a: Registeel
|-damage|p2a: Registeel|86/100
|
|-heal|p2a: Registeel|92/100|[from] item: Leftovers
|upkeep
|turn|3
|
|t:|1729646254
|switch|p1a: Americas|Forretress, M|100/100
|switch|p2a: Salamence|Salamence, M|100/100
|-ability|p2a: Salamence|Intimidate|boost
|-unboost|p1a: Americas|atk|1
|
|upkeep
|turn|4
|
|t:|1729646257
|move|p2a: Salamence|Fire Blast|p1a: Americas
|-supereffective|p1a: Americas
|-crit|p1a: Americas
|-damage|p1a: Americas|0 fnt
|faint|p1a: Americas
|
|t:|1729646261
|switch|p1a: Antartica|Blissey, F|100/100
|
|upkeep
|turn|5
|
|t:|1729646266
|switch|p2a: Snorlax|Snorlax, F|100/100
|move|p1a: Antartica|Thunder Wave|p2a: Snorlax
|-status|p2a: Snorlax|par
|
|upkeep
|turn|6
|
|t:|1729646270
|switch|p1a: Europe|Tyranitar, M|100/100
|-weather|Sandstorm|[from] ability: Sand Stream|[of] p1a: Europe
|move|p2a: Snorlax|Body Slam|p1a: Europe
|-resisted|p1a: Europe
|-damage|p1a: Europe|84/100
|
|-weather|Sandstorm|[upkeep]
|-damage|p2a: Snorlax|94/100 par|[from] Sandstorm
|-heal|p1a: Europe|90/100|[from] item: Leftovers
|-heal|p2a: Snorlax|100/100 par|[from] item: Leftovers
|upkeep
|turn|7
|
|t:|1729646276
|switch|p2a: Claydol|Claydol|100/100
|move|p1a: Europe|Counter|p2a: Claydol
|
|-weather|Sandstorm|[upkeep]
|-heal|p1a: Europe|96/100|[from] item: Leftovers
|upkeep
|turn|8
|
|t:|1729646280
|switch|p2a: Suicune|Suicune|100/100
|move|p1a: Europe|Counter|p2a: Suicune
|
|-weather|Sandstorm|[upkeep]
|-damage|p2a: Suicune|94/100|[from] Sandstorm
|-heal|p2a: Suicune|100/100|[from] item: Leftovers
|-heal|p1a: Europe|100/100|[from] item: Leftovers
|upkeep
|turn|9
|
|t:|1729646285
|switch|p1a: Antartica|Blissey, F|100/100
|move|p2a: Suicune|Surf|p1a: Antartica
|-damage|p1a: Antartica|84/100
|
|-weather|Sandstorm|[upkeep]
|-damage|p2a: Suicune|94/100|[from] Sandstorm
|-damage|p1a: Antartica|78/100|[from] Sandstorm
|-heal|p2a: Suicune|100/100|[from] item: Leftovers
|-heal|p1a: Antartica|84/100|[from] item: Leftovers
|upkeep
|turn|10
|
|t:|1729646289
|move|p2a: Suicune|Calm Mind|p2a: Suicune
|-boost|p2a: Suicune|spa|1
|-boost|p2a: Suicune|spd|1
|move|p1a: Antartica|Seismic Toss|p2a: Suicune
|-damage|p2a: Suicune|75/100
|
|-weather|Sandstorm|[upkeep]
|-damage|p2a: Suicune|69/100|[from] Sandstorm
|-damage|p1a: Antartica|78/100|[from] Sandstorm
|-heal|p2a: Suicune|75/100|[from] item: Leftovers
|-heal|p1a: Antartica|84/100|[from] item: Leftovers
|upkeep
|turn|11
|
|t:|1729646293
|move|p2a: Suicune|Surf|p1a: Antartica
|-damage|p1a: Antartica|60/100
|move|p1a: Antartica|Thunder Wave|p2a: Suicune
|-status|p2a: Suicune|par
|
|-weather|Sandstorm|[upkeep]
|-damage|p1a: Antartica|54/100|[from] Sandstorm
|-damage|p2a: Suicune|69/100 par|[from] Sandstorm
|-heal|p1a: Antartica|60/100|[from] item: Leftovers
|-heal|p2a: Suicune|75/100 par|[from] item: Leftovers
|upkeep
|turn|12
|
|t:|1729646297
|move|p1a: Antartica|Seismic Toss|p2a: Suicune
|-damage|p2a: Suicune|49/100 par
|move|p2a: Suicune|Rest|p2a: Suicune
|-status|p2a: Suicune|slp|[from] move: Rest
|-heal|p2a: Suicune|100/100 slp|[silent]
|
|-weather|Sandstorm|[upkeep]
|-damage|p2a: Suicune|94/100 slp|[from] Sandstorm
|-damage|p1a: Antartica|54/100|[from] Sandstorm
|-heal|p2a: Suicune|100/100 slp|[from] item: Leftovers
|-heal|p1a: Antartica|60/100|[from] item: Leftovers
|upkeep
|turn|13
|
|t:|1729646305
|switch|p1a: Oceania|Aerodactyl, F|100/100
|cant|p2a: Suicune|slp
|
|-weather|Sandstorm|[upkeep]
|-damage|p2a: Suicune|94/100 slp|[from] Sandstorm
|-heal|p2a: Suicune|100/100 slp|[from] item: Leftovers
|upkeep
|turn|14
|
|t:|1729646310
|move|p1a: Oceania|Rock Slide|p2a: Suicune
|-damage|p2a: Suicune|63/100 slp
|cant|p2a: Suicune|slp
|
|-weather|Sandstorm|[upkeep]
|-damage|p2a: Suicune|57/100 slp|[from] Sandstorm
|-heal|p2a: Suicune|63/100 slp|[from] item: Leftovers
|upkeep
|turn|15
|
|t:|1729646313
|move|p1a: Oceania|Rock Slide|p2a: Suicune
|-damage|p2a: Suicune|22/100 slp
|-curestatus|p2a: Suicune|slp|[msg]
|move|p2a: Suicune|Surf|p1a: Oceania
|-supereffective|p1a: Oceania
|-damage|p1a: Oceania|0 fnt
|faint|p1a: Oceania
|
|t:|1729646323
|switch|p1a: Antartica|Blissey, F|60/100
|
|-weather|Sandstorm|[upkeep]
|-damage|p2a: Suicune|16/100|[from] Sandstorm
|-damage|p1a: Antartica|54/100|[from] Sandstorm
|-heal|p2a: Suicune|22/100|[from] item: Leftovers
|-heal|p1a: Antartica|60/100|[from] item: Leftovers
|upkeep
|turn|16
|
|t:|1729646327
|move|p2a: Suicune|Rest|p2a: Suicune
|-status|p2a: Suicune|slp|[from] move: Rest
|-heal|p2a: Suicune|100/100 slp|[silent]
|move|p1a: Antartica|Seismic Toss|p2a: Suicune
|-damage|p2a: Suicune|75/100 slp
|
|-weather|Sandstorm|[upkeep]
|-damage|p2a: Suicune|69/100 slp|[from] Sandstorm
|-damage|p1a: Antartica|54/100|[from] Sandstorm
|-heal|p2a: Suicune|75/100 slp|[from] item: Leftovers
|-heal|p1a: Antartica|60/100|[from] item: Leftovers
|upkeep
|turn|17
|
|t:|1729646330
|cant|p2a: Suicune|slp
|move|p1a: Antartica|Seismic Toss|p2a: Suicune
|-damage|p2a: Suicune|49/100 slp
|
|-weather|Sandstorm|[upkeep]
|-damage|p2a: Suicune|43/100 slp|[from] Sandstorm
|-damage|p1a: Antartica|54/100|[from] Sandstorm
|-heal|p2a: Suicune|49/100 slp|[from] item: Leftovers
|-heal|p1a: Antartica|60/100|[from] item: Leftovers
|upkeep
|turn|18
|
|t:|1729646333
|cant|p2a: Suicune|slp
|move|p1a: Antartica|Seismic Toss|p2a: Suicune
|-damage|p2a: Suicune|23/100 slp
|
|-weather|Sandstorm|[upkeep]
|-damage|p2a: Suicune|17/100 slp|[from] Sandstorm
|-damage|p1a: Antartica|54/100|[from] Sandstorm
|-heal|p2a: Suicune|23/100 slp|[from] item: Leftovers
|-heal|p1a: Antartica|60/100|[from] item: Leftovers
|upkeep
|turn|19
|
|t:|1729646334
|-curestatus|p2a: Suicune|slp|[msg]
|move|p2a: Suicune|Rest|p2a: Suicune
|-status|p2a: Suicune|slp|[from] move: Rest
|-heal|p2a: Suicune|100/100 slp|[silent]
|move|p1a: Antartica|Seismic Toss|p2a: Suicune
|-damage|p2a: Suicune|75/100 slp
|
|-weather|Sandstorm|[upkeep]
|-damage|p2a: Suicune|69/100 slp|[from] Sandstorm
|-damage|p1a: Antartica|54/100|[from] Sandstorm
|-heal|p2a: Suicune|75/100 slp|[from] item: Leftovers
|-heal|p1a: Antartica|60/100|[from] item: Leftovers
|upkeep
|turn|20
|
|t:|1729646337
|cant|p2a: Suicune|slp
|move|p1a: Antartica|Seismic Toss|p2a: Suicune
|-damage|p2a: Suicune|49/100 slp
|
|-weather|Sandstorm|[upkeep]
|-damage|p2a: Suicune|43/100 slp|[from] Sandstorm
|-damage|p1a: Antartica|54/100|[from] Sandstorm
|-heal|p2a: Suicune|49/100 slp|[from] item: Leftovers
|-heal|p1a: Antartica|60/100|[from] item: Leftovers
|upkeep
|turn|21
|
|t:|1729646340
|cant|p2a: Suicune|slp
|move|p1a: Antartica|Seismic Toss|p2a: Suicune
|-damage|p2a: Suicune|23/100 slp
|
|-weather|Sandstorm|[upkeep]
|-damage|p2a: Suicune|17/100 slp|[from] Sandstorm
|-damage|p1a: Antartica|54/100|[from] Sandstorm
|-heal|p2a: Suicune|23/100 slp|[from] item: Leftovers
|-heal|p1a: Antartica|60/100|[from] item: Leftovers
|upkeep
|turn|22
|
|t:|1729646350
|-curestatus|p2a: Suicune|slp|[msg]
|move|p2a: Suicune|Rest|p2a: Suicune
|-status|p2a: Suicune|slp|[from] move: Rest
|-heal|p2a: Suicune|100/100 slp|[silent]
|move|p1a: Antartica|Seismic Toss|p2a: Suicune
|-damage|p2a: Suicune|75/100 slp
|
|-weather|Sandstorm|[upkeep]
|-damage|p2a: Suicune|69/100 slp|[from] Sandstorm
|-damage|p1a: Antartica|54/100|[from] Sandstorm
|-heal|p2a: Suicune|75/100 slp|[from] item: Leftovers
|-heal|p1a: Antartica|60/100|[from] item: Leftovers
|upkeep
|turn|23
|
|t:|1729646352
|cant|p2a: Suicune|slp
|move|p1a: Antartica|Seismic Toss|p2a: Suicune
|-damage|p2a: Suicune|49/100 slp
|
|-weather|Sandstorm|[upkeep]
|-damage|p2a: Suicune|43/100 slp|[from] Sandstorm
|-damage|p1a: Antartica|54/100|[from] Sandstorm
|-heal|p2a: Suicune|49/100 slp|[from] item: Leftovers
|-heal|p1a: Antartica|60/100|[from] item: Leftovers
|upkeep
|turn|24
|
|t:|1729646361
|cant|p2a: Suicune|slp
|move|p1a: Antartica|Seismic Toss|p2a: Suicune
|-damage|p2a: Suicune|23/100 slp
|
|-weather|Sandstorm|[upkeep]
|-damage|p2a: Suicune|17/100 slp|[from] Sandstorm
|-damage|p1a: Antartica|54/100|[from] Sandstorm
|-heal|p2a: Suicune|23/100 slp|[from] item: Leftovers
|-heal|p1a: Antartica|60/100|[from] item: Leftovers
|upkeep
|turn|25
|
|t:|1729646365
|-curestatus|p2a: Suicune|slp|[msg]
|move|p2a: Suicune|Rest|p2a: Suicune
|-status|p2a: Suicune|slp|[from] move: Rest
|-heal|p2a: Suicune|100/100 slp|[silent]
|move|p1a: Antartica|Counter|p2a: Suicune
|
|-weather|Sandstorm|[upkeep]
|-damage|p2a: Suicune|94/100 slp|[from] Sandstorm
|-damage|p1a: Antartica|54/100|[from] Sandstorm
|-heal|p2a: Suicune|100/100 slp|[from] item: Leftovers
|-heal|p1a: Antartica|60/100|[from] item: Leftovers
|upkeep
|turn|26
|
|t:|1729646369
|cant|p2a: Suicune|slp
|move|p1a: Antartica|Counter|p2a: Suicune
|
|-weather|Sandstorm|[upkeep]
|-damage|p2a: Suicune|94/100 slp|[from] Sandstorm
|-damage|p1a: Antartica|54/100|[from] Sandstorm
|-heal|p2a: Suicune|100/100 slp|[from] item: Leftovers
|-heal|p1a: Antartica|60/100|[from] item: Leftovers
|upkeep
|turn|27
|
|t:|1729646373
|cant|p2a: Suicune|slp
|move|p1a: Antartica|Soft-Boiled|p1a: Antartica
|-heal|p1a: Antartica|100/100
|
|-weather|Sandstorm|[upkeep]
|-damage|p2a: Suicune|94/100 slp|[from] Sandstorm
|-damage|p1a: Antartica|94/100|[from] Sandstorm
|-heal|p2a: Suicune|100/100 slp|[from] item: Leftovers
|-heal|p1a: Antartica|100/100|[from] item: Leftovers
|upkeep
|turn|28
|
|t:|1729646375
|-curestatus|p2a: Suicune|slp|[msg]
|move|p2a: Suicune|Calm Mind|p2a: Suicune
|-boost|p2a: Suicune|spa|1
|-boost|p2a: Suicune|spd|1
|move|p1a: Antartica|Thunder Wave|p2a: Suicune
|-status|p2a: Suicune|par
|
|-weather|Sandstorm|[upkeep]
|-damage|p1a: Antartica|94/100|[from] Sandstorm
|-damage|p2a: Suicune|94/100 par|[from] Sandstorm
|-heal|p1a: Antartica|100/100|[from] item: Leftovers
|-heal|p2a: Suicune|100/100 par|[from] item: Leftovers
|upkeep
|turn|29
|
|t:|1729646380
|switch|p1a: Asia|Jirachi|100/100
|move|p2a: Suicune|Calm Mind|p2a: Suicune
|-boost|p2a: Suicune|spa|1
|-boost|p2a: Suicune|spd|1
|
|-weather|Sandstorm|[upkeep]
|-damage|p2a: Suicune|94/100 par|[from] Sandstorm
|-heal|p2a: Suicune|100/100 par|[from] item: Leftovers
|upkeep
|turn|30
|
|t:|1729646382
|move|p1a: Asia|Wish|p1a: Asia
|move|p2a: Suicune|Surf|p1a: Asia
|-damage|p1a: Asia|7/100
|
|-weather|Sandstorm|[upkeep]
|-damage|p2a: Suicune|94/100 par|[from] Sandstorm
|-heal|p1a: Asia|13/100|[from] item: Leftovers
|-heal|p2a: Suicune|100/100 par|[from] item: Leftovers
|upkeep
|turn|31
|
|t:|1729646386
|move|p1a: Asia|Protect|p1a: Asia
|-singleturn|p1a: Asia|Protect
|move|p2a: Suicune|Surf|p1a: Asia
|-activate|p1a: Asia|Protect
|
|-heal|p1a: Asia|63/100|[from] move: Wish|[wisher] Asia
|-weather|Sandstorm|[upkeep]
|-damage|p2a: Suicune|94/100 par|[from] Sandstorm
|-heal|p1a: Asia|69/100|[from] item: Leftovers
|-heal|p2a: Suicune|100/100 par|[from] item: Leftovers
|upkeep
|turn|32
|
|t:|1729646388
|switch|p1a: Antartica|Blissey, F|100/100
|move|p2a: Suicune|Surf|p1a: Antartica
|-damage|p1a: Antartica|59/100
|
|-weather|Sandstorm|[upkeep]
|-damage|p1a: Antartica|53/100|[from] Sandstorm
|-damage|p2a: Suicune|94/100 par|[from] Sandstorm
|-heal|p1a: Antartica|59/100|[from] item: Leftovers
|-heal|p2a: Suicune|100/100 par|[from] item: Leftovers
|upkeep
|turn|33
|
|t:|1729646391
|move|p1a: Antartica|Soft-Boiled|p1a: Antartica
|-heal|p1a: Antartica|100/100
|move|p2a: Suicune|Surf|p1a: Antartica
|-damage|p1a: Antartica|63/100
|
|-weather|Sandstorm|[upkeep]
|-damage|p1a: Antartica|57/100|[from] Sandstorm
|-damage|p2a: Suicune|94/100 par|[from] Sandstorm
|-heal|p1a: Antartica|63/100|[from] item: Leftovers
|-heal|p2a: Suicune|100/100 par|[from] item: Leftovers
|upkeep
|turn|34
|
|t:|1729646394
|move|p1a: Antartica|Soft-Boiled|p1a: Antartica
|-heal|p1a: Antartica|100/100
|move|p2a: Suicune|Calm Mind|p2a: Suicune
|-boost|p2a: Suicune|spa|1
|-boost|p2a: Suicune|spd|1
|
|-weather|Sandstorm|[upkeep]
|-damage|p1a: Antartica|94/100|[from] Sandstorm
|-damage|p2a: Suicune|94/100 par|[from] Sandstorm
|-heal|p1a: Antartica|100/100|[from] item: Leftovers
|-heal|p2a: Suicune|100/100 par|[from] item: Leftovers
|upkeep
|turn|35
|
|t:|1729646400
|cant|p2a: Suicune|par
|move|p1a: Antartica|Counter|p2a: Suicune
|
|-weather|Sandstorm|[upkeep]
|-damage|p1a: Antartica|94/100|[from] Sandstorm
|-damage|p2a: Suicune|94/100 par|[from] Sandstorm
|-heal|p1a: Antartica|100/100|[from] item: Leftovers
|-heal|p2a: Suicune|100/100 par|[from] item: Leftovers
|upkeep
|turn|36
|
|t:|1729646403
|move|p1a: Antartica|Seismic Toss|p2a: Suicune
|-damage|p2a: Suicune|75/100 par
|move|p2a: Suicune|Surf|p1a: Antartica
|-damage|p1a: Antartica|53/100
|
|-weather|Sandstorm|[upkeep]
|-damage|p1a: Antartica|47/100|[from] Sandstorm
|-damage|p2a: Suicune|69/100 par|[from] Sandstorm
|-heal|p1a: Antartica|53/100|[from] item: Leftovers
|-heal|p2a: Suicune|75/100 par|[from] item: Leftovers
|upkeep
|turn|37
|
|t:|1729646405
|move|p1a: Antartica|Seismic Toss|p2a: Suicune
|-damage|p2a: Suicune|49/100 par
|move|p2a: Suicune|Rest|p2a: Suicune
|-status|p2a: Suicune|slp|[from] move: Rest
|-heal|p2a: Suicune|100/100 slp|[silent]
|
|-weather|Sandstorm|[upkeep]
|-damage|p2a: Suicune|94/100 slp|[from] Sandstorm
|-damage|p1a: Antartica|47/100|[from] Sandstorm
|-heal|p2a: Suicune|100/100 slp|[from] item: Leftovers
|-heal|p1a: Antartica|53/100|[from] item: Leftovers
|upkeep
|turn|38
|
|t:|1729646408
|cant|p2a: Suicune|slp
|move|p1a: Antartica|Seismic Toss|p2a: Suicune
|-damage|p2a: Suicune|75/100 slp
|
|-weather|Sandstorm|[upkeep]
|-damage|p2a: Suicune|69/100 slp|[from] Sandstorm
|-damage|p1a: Antartica|47/100|[from] Sandstorm
|-heal|p2a: Suicune|75/100 slp|[from] item: Leftovers
|-heal|p1a: Antartica|53/100|[from] item: Leftovers
|upkeep
|turn|39
|
|t:|1729646410
|cant|p2a: Suicune|slp
|move|p1a: Antartica|Seismic Toss|p2a: Suicune
|-damage|p2a: Suicune|49/100 slp
|
|-weather|Sandstorm|[upkeep]
|-damage|p2a: Suicune|43/100 slp|[from] Sandstorm
|-damage|p1a: Antartica|47/100|[from] Sandstorm
|-heal|p2a: Suicune|49/100 slp|[from] item: Leftovers
|-heal|p1a: Antartica|53/100|[from] item: Leftovers
|upkeep
|turn|40
|
|t:|1729646411
|-curestatus|p2a: Suicune|slp|[msg]
|move|p2a: Suicune|Surf|p1a: Antartica
|-damage|p1a: Antartica|4/100
|move|p1a: Antartica|Seismic Toss|p2a: Suicune
|-damage|p2a: Suicune|23/100
|
|-weather|Sandstorm|[upkeep]
|-damage|p2a: Suicune|17/100|[from] Sandstorm
|-damage|p1a: Antartica|0 fnt|[from] Sandstorm
|faint|p1a: Antartica
|-heal|p2a: Suicune|23/100|[from] item: Leftovers
|upkeep
|c|☆ilikeeatingcrayons|se la vi
|c|☆ilikeeatingcrayons|gg wp
|
|t:|1729646420
|switch|p1a: Asia|Jirachi|69/100
|turn|41
|
|t:|1729646423
|move|p1a: Asia|Toxic|p2a: Suicune
|-status|p2a: Suicune|tox
|move|p2a: Suicune|Surf|p1a: Asia
|-damage|p1a: Asia|0 fnt
|faint|p1a: Asia
|
|t:|1729646425
|switch|p1a: Europe|Tyranitar, M|100/100
|
|-weather|Sandstorm|[upkeep]
|-damage|p2a: Suicune|17/100 tox|[from] Sandstorm
|-heal|p2a: Suicune|23/100 tox|[from] item: Leftovers
|-damage|p2a: Suicune|17/100 tox|[from] psn
|upkeep
|turn|42
|
|t:|1729646428
|move|p2a: Suicune|Surf|p1a: Europe
|-supereffective|p1a: Europe
|-damage|p1a: Europe|0 fnt
|faint|p1a: Europe
|
|win|zerkas
|c|☆zerkas|ggs
|player|p1|
|c|☆zerkas|sorry for luck

</script>
<script type="application/json" class="data" id="replaydata-smogtours-gen3ou-801329">
{"id":"smogtours-gen3ou-801329","format":"[Gen 3] OU","players":["ilikeeatingcrayons","zerkas"],"uploadtime":1729646428,"views":97,"formatid":"gen3ou","rating":null,"private":0,"password":null}
</script>

<script defer src="js/replays.js?9d40a366"></script>
