<!DOCTYPE html>
<meta charset="utf-8" />
<meta name="viewport" content="width=device-width" />

<title>[Gen 3] OU: ljsampson vs. drogasas - Replays - Pok&eacute;mon Showdown!</title>

<meta name="description" content="Watch a replay of a Pok&eacute;mon battle between ljsampson and drogasas! Format: [Gen 3] OU; Date: Oct 4, 2024" />
<!--

Hey, you! Looking in the source for the replay log?

You can find them in JSON format, just add `.json` at the end of a replay URL.

https://replay.pokemonshowdown.com/gen7randomdoublesbattle-865046831.json

Or, if you only need the log itself, add `.log` instead:

https://replay.pokemonshowdown.com/gen7randomdoublesbattle-865046831.log

-->

<link rel="stylesheet" href="//pokemonshowdown.com/style/global.css?0.023195364461161105" />
<link rel="stylesheet" href="//play.pokemonshowdown.com/style/font-awesome.css?0.13261647063804238" />
<link rel="stylesheet" href="//play.pokemonshowdown.com/style/battle.css?0.8753245789963631" />
<link rel="stylesheet" href="//play.pokemonshowdown.com/style/utilichart.css?0.8627959624976733" />

<!-- Global site tag (gtag.js) - Google Analytics -->
<script async src="https://www.googletagmanager.com/gtag/js?id=UA-26211653-1"></script>
<script>
  window.dataLayer = window.dataLayer || [];
  function gtag(){dataLayer.push(arguments);}
  gtag('js', new Date());

  gtag('config', 'UA-26211653-1');
</script>
<!-- End Google Analytics -->
<!-- Venatus Ad Manager - Install in <HEAD> of page -->
	<script src="https://hb.vntsm.com/v3/live/ad-manager.min.js" type="text/javascript" data-site-id="642aba63ec9a7b11c3c9c1be" data-mode="scan" async></script>
<!-- / Venatus Ad Manager -->

<style>
	@media (max-width:820px) {
		.battle {
			margin: 0 auto;
		}
		.battle-log {
			margin: 7px auto 0;
			max-width: 640px;
			height: 300px;
			position: static;
		}
	}
	.optgroup {
		display: inline-block;
		line-height: 22px;
		font-size: 10pt;
	}
	.optgroup .button {
		height: 25px;
		padding-top: 0;
		padding-bottom: 0;
	}
	.optgroup button.button {
		padding-left: 12px;
		padding-right: 12px;
	}
	.linklist {
		list-style: none;
		margin: 0.5em 0;
		padding: 0;
	}
	.linklist li {
		padding: 2px 0;
	}
	.sidebar {
		float: left;
		width: 320px;
	}
	.bar-wrapper {
		max-width: 1100px;
		margin: 0 auto;
	}
	.bar-wrapper.has-sidebar {
		max-width: 1430px;
	}
	.mainbar {
		margin: 0;
		padding-right: 1px;
	}
	.mainbar.has-sidebar {
		margin-left: 330px;
	}
	@media (min-width: 1511px) {
		.sidebar {
			width: 400px;
		}
		.bar-wrapper.has-sidebar {
			max-width: 1510px;
		}
		.mainbar.has-sidebar {
			margin-left: 410px;
		}
	}
	.section.first-section {
		margin-top: 9px;
	}
	.blocklink small {
		white-space: normal;
	}
	.button {
		vertical-align: middle;
	}
	.replay-controls {
		padding-top: 10px;
	}
	.replay-controls h1 {
		font-size: 16pt;
		font-weight: normal;
		color: #CCC;
	}
	.pagelink {
		text-align: center;
	}
	.pagelink a {
		width: 150px;
	}
	.textbox, .button {
		font-size: 11pt;
		vertical-align: middle;
	}
	@media (max-width: 450px) {
		.button {
			font-size: 9pt;
		}
	}
</style>

<div>

	<header>
		<div class="nav-wrapper"><ul class="nav">
			<li><a class="button nav-first" href="//pokemonshowdown.com/"><img src="//pokemonshowdown.com/images/pokemonshowdownbeta.png" srcset="//pokemonshowdown.com/images/pokemonshowdownbeta.png 1x, //pokemonshowdown.com/images/pokemonshowdownbeta@2x.png 2x" alt="Pok&eacute;mon Showdown" width="146" height="44" /> Home</a></li>
			<li><a class="button" href="//pokemonshowdown.com/dex/">Pok&eacute;dex</a></li>
			<li><a class="button cur" href="/">Replays</a></li>
			<li><a class="button" href="//pokemonshowdown.com/ladder/">Ladder</a></li>
			<li><a class="button nav-last" href="//pokemonshowdown.com/forums/">Forum</a></li>
			<li><a class="button greenbutton nav-first nav-last" href="//play.pokemonshowdown.com/">Play</a></li>
		</ul></div>
	</header>

	<div class="main" id="main">

		<noscript><section class="section">You need to enable JavaScript to use this page; sorry!</section></noscript>

	</div>

</div>

<script defer nomodule src="//play.pokemonshowdown.com/js/lib/ps-polyfill.js"></script>
<script defer src="//play.pokemonshowdown.com/js/lib/preact.min.js"></script>

<script defer src="//play.pokemonshowdown.com/config/config.js?2bddbc15"></script>
<script defer src="//play.pokemonshowdown.com/js/lib/jquery-1.11.0.min.js"></script>
<script defer src="//play.pokemonshowdown.com/js/lib/html-sanitizer-minified.js"></script>
<script defer src="//play.pokemonshowdown.com/js/battle-sound.js"></script>
<script defer src="//play.pokemonshowdown.com/js/battledata.js?0.7209276989879541"></script>
<script defer src="//play.pokemonshowdown.com/data/pokedex-mini.js?0.6111056340867951"></script>
<script defer src="//play.pokemonshowdown.com/data/pokedex-mini-bw.js?0.3532142036491459"></script>
<script defer src="//play.pokemonshowdown.com/data/graphics.js?0.24223875632456182"></script>
<script defer src="//play.pokemonshowdown.com/data/pokedex.js?0.38839984266356864"></script>
<script defer src="//play.pokemonshowdown.com/data/moves.js?0.21866028504024015"></script>
<script defer src="//play.pokemonshowdown.com/data/abilities.js?0.2005157953846628"></script>
<script defer src="//play.pokemonshowdown.com/data/items.js?0.9894211263848525"></script>
<script defer src="//play.pokemonshowdown.com/data/teambuilder-tables.js?0.6008791140282215"></script>
<script defer src="//play.pokemonshowdown.com/js/battle-tooltips.js?0.7580118955022959"></script>
<script defer src="//play.pokemonshowdown.com/js/battle.js?0.6057722274234274"></script>

<script defer src="js/utils.js?e31f9a17"></script>
<script defer src="js/replays-battle.js?7008c182"></script>

<!-- don't scrape this data! just add .json or .log after the URL!
Full API docs: https://github.com/smogon/pokemon-showdown-client/blob/master/WEB-API.md -->
<script type="text/plain" class="log" id="replaylog-smogtours-gen3ou-794563">
|inactive|Battle timer is ON: inactive players will automatically lose when time's up.
|t:|1728055092
|gametype|singles
|player|p1|ljsampson|169|
|player|p2|drogasas|scientist-gen4|
|teamsize|p1|6
|teamsize|p2|6
|gen|3
|tier|[Gen 3] OU
|rule|Sleep Clause Mod: Limit one foe put to sleep
|rule|Switch Priority Clause Mod: Faster Pokémon switch first
|rule|Species Clause: Limit one of each Pokémon
|rule|OHKO Clause: OHKO moves are banned
|rule|Evasion Items Clause: Evasion items are banned
|rule|Evasion Moves Clause: Evasion moves are banned
|rule|Endless Battle Clause: Forcing endless battles is banned
|rule|HP Percentage Mod: HP is shown in percentages
|rule|One Boost Passer Clause: Limit one Baton Passer that has a way to boost its stats
|rule|Freeze Clause Mod: Limit one foe frozen
|
|t:|1728055092
|start
|switch|p1a: Celebi|Celebi|100/100
|switch|p2a: Skarmory|Skarmory, M|100/100
|turn|1
|
|t:|1728055103
|move|p1a: Celebi|Light Screen|p1a: Celebi
|-sidestart|p1: ljsampson|Light Screen
|move|p2a: Skarmory|Spikes|p1a: Celebi
|-sidestart|p1: ljsampson|Spikes
|
|upkeep
|turn|2
|
|t:|1728055119
|switch|p1a: Magneton|Magneton|100/100
|-damage|p1a: Magneton|88/100|[from] Spikes
|move|p2a: Skarmory|Spikes|p1a: Magneton
|-sidestart|p1: ljsampson|Spikes
|
|-heal|p1a: Magneton|94/100|[from] item: Leftovers
|upkeep
|turn|3
|
|t:|1728055121
|move|p1a: Magneton|Thunderbolt|p2a: Skarmory
|-supereffective|p2a: Skarmory
|-damage|p2a: Skarmory|14/100
|move|p2a: Skarmory|Spikes|p1a: Magneton
|-sidestart|p1: ljsampson|Spikes
|
|-heal|p1a: Magneton|100/100|[from] item: Leftovers
|-heal|p2a: Skarmory|20/100|[from] item: Leftovers
|upkeep
|turn|4
|
|t:|1728055124
|move|p1a: Magneton|Thunderbolt|p2a: Skarmory
|-supereffective|p2a: Skarmory
|-damage|p2a: Skarmory|0 fnt
|faint|p2a: Skarmory
|
|t:|1728055128
|switch|p2a: Flygon|Flygon, M|100/100
|
|upkeep
|turn|5
|
|t:|1728055135
|switch|p1a: Skarmory|Skarmory, M|100/100
|move|p2a: Flygon|Earthquake|p1a: Skarmory
|-immune|p1a: Skarmory
|
|-sideend|p1: ljsampson|Light Screen
|upkeep
|turn|6
|
|t:|1728055144
|switch|p2a: Gengar|Gengar, F|100/100
|move|p1a: Skarmory|Spikes|p2a: Gengar
|-sidestart|p2: drogasas|Spikes
|
|upkeep
|turn|7
|
|t:|1728055160
|switch|p1a: Celebi|Celebi|100/100
|-damage|p1a: Celebi|76/100|[from] Spikes
|move|p2a: Gengar|Will-O-Wisp|p1a: Celebi
|-status|p1a: Celebi|brn
|
|-heal|p1a: Celebi|82/100 brn|[from] item: Leftovers
|-damage|p1a: Celebi|69/100 brn|[from] brn
|upkeep
|turn|8
|
|t:|1728055177
|switch|p2a: Gyarados|Gyarados, M|100/100
|-ability|p2a: Gyarados|Intimidate|boost
|-unboost|p1a: Celebi|atk|1
|move|p1a: Celebi|Recover|p1a: Celebi
|-heal|p1a: Celebi|100/100 brn
|
|-damage|p1a: Celebi|88/100 brn|[from] brn
|upkeep
|turn|9
|
|t:|1728055190
|-curestatus|p1a: Celebi|brn|[from] ability: Natural Cure
|switch|p1a: Swampert|Swampert, M|100/100
|-damage|p1a: Swampert|76/100|[from] Spikes
|switch|p2a: Charizard|Charizard, F|100/100
|
|-heal|p1a: Swampert|82/100|[from] item: Leftovers
|upkeep
|turn|10
|
|t:|1728055196
|switch|p2a: Gyarados|Gyarados, M|100/100
|-ability|p2a: Gyarados|Intimidate|boost
|-unboost|p1a: Swampert|atk|1
|move|p1a: Swampert|Protect||[still]
|-fail|p1a: Swampert
|
|-heal|p1a: Swampert|88/100|[from] item: Leftovers
|upkeep
|turn|11
|
|t:|1728055199
|move|p2a: Gyarados|Dragon Dance|p2a: Gyarados
|-boost|p2a: Gyarados|atk|1
|-boost|p2a: Gyarados|spe|1
|move|p1a: Swampert|Toxic|p2a: Gyarados
|-status|p2a: Gyarados|tox
|
|-damage|p2a: Gyarados|94/100 tox|[from] psn
|-heal|p1a: Swampert|94/100|[from] item: Leftovers
|upkeep
|turn|12
|
|t:|1728055205
|move|p2a: Gyarados|Hidden Power|p1a: Swampert
|-damage|p1a: Swampert|55/100
|move|p1a: Swampert|Surf|p2a: Gyarados
|-resisted|p2a: Gyarados
|-damage|p2a: Gyarados|81/100 tox
|
|-heal|p2a: Gyarados|87/100 tox|[from] item: Leftovers
|-damage|p2a: Gyarados|75/100 tox|[from] psn
|-heal|p1a: Swampert|61/100|[from] item: Leftovers
|upkeep
|turn|13
|
|t:|1728055209
|switch|p2a: Blissey|Blissey, F|100/100
|-damage|p2a: Blissey|88/100|[from] Spikes
|move|p1a: Swampert|Protect||[still]
|-fail|p1a: Swampert
|
|-heal|p1a: Swampert|67/100|[from] item: Leftovers
|-heal|p2a: Blissey|94/100|[from] item: Leftovers
|upkeep
|turn|14
|
|t:|1728055212
|move|p1a: Swampert|Toxic|p2a: Blissey
|-status|p2a: Blissey|tox
|move|p2a: Blissey|Aromatherapy|p2a: Blissey
|-cureteam|p2a: Blissey|[from] move: Aromatherapy
|
|-heal|p1a: Swampert|74/100|[from] item: Leftovers
|-heal|p2a: Blissey|99/100|[from] item: Leftovers
|upkeep
|turn|15
|
|t:|1728055223
|move|p1a: Swampert|Toxic|p2a: Blissey
|-status|p2a: Blissey|tox
|move|p2a: Blissey|Ice Beam|p1a: Swampert
|-damage|p1a: Swampert|52/100
|
|-heal|p1a: Swampert|58/100|[from] item: Leftovers
|-heal|p2a: Blissey|100/100 tox|[from] item: Leftovers
|-damage|p2a: Blissey|94/100 tox|[from] psn
|upkeep
|turn|16
|inactive|ljsampson has 270 seconds left.
|
|t:|1728055254
|switch|p1a: Celebi|Celebi|88/100
|-damage|p1a: Celebi|63/100|[from] Spikes
|-curestatus|p2a: Blissey|tox|[from] ability: Natural Cure
|switch|p2a: Gengar|Gengar, F|100/100
|
|-heal|p1a: Celebi|69/100|[from] item: Leftovers
|upkeep
|turn|17
|inactive|ljsampson has 270 seconds left.
|
|t:|1728055266
|switch|p2a: Flygon|Flygon, M|100/100
|switch|p1a: Tyranitar|Tyranitar, F|100/100
|-damage|p1a: Tyranitar|76/100|[from] Spikes
|-weather|Sandstorm|[from] ability: Sand Stream|[of] p1a: Tyranitar
|
|-weather|Sandstorm|[upkeep]
|-heal|p1a: Tyranitar|82/100|[from] item: Leftovers
|upkeep
|turn|18
|
|t:|1728055276
|switch|p1a: Aerodactyl|Aerodactyl, F|100/100
|move|p2a: Flygon|Earthquake|p1a: Aerodactyl
|-immune|p1a: Aerodactyl
|
|-weather|Sandstorm|[upkeep]
|upkeep
|turn|19
|
|t:|1728055301
|switch|p2a: Gyarados|Gyarados, M|75/100
|-ability|p2a: Gyarados|Intimidate|boost
|-unboost|p1a: Aerodactyl|atk|1
|move|p1a: Aerodactyl|Double-Edge|p2a: Gyarados
|-damage|p2a: Gyarados|30/100
|
|-weather|Sandstorm|[upkeep]
|-damage|p2a: Gyarados|24/100|[from] Sandstorm
|-heal|p2a: Gyarados|30/100|[from] item: Leftovers
|upkeep
|turn|20
|
|t:|1728055309
|switch|p2a: Gengar|Gengar, F|100/100
|move|p1a: Aerodactyl|Double-Edge|p2a: Gengar
|-immune|p2a: Gengar
|
|-weather|Sandstorm|[upkeep]
|-damage|p2a: Gengar|95/100|[from] Sandstorm
|-heal|p2a: Gengar|100/100|[from] item: Leftovers
|upkeep
|turn|21
|
|t:|1728055315
|switch|p1a: Tyranitar|Tyranitar, F|82/100
|-damage|p1a: Tyranitar|57/100|[from] Spikes
|move|p2a: Gengar|Will-O-Wisp|p1a: Tyranitar
|-status|p1a: Tyranitar|brn
|
|-weather|Sandstorm|[upkeep]
|-damage|p2a: Gengar|95/100|[from] Sandstorm
|-heal|p2a: Gengar|100/100|[from] item: Leftovers
|-heal|p1a: Tyranitar|63/100 brn|[from] item: Leftovers
|-damage|p1a: Tyranitar|51/100 brn|[from] brn
|upkeep
|turn|22
|
|t:|1728055324
|move|p2a: Gengar|Giga Drain|p1a: Tyranitar
|-supereffective|p1a: Tyranitar
|-damage|p1a: Tyranitar|23/100 brn
|move|p1a: Tyranitar|Pursuit|p2a: Gengar
|-supereffective|p2a: Gengar
|-damage|p2a: Gengar|61/100
|
|-weather|Sandstorm|[upkeep]
|-damage|p2a: Gengar|55/100|[from] Sandstorm
|-heal|p2a: Gengar|61/100|[from] item: Leftovers
|-heal|p1a: Tyranitar|30/100 brn|[from] item: Leftovers
|-damage|p1a: Tyranitar|17/100 brn|[from] brn
|upkeep
|turn|23
|
|t:|1728055328
|move|p2a: Gengar|Giga Drain|p1a: Tyranitar
|-supereffective|p1a: Tyranitar
|-crit|p1a: Tyranitar
|-damage|p1a: Tyranitar|0 fnt
|-heal|p2a: Gengar|71/100|[from] drain|[of] p1a: Tyranitar
|faint|p1a: Tyranitar
|
|t:|1728055342
|switch|p1a: Aerodactyl|Aerodactyl, F|100/100
|
|-weather|Sandstorm|[upkeep]
|-damage|p2a: Gengar|66/100|[from] Sandstorm
|-heal|p2a: Gengar|71/100|[from] item: Leftovers
|upkeep
|turn|24
|
|t:|1728055350
|switch|p2a: Blissey|Blissey, F|94/100
|-damage|p2a: Blissey|82/100|[from] Spikes
|move|p1a: Aerodactyl|Rock Slide|p2a: Blissey
|-damage|p2a: Blissey|29/100
|
|-weather|Sandstorm|[upkeep]
|-damage|p2a: Blissey|23/100|[from] Sandstorm
|-heal|p2a: Blissey|29/100|[from] item: Leftovers
|upkeep
|turn|25
|
|t:|1728055355
|move|p1a: Aerodactyl|Rock Slide|p2a: Blissey
|-damage|p2a: Blissey|0 fnt
|faint|p2a: Blissey
|
|t:|1728055359
|switch|p2a: Flygon|Flygon, M|100/100
|
|-weather|Sandstorm|[upkeep]
|upkeep
|turn|26
|
|t:|1728055366
|switch|p1a: Skarmory|Skarmory, M|100/100
|move|p2a: Flygon|Rock Slide|p1a: Skarmory|[miss]
|-miss|p2a: Flygon|p1a: Skarmory
|
|-weather|Sandstorm|[upkeep]
|upkeep
|turn|27
|
|t:|1728055373
|switch|p2a: Gengar|Gengar, F|71/100
|move|p1a: Skarmory|Whirlwind|p2a: Gengar
|drag|p2a: Flygon|Flygon, M|100/100
|
|-weather|Sandstorm|[upkeep]
|upkeep
|turn|28
|
|t:|1728055378
|switch|p2a: Gengar|Gengar, F|71/100
|move|p1a: Skarmory|Toxic|p2a: Gengar
|-immune|p2a: Gengar
|
|-weather|Sandstorm|[upkeep]
|-damage|p2a: Gengar|66/100|[from] Sandstorm
|-heal|p2a: Gengar|71/100|[from] item: Leftovers
|upkeep
|turn|29
|
|t:|1728055384
|move|p2a: Gengar|Will-O-Wisp|p1a: Skarmory
|-status|p1a: Skarmory|brn
|move|p1a: Skarmory|Whirlwind|p2a: Gengar
|drag|p2a: Gyarados|Gyarados, M|30/100
|-ability|p2a: Gyarados|Intimidate|boost
|-unboost|p1a: Skarmory|atk|1
|
|-weather|Sandstorm|[upkeep]
|-damage|p2a: Gyarados|24/100|[from] Sandstorm
|-heal|p2a: Gyarados|30/100|[from] item: Leftovers
|-damage|p1a: Skarmory|88/100 brn|[from] brn
|upkeep
|turn|30
|
|t:|1728055391
|switch|p2a: Gengar|Gengar, F|71/100
|move|p1a: Skarmory|Toxic|p2a: Gengar
|-immune|p2a: Gengar
|
|-weather|Sandstorm|[upkeep]
|-damage|p2a: Gengar|66/100|[from] Sandstorm
|-heal|p2a: Gengar|71/100|[from] item: Leftovers
|-heal|p1a: Skarmory|94/100 brn|[from] item: Leftovers
|-damage|p1a: Skarmory|82/100 brn|[from] brn
|upkeep
|turn|31
|
|t:|1728055395
|move|p2a: Gengar|Will-O-Wisp|p1a: Skarmory
|-fail|p1a: Skarmory|brn
|move|p1a: Skarmory|Whirlwind|p2a: Gengar
|drag|p2a: Charizard|Charizard, F|100/100
|
|-weather|Sandstorm|[upkeep]
|-damage|p2a: Charizard|94/100|[from] Sandstorm
|-heal|p2a: Charizard|100/100|[from] item: Leftovers
|-heal|p1a: Skarmory|88/100 brn|[from] item: Leftovers
|-damage|p1a: Skarmory|76/100 brn|[from] brn
|upkeep
|turn|32
|
|t:|1728055400
|move|p2a: Charizard|Fire Blast|p1a: Skarmory|[miss]
|-miss|p2a: Charizard|p1a: Skarmory
|move|p1a: Skarmory|Toxic|p2a: Charizard
|-status|p2a: Charizard|tox
|
|-weather|Sandstorm|[upkeep]
|-damage|p2a: Charizard|94/100 tox|[from] Sandstorm
|-heal|p2a: Charizard|100/100 tox|[from] item: Leftovers
|-damage|p2a: Charizard|94/100 tox|[from] psn
|-heal|p1a: Skarmory|82/100 brn|[from] item: Leftovers
|-damage|p1a: Skarmory|69/100 brn|[from] brn
|upkeep
|turn|33
|
|t:|1728055407
|move|p1a: Skarmory|Protect|p1a: Skarmory
|-singleturn|p1a: Skarmory|Protect
|move|p2a: Charizard|Fire Blast|p1a: Skarmory|[miss]
|-miss|p2a: Charizard|p1a: Skarmory
|
|-weather|Sandstorm|[upkeep]
|-damage|p2a: Charizard|88/100 tox|[from] Sandstorm
|-heal|p2a: Charizard|94/100 tox|[from] item: Leftovers
|-damage|p2a: Charizard|82/100 tox|[from] psn
|-heal|p1a: Skarmory|75/100 brn|[from] item: Leftovers
|-damage|p1a: Skarmory|63/100 brn|[from] brn
|upkeep
|turn|34
|
|t:|1728055410
|move|p1a: Skarmory|Protect||[still]
|-fail|p1a: Skarmory
|move|p2a: Charizard|Fire Blast|p1a: Skarmory|[miss]
|-miss|p2a: Charizard|p1a: Skarmory
|
|-weather|Sandstorm|[upkeep]
|-damage|p2a: Charizard|76/100 tox|[from] Sandstorm
|-heal|p2a: Charizard|82/100 tox|[from] item: Leftovers
|-damage|p2a: Charizard|64/100 tox|[from] psn
|-heal|p1a: Skarmory|69/100 brn|[from] item: Leftovers
|-damage|p1a: Skarmory|57/100 brn|[from] brn
|upkeep
|turn|35
|
|t:|1728055414
|switch|p2a: Gengar|Gengar, F|71/100
|move|p1a: Skarmory|Protect||[still]
|-fail|p1a: Skarmory
|
|-weather|Sandstorm|[upkeep]
|-damage|p2a: Gengar|66/100|[from] Sandstorm
|-heal|p2a: Gengar|71/100|[from] item: Leftovers
|-heal|p1a: Skarmory|63/100 brn|[from] item: Leftovers
|-damage|p1a: Skarmory|50/100 brn|[from] brn
|upkeep
|turn|36
|
|t:|1728055428
|move|p2a: Gengar|Thunderbolt|p1a: Skarmory
|-supereffective|p1a: Skarmory
|-damage|p1a: Skarmory|0 fnt
|faint|p1a: Skarmory
|
|t:|1728055431
|switch|p1a: Aerodactyl|Aerodactyl, F|100/100
|
|-weather|Sandstorm|[upkeep]
|-damage|p2a: Gengar|66/100|[from] Sandstorm
|-heal|p2a: Gengar|71/100|[from] item: Leftovers
|upkeep
|turn|37
|
|t:|1728055441
|switch|p2a: Gyarados|Gyarados, M|30/100
|-ability|p2a: Gyarados|Intimidate|boost
|-unboost|p1a: Aerodactyl|atk|1
|move|p1a: Aerodactyl|Double-Edge|p2a: Gyarados
|-damage|p2a: Gyarados|0 fnt
|faint|p2a: Gyarados
|
|t:|1728055447
|switch|p2a: Gengar|Gengar, F|71/100
|
|-weather|Sandstorm|[upkeep]
|-damage|p2a: Gengar|66/100|[from] Sandstorm
|-heal|p2a: Gengar|71/100|[from] item: Leftovers
|upkeep
|turn|38
|
|t:|1728055456
|switch|p1a: Magneton|Magneton|100/100
|-damage|p1a: Magneton|76/100|[from] Spikes
|move|p2a: Gengar|Will-O-Wisp|p1a: Magneton
|-status|p1a: Magneton|brn
|
|-weather|Sandstorm|[upkeep]
|-damage|p2a: Gengar|66/100|[from] Sandstorm
|-heal|p2a: Gengar|71/100|[from] item: Leftovers
|-heal|p1a: Magneton|82/100 brn|[from] item: Leftovers
|-damage|p1a: Magneton|70/100 brn|[from] brn
|upkeep
|turn|39
|
|t:|1728055470
|switch|p2a: Flygon|Flygon, M|100/100
|move|p1a: Magneton|Thunderbolt|p2a: Flygon
|-immune|p2a: Flygon
|
|-weather|Sandstorm|[upkeep]
|-heal|p1a: Magneton|76/100 brn|[from] item: Leftovers
|-damage|p1a: Magneton|63/100 brn|[from] brn
|upkeep
|turn|40
|
|t:|1728055485
|move|p2a: Flygon|Earthquake|p1a: Magneton
|-supereffective|p1a: Magneton
|-damage|p1a: Magneton|0 fnt
|faint|p1a: Magneton
|
|t:|1728055498
|switch|p1a: Aerodactyl|Aerodactyl, F|100/100
|
|-weather|Sandstorm|[upkeep]
|upkeep
|turn|41
|
|t:|1728055504
|switch|p2a: Charizard|Charizard, F|64/100 tox
|move|p1a: Aerodactyl|Rock Slide|p2a: Charizard
|-supereffective|p2a: Charizard
|-damage|p2a: Charizard|0 fnt
|faint|p2a: Charizard
|
|t:|1728055508
|switch|p2a: Flygon|Flygon, M|100/100
|
|-weather|Sandstorm|[upkeep]
|upkeep
|turn|42
|inactive|ljsampson has 270 seconds left.
|
|t:|1728055548
|switch|p1a: Swampert|Swampert, M|58/100
|-damage|p1a: Swampert|33/100|[from] Spikes
|move|p2a: Flygon|Hidden Power|p1a: Swampert
|-damage|p1a: Swampert|12/100
|
|-weather|Sandstorm|[upkeep]
|-heal|p1a: Swampert|18/100|[from] item: Leftovers
|upkeep
|turn|43
|inactive|ljsampson has 270 seconds left.
|
|t:|1728055557
|switch|p2a: Gengar|Gengar, F|71/100
|move|p1a: Swampert|Protect||[still]
|-fail|p1a: Swampert
|
|-weather|Sandstorm|[upkeep]
|-damage|p2a: Gengar|66/100|[from] Sandstorm
|-heal|p2a: Gengar|71/100|[from] item: Leftovers
|-heal|p1a: Swampert|24/100|[from] item: Leftovers
|upkeep
|turn|44
|
|t:|1728055565
|move|p2a: Gengar|Giga Drain|p1a: Swampert
|-supereffective|p1a: Swampert
|-damage|p1a: Swampert|0 fnt
|-heal|p2a: Gengar|87/100|[from] drain|[of] p1a: Swampert
|faint|p1a: Swampert
|
|t:|1728055567
|switch|p1a: Aerodactyl|Aerodactyl, F|100/100
|
|-weather|Sandstorm|[upkeep]
|-damage|p2a: Gengar|81/100|[from] Sandstorm
|-heal|p2a: Gengar|87/100|[from] item: Leftovers
|upkeep
|turn|45
|
|t:|1728055572
|move|p1a: Aerodactyl|Rock Slide|p2a: Gengar
|-damage|p2a: Gengar|0 fnt
|faint|p2a: Gengar
|
|t:|1728055575
|switch|p2a: Flygon|Flygon, M|100/100
|
|-weather|Sandstorm|[upkeep]
|upkeep
|turn|46
|inactive|ljsampson has 270 seconds left.
|
|t:|1728055606
|move|p1a: Aerodactyl|Rock Slide|p2a: Flygon
|-resisted|p2a: Flygon
|-damage|p2a: Flygon|68/100
|cant|p2a: Flygon|flinch
|
|-weather|Sandstorm|[upkeep]
|upkeep
|turn|47
|
|t:|1728055611
|move|p1a: Aerodactyl|Rock Slide|p2a: Flygon
|-resisted|p2a: Flygon
|-damage|p2a: Flygon|31/100
|move|p2a: Flygon|Rock Slide|p1a: Aerodactyl
|-supereffective|p1a: Aerodactyl
|-damage|p1a: Aerodactyl|0 fnt
|faint|p1a: Aerodactyl
|
|t:|1728055625
|switch|p1a: Celebi|Celebi|69/100
|-damage|p1a: Celebi|44/100|[from] Spikes
|
|-weather|Sandstorm|[upkeep]
|-damage|p1a: Celebi|38/100|[from] Sandstorm
|-heal|p1a: Celebi|44/100|[from] item: Leftovers
|upkeep
|turn|48
|
|t:|1728055634
|move|p2a: Flygon|Rock Slide|p1a: Celebi
|-damage|p1a: Celebi|20/100
|move|p1a: Celebi|Leech Seed|p2a: Flygon
|-start|p2a: Flygon|move: Leech Seed
|
|-weather|Sandstorm|[upkeep]
|-damage|p1a: Celebi|14/100|[from] Sandstorm
|-damage|p2a: Flygon|18/100|[from] Leech Seed|[of] p1a: Celebi
|-heal|p1a: Celebi|23/100|[silent]
|-heal|p1a: Celebi|29/100|[from] item: Leftovers
|upkeep
|turn|49
|
|t:|1728055643
|move|p2a: Flygon|Rock Slide|p1a: Celebi|[miss]
|-miss|p2a: Flygon|p1a: Celebi
|move|p1a: Celebi|Hidden Power|p2a: Flygon
|-damage|p2a: Flygon|0 fnt
|faint|p2a: Flygon
|
|win|ljsampson
|c|☆drogasas|gg
|c|☆ljsampson|gg

</script>
<script type="application/json" class="data" id="replaydata-smogtours-gen3ou-794563">
{"id":"smogtours-gen3ou-794563","format":"[Gen 3] OU","players":["ljsampson","drogasas"],"uploadtime":1728055643,"views":115,"formatid":"gen3ou","rating":null,"private":0,"password":null}
</script>

<script defer src="js/replays.js?9d40a366"></script>
