<!DOCTYPE html>
<meta charset="utf-8" />
<meta name="viewport" content="width=device-width" />

<title>[Gen 3] OU: p0lt vs. Venik777 - Replays - Pok&eacute;mon Showdown!</title>

<meta name="description" content="Watch a replay of a Pok&eacute;mon battle between p0lt and Venik777! Format: [Gen 3] OU; Date: Oct 24, 2024" />
<!--

Hey, you! Looking in the source for the replay log?

You can find them in JSON format, just add `.json` at the end of a replay URL.

https://replay.pokemonshowdown.com/gen7randomdoublesbattle-865046831.json

Or, if you only need the log itself, add `.log` instead:

https://replay.pokemonshowdown.com/gen7randomdoublesbattle-865046831.log

-->

<link rel="stylesheet" href="//pokemonshowdown.com/style/global.css?0.023195364461161105" />
<link rel="stylesheet" href="//play.pokemonshowdown.com/style/font-awesome.css?0.13261647063804238" />
<link rel="stylesheet" href="//play.pokemonshowdown.com/style/battle.css?0.8753245789963631" />
<link rel="stylesheet" href="//play.pokemonshowdown.com/style/utilichart.css?0.8627959624976733" />

<!-- Global site tag (gtag.js) - Google Analytics -->
<script async src="https://www.googletagmanager.com/gtag/js?id=UA-26211653-1"></script>
<script>
  window.dataLayer = window.dataLayer || [];
  function gtag(){dataLayer.push(arguments);}
  gtag('js', new Date());

  gtag('config', 'UA-26211653-1');
</script>
<!-- End Google Analytics -->
<!-- Venatus Ad Manager - Install in <HEAD> of page -->
	<script src="https://hb.vntsm.com/v3/live/ad-manager.min.js" type="text/javascript" data-site-id="642aba63ec9a7b11c3c9c1be" data-mode="scan" async></script>
<!-- / Venatus Ad Manager -->

<style>
	@media (max-width:820px) {
		.battle {
			margin: 0 auto;
		}
		.battle-log {
			margin: 7px auto 0;
			max-width: 640px;
			height: 300px;
			position: static;
		}
	}
	.optgroup {
		display: inline-block;
		line-height: 22px;
		font-size: 10pt;
	}
	.optgroup .button {
		height: 25px;
		padding-top: 0;
		padding-bottom: 0;
	}
	.optgroup button.button {
		padding-left: 12px;
		padding-right: 12px;
	}
	.linklist {
		list-style: none;
		margin: 0.5em 0;
		padding: 0;
	}
	.linklist li {
		padding: 2px 0;
	}
	.sidebar {
		float: left;
		width: 320px;
	}
	.bar-wrapper {
		max-width: 1100px;
		margin: 0 auto;
	}
	.bar-wrapper.has-sidebar {
		max-width: 1430px;
	}
	.mainbar {
		margin: 0;
		padding-right: 1px;
	}
	.mainbar.has-sidebar {
		margin-left: 330px;
	}
	@media (min-width: 1511px) {
		.sidebar {
			width: 400px;
		}
		.bar-wrapper.has-sidebar {
			max-width: 1510px;
		}
		.mainbar.has-sidebar {
			margin-left: 410px;
		}
	}
	.section.first-section {
		margin-top: 9px;
	}
	.blocklink small {
		white-space: normal;
	}
	.button {
		vertical-align: middle;
	}
	.replay-controls {
		padding-top: 10px;
	}
	.replay-controls h1 {
		font-size: 16pt;
		font-weight: normal;
		color: #CCC;
	}
	.pagelink {
		text-align: center;
	}
	.pagelink a {
		width: 150px;
	}
	.textbox, .button {
		font-size: 11pt;
		vertical-align: middle;
	}
	@media (max-width: 450px) {
		.button {
			font-size: 9pt;
		}
	}
</style>

<div>

	<header>
		<div class="nav-wrapper"><ul class="nav">
			<li><a class="button nav-first" href="//pokemonshowdown.com/"><img src="//pokemonshowdown.com/images/pokemonshowdownbeta.png" srcset="//pokemonshowdown.com/images/pokemonshowdownbeta.png 1x, //pokemonshowdown.com/images/pokemonshowdownbeta@2x.png 2x" alt="Pok&eacute;mon Showdown" width="146" height="44" /> Home</a></li>
			<li><a class="button" href="//pokemonshowdown.com/dex/">Pok&eacute;dex</a></li>
			<li><a class="button cur" href="/">Replays</a></li>
			<li><a class="button" href="//pokemonshowdown.com/ladder/">Ladder</a></li>
			<li><a class="button nav-last" href="//pokemonshowdown.com/forums/">Forum</a></li>
			<li><a class="button greenbutton nav-first nav-last" href="//play.pokemonshowdown.com/">Play</a></li>
		</ul></div>
	</header>

	<div class="main" id="main">

		<noscript><section class="section">You need to enable JavaScript to use this page; sorry!</section></noscript>

	</div>

</div>

<script defer nomodule src="//play.pokemonshowdown.com/js/lib/ps-polyfill.js"></script>
<script defer src="//play.pokemonshowdown.com/js/lib/preact.min.js"></script>

<script defer src="//play.pokemonshowdown.com/config/config.js?2bddbc15"></script>
<script defer src="//play.pokemonshowdown.com/js/lib/jquery-1.11.0.min.js"></script>
<script defer src="//play.pokemonshowdown.com/js/lib/html-sanitizer-minified.js"></script>
<script defer src="//play.pokemonshowdown.com/js/battle-sound.js"></script>
<script defer src="//play.pokemonshowdown.com/js/battledata.js?0.7209276989879541"></script>
<script defer src="//play.pokemonshowdown.com/data/pokedex-mini.js?0.6111056340867951"></script>
<script defer src="//play.pokemonshowdown.com/data/pokedex-mini-bw.js?0.3532142036491459"></script>
<script defer src="//play.pokemonshowdown.com/data/graphics.js?0.24223875632456182"></script>
<script defer src="//play.pokemonshowdown.com/data/pokedex.js?0.38839984266356864"></script>
<script defer src="//play.pokemonshowdown.com/data/moves.js?0.21866028504024015"></script>
<script defer src="//play.pokemonshowdown.com/data/abilities.js?0.2005157953846628"></script>
<script defer src="//play.pokemonshowdown.com/data/items.js?0.9894211263848525"></script>
<script defer src="//play.pokemonshowdown.com/data/teambuilder-tables.js?0.6008791140282215"></script>
<script defer src="//play.pokemonshowdown.com/js/battle-tooltips.js?0.7580118955022959"></script>
<script defer src="//play.pokemonshowdown.com/js/battle.js?0.6057722274234274"></script>

<script defer src="js/utils.js?e31f9a17"></script>
<script defer src="js/replays-battle.js?7008c182"></script>

<!-- don't scrape this data! just add .json or .log after the URL!
Full API docs: https://github.com/smogon/pokemon-showdown-client/blob/master/WEB-API.md -->
<script type="text/plain" class="log" id="replaylog-smogtours-gen3ou-801614">
|inactive|Battle timer is ON: inactive players will automatically lose when time's up.
|t:|1729798696
|gametype|singles
|player|p1|p0lt|#agplivlionsden|
|player|p2|Venik777|265|
|teamsize|p1|6
|teamsize|p2|6
|gen|3
|tier|[Gen 3] OU
|rule|Sleep Clause Mod: Limit one foe put to sleep
|rule|Switch Priority Clause Mod: Faster Pokémon switch first
|rule|Species Clause: Limit one of each Pokémon
|rule|OHKO Clause: OHKO moves are banned
|rule|Evasion Items Clause: Evasion items are banned
|rule|Evasion Moves Clause: Evasion moves are banned
|rule|Endless Battle Clause: Forcing endless battles is banned
|rule|HP Percentage Mod: HP is shown in percentages
|rule|One Boost Passer Clause: Limit one Baton Passer that has a way to boost its stats
|rule|Freeze Clause Mod: Limit one foe frozen
|
|t:|1729798696
|start
|switch|p1a: Vaporeon|Vaporeon, M|100/100
|switch|p2a: jopa|Jirachi|100/100
|turn|1
|inactive|p0lt also wants the timer to be on.
|c|☆p0lt|hf
|inactive|Venik777 has 270 seconds left.
|
|t:|1729798729
|switch|p2a: pizda|Blissey, F|100/100
|move|p1a: Vaporeon|Hydro Pump|p2a: pizda
|-damage|p2a: pizda|75/100
|
|-heal|p2a: pizda|81/100|[from] item: Leftovers
|upkeep
|turn|2
|c|☆Venik777|same
|
|t:|1729798738
|move|p1a: Vaporeon|Substitute|p1a: Vaporeon
|-start|p1a: Vaporeon|Substitute
|-damage|p1a: Vaporeon|75/100
|move|p2a: pizda|Calm Mind|p2a: pizda
|-boost|p2a: pizda|spa|1
|-boost|p2a: pizda|spd|1
|
|-heal|p1a: Vaporeon|82/100|[from] item: Leftovers
|-heal|p2a: pizda|88/100|[from] item: Leftovers
|upkeep
|turn|3
|
|t:|1729798740
|move|p1a: Vaporeon|Baton Pass|p1a: Vaporeon
|
|t:|1729798742
|switch|p1a: Dugtrio|Dugtrio, M|100/100|[from] Baton Pass
|move|p2a: pizda|Thunderbolt|p1a: Dugtrio
|-immune|p1a: Dugtrio
|
|-heal|p2a: pizda|94/100|[from] item: Leftovers
|upkeep
|turn|4
|
|t:|1729798761
|move|p1a: Dugtrio|Beat Up|p2a: pizda
|-damage|p2a: pizda|85/100
|-damage|p2a: pizda|74/100
|-crit|p2a: pizda
|-damage|p2a: pizda|42/100
|-damage|p2a: pizda|33/100
|-crit|p2a: pizda
|-damage|p2a: pizda|18/100
|-damage|p2a: pizda|10/100
|-hitcount|p2a: pizda|6
|move|p2a: pizda|Ice Beam|p1a: Dugtrio
|-supereffective|p1a: Dugtrio
|-end|p1a: Dugtrio|Substitute
|
|-heal|p2a: pizda|16/100|[from] item: Leftovers
|upkeep
|turn|5
|
|t:|1729798774
|move|p1a: Dugtrio|Beat Up|p2a: pizda
|-crit|p2a: pizda
|-damage|p2a: pizda|0 fnt
|-hitcount|p2a: pizda|1
|faint|p2a: pizda
|inactive|Venik777 has 270 seconds left.
|
|t:|1729798797
|switch|p2a: skakarmory|Skarmory, M|100/100
|
|upkeep
|turn|6
|
|t:|1729798802
|switch|p1a: Zapdos|Zapdos|100/100
|move|p2a: skakarmory|Spikes|p1a: Zapdos
|-sidestart|p1: p0lt|Spikes
|
|upkeep
|turn|7
|inactive|Venik777 has 270 seconds left.
|
|t:|1729798828
|switch|p2a: joplin457|Swampert, M|100/100
|move|p1a: Zapdos|Substitute|p1a: Zapdos
|-start|p1a: Zapdos|Substitute
|-damage|p1a: Zapdos|76/100
|
|-heal|p1a: Zapdos|82/100|[from] item: Leftovers
|upkeep
|turn|8
|inactive|Venik777 has 270 seconds left.
|
|t:|1729798846
|move|p2a: joplin457|Protect|p2a: joplin457
|-singleturn|p2a: joplin457|Protect
|move|p1a: Zapdos|Hidden Power|p2a: joplin457
|-activate|p2a: joplin457|Protect
|
|-heal|p1a: Zapdos|88/100|[from] item: Leftovers
|upkeep
|turn|9
|
|t:|1729798859
|move|p1a: Zapdos|Hidden Power|p2a: joplin457
|-supereffective|p2a: joplin457
|-damage|p2a: joplin457|15/100
|move|p2a: joplin457|Ice Beam|p1a: Zapdos
|-supereffective|p1a: Zapdos
|-end|p1a: Zapdos|Substitute
|
|-heal|p1a: Zapdos|94/100|[from] item: Leftovers
|-heal|p2a: joplin457|21/100|[from] item: Leftovers
|upkeep
|turn|10
|
|t:|1729798866
|switch|p2a: jopa|Jirachi|100/100
|move|p1a: Zapdos|Substitute|p1a: Zapdos
|-start|p1a: Zapdos|Substitute
|-damage|p1a: Zapdos|69/100
|
|-heal|p1a: Zapdos|76/100|[from] item: Leftovers
|upkeep
|turn|11
|inactive|Venik777 has 270 seconds left.
|
|t:|1729798877
|switch|p2a: joplin457|Swampert, M|21/100
|move|p1a: Zapdos|Thunderbolt|p2a: joplin457
|-immune|p2a: joplin457
|
|-heal|p1a: Zapdos|82/100|[from] item: Leftovers
|-heal|p2a: joplin457|28/100|[from] item: Leftovers
|upkeep
|turn|12
|
|t:|1729798879
|move|p2a: joplin457|Protect|p2a: joplin457
|-singleturn|p2a: joplin457|Protect
|move|p1a: Zapdos|Hidden Power|p2a: joplin457
|-activate|p2a: joplin457|Protect
|
|-heal|p1a: Zapdos|88/100|[from] item: Leftovers
|-heal|p2a: joplin457|34/100|[from] item: Leftovers
|upkeep
|turn|13
|
|t:|1729798885
|switch|p2a: skakarmory|Skarmory, M|100/100
|move|p1a: Zapdos|Hidden Power|p2a: skakarmory
|-resisted|p2a: skakarmory
|-damage|p2a: skakarmory|95/100
|
|-heal|p1a: Zapdos|94/100|[from] item: Leftovers
|-heal|p2a: skakarmory|100/100|[from] item: Leftovers
|upkeep
|turn|14
|
|t:|1729798888
|switch|p2a: joplin457|Swampert, M|34/100
|move|p1a: Zapdos|Thunderbolt|p2a: joplin457
|-immune|p2a: joplin457
|
|-heal|p1a: Zapdos|100/100|[from] item: Leftovers
|-heal|p2a: joplin457|40/100|[from] item: Leftovers
|upkeep
|turn|15
|
|t:|1729798890
|move|p2a: joplin457|Protect|p2a: joplin457
|-singleturn|p2a: joplin457|Protect
|move|p1a: Zapdos|Hidden Power|p2a: joplin457
|-activate|p2a: joplin457|Protect
|
|-heal|p2a: joplin457|46/100|[from] item: Leftovers
|upkeep
|turn|16
|
|t:|1729798898
|switch|p2a: skakarmory|Skarmory, M|100/100
|move|p1a: Zapdos|Hidden Power|p2a: skakarmory
|-resisted|p2a: skakarmory
|-damage|p2a: skakarmory|94/100
|
|-heal|p2a: skakarmory|100/100|[from] item: Leftovers
|upkeep
|turn|17
|
|t:|1729798912
|move|p1a: Zapdos|Thunderbolt|p2a: skakarmory
|-supereffective|p2a: skakarmory
|-damage|p2a: skakarmory|0 fnt
|faint|p2a: skakarmory
|inactive|Venik777 has 270 seconds left.
|inactive|Venik777 has 240 seconds left.
|
|t:|1729798972
|switch|p2a: lustra nahuy|Tyranitar, F|100/100
|-weather|Sandstorm|[from] ability: Sand Stream|[of] p2a: lustra nahuy
|
|-weather|Sandstorm|[upkeep]
|-damage|p1a: Zapdos|94/100|[from] Sandstorm
|-heal|p1a: Zapdos|100/100|[from] item: Leftovers
|upkeep
|turn|18
|inactive|Venik777 has 240 seconds left.
|
|t:|1729798986
|switch|p2a: joplin457|Swampert, M|46/100
|move|p1a: Zapdos|Thunderbolt|p2a: joplin457
|-immune|p2a: joplin457
|
|-weather|Sandstorm|[upkeep]
|-damage|p1a: Zapdos|94/100|[from] Sandstorm
|-heal|p1a: Zapdos|100/100|[from] item: Leftovers
|-heal|p2a: joplin457|52/100|[from] item: Leftovers
|upkeep
|turn|19
|
|t:|1729798989
|move|p2a: joplin457|Protect|p2a: joplin457
|-singleturn|p2a: joplin457|Protect
|move|p1a: Zapdos|Hidden Power|p2a: joplin457
|-activate|p2a: joplin457|Protect
|
|-weather|Sandstorm|[upkeep]
|-damage|p1a: Zapdos|94/100|[from] Sandstorm
|-heal|p1a: Zapdos|100/100|[from] item: Leftovers
|-heal|p2a: joplin457|59/100|[from] item: Leftovers
|upkeep
|turn|20
|
|t:|1729799001
|switch|p2a: Egor|Charizard, M|100/100
|move|p1a: Zapdos|Hidden Power|p2a: Egor
|-resisted|p2a: Egor
|-damage|p2a: Egor|92/100
|
|-weather|Sandstorm|[upkeep]
|-damage|p2a: Egor|86/100|[from] Sandstorm
|-damage|p1a: Zapdos|94/100|[from] Sandstorm
|-heal|p2a: Egor|92/100|[from] item: Leftovers
|-heal|p1a: Zapdos|100/100|[from] item: Leftovers
|upkeep
|turn|21
|
|t:|1729799004
|switch|p2a: joplin457|Swampert, M|59/100
|move|p1a: Zapdos|Thunderbolt|p2a: joplin457
|-immune|p2a: joplin457
|
|-weather|Sandstorm|[upkeep]
|-damage|p1a: Zapdos|94/100|[from] Sandstorm
|-heal|p1a: Zapdos|100/100|[from] item: Leftovers
|-heal|p2a: joplin457|65/100|[from] item: Leftovers
|upkeep
|turn|22
|
|t:|1729799007
|move|p2a: joplin457|Protect|p2a: joplin457
|-singleturn|p2a: joplin457|Protect
|move|p1a: Zapdos|Hidden Power|p2a: joplin457
|-activate|p2a: joplin457|Protect
|
|-weather|Sandstorm|[upkeep]
|-damage|p1a: Zapdos|94/100|[from] Sandstorm
|-heal|p1a: Zapdos|100/100|[from] item: Leftovers
|-heal|p2a: joplin457|71/100|[from] item: Leftovers
|upkeep
|turn|23
|
|t:|1729799010
|switch|p2a: Egor|Charizard, M|92/100
|move|p1a: Zapdos|Hidden Power|p2a: Egor
|-resisted|p2a: Egor
|-damage|p2a: Egor|83/100
|
|-weather|Sandstorm|[upkeep]
|-damage|p2a: Egor|77/100|[from] Sandstorm
|-damage|p1a: Zapdos|94/100|[from] Sandstorm
|-heal|p2a: Egor|83/100|[from] item: Leftovers
|-heal|p1a: Zapdos|100/100|[from] item: Leftovers
|upkeep
|turn|24
|
|t:|1729799013
|switch|p2a: joplin457|Swampert, M|71/100
|move|p1a: Zapdos|Hidden Power|p2a: joplin457
|-supereffective|p2a: joplin457
|-damage|p2a: joplin457|0 fnt
|faint|p2a: joplin457
|
|t:|1729799017
|switch|p2a: Egor|Charizard, M|83/100
|
|-weather|Sandstorm|[upkeep]
|-damage|p2a: Egor|77/100|[from] Sandstorm
|-damage|p1a: Zapdos|94/100|[from] Sandstorm
|-heal|p2a: Egor|83/100|[from] item: Leftovers
|-heal|p1a: Zapdos|100/100|[from] item: Leftovers
|upkeep
|turn|25
|
|t:|1729799019
|move|p2a: Egor|Beat Up|p1a: Zapdos
|-activate|p1a: Zapdos|Substitute|[damage]
|-activate|p1a: Zapdos|Substitute|[damage]
|-activate|p1a: Zapdos|Substitute|[damage]
|-hitcount|p1a: Zapdos|3
|move|p1a: Zapdos|Thunderbolt|p2a: Egor
|-supereffective|p2a: Egor
|-damage|p2a: Egor|0 fnt
|faint|p2a: Egor
|
|t:|1729799022
|switch|p2a: lustra nahuy|Tyranitar, F|100/100
|
|-weather|Sandstorm|[upkeep]
|-damage|p1a: Zapdos|94/100|[from] Sandstorm
|-heal|p1a: Zapdos|100/100|[from] item: Leftovers
|upkeep
|turn|26
|
|t:|1729799024
|move|p1a: Zapdos|Thunderbolt|p2a: lustra nahuy
|-damage|p2a: lustra nahuy|57/100
|move|p2a: lustra nahuy|Dragon Dance|p2a: lustra nahuy
|-boost|p2a: lustra nahuy|atk|1
|-boost|p2a: lustra nahuy|spe|1
|
|-weather|Sandstorm|[upkeep]
|-damage|p1a: Zapdos|94/100|[from] Sandstorm
|-heal|p2a: lustra nahuy|63/100|[from] item: Leftovers
|-heal|p1a: Zapdos|100/100|[from] item: Leftovers
|upkeep
|turn|27
|
|t:|1729799026
|move|p2a: lustra nahuy|Rock Slide|p1a: Zapdos
|-supereffective|p1a: Zapdos
|-end|p1a: Zapdos|Substitute
|move|p1a: Zapdos|Thunderbolt|p2a: lustra nahuy
|-damage|p2a: lustra nahuy|19/100
|-status|p2a: lustra nahuy|par
|
|-weather|Sandstorm|[upkeep]
|-damage|p1a: Zapdos|94/100|[from] Sandstorm
|-heal|p1a: Zapdos|100/100|[from] item: Leftovers
|-heal|p2a: lustra nahuy|25/100 par|[from] item: Leftovers
|upkeep
|turn|28
|
|t:|1729799029
|move|p1a: Zapdos|Thunderbolt|p2a: lustra nahuy
|-damage|p2a: lustra nahuy|0 fnt
|faint|p2a: lustra nahuy
|
|t:|1729799031
|switch|p2a: jopa|Jirachi|100/100
|
|-weather|Sandstorm|[upkeep]
|-damage|p1a: Zapdos|94/100|[from] Sandstorm
|-heal|p1a: Zapdos|100/100|[from] item: Leftovers
|upkeep
|turn|29
|
|t:|1729799033
|move|p1a: Zapdos|Thunderbolt|p2a: jopa
|-damage|p2a: jopa|42/100
|-status|p2a: jopa|par
|move|p2a: jopa|Dynamic Punch|p1a: Zapdos|[miss]
|-miss|p2a: jopa|p1a: Zapdos
|
|-weather|Sandstorm|[upkeep]
|-damage|p1a: Zapdos|94/100|[from] Sandstorm
|-heal|p1a: Zapdos|100/100|[from] item: Leftovers
|-heal|p2a: jopa|48/100 par|[from] item: Leftovers
|upkeep
|turn|30
|
|t:|1729799039
|move|p1a: Zapdos|Thunderbolt|p2a: jopa
|-damage|p2a: jopa|0 fnt
|faint|p2a: jopa
|
|win|p0lt
|player|p2|
|c|☆p0lt|gg
|player|p1|
|player|p2|Venik777|265|

</script>
<script type="application/json" class="data" id="replaydata-smogtours-gen3ou-801614">
{"id":"smogtours-gen3ou-801614","format":"[Gen 3] OU","players":["p0lt","Venik777"],"uploadtime":1729799039,"views":75,"formatid":"gen3ou","rating":null,"private":0,"password":null}
</script>

<script defer src="js/replays.js?9d40a366"></script>
