<!DOCTYPE html>
<meta charset="utf-8" />
<meta name="viewport" content="width=device-width" />

<title>[Gen 3] OU: FlappleFan20 vs. rezzo64 - Replays - Pok&eacute;mon Showdown!</title>

<meta name="description" content="Watch a replay of a Pok&eacute;mon battle between FlappleFan20 and rezzo64! Format: [Gen 3] OU; Date: Nov 3, 2024" />
<!--

Hey, you! Looking in the source for the replay log?

You can find them in JSON format, just add `.json` at the end of a replay URL.

https://replay.pokemonshowdown.com/gen7randomdoublesbattle-865046831.json

Or, if you only need the log itself, add `.log` instead:

https://replay.pokemonshowdown.com/gen7randomdoublesbattle-865046831.log

-->

<link rel="stylesheet" href="//pokemonshowdown.com/style/global.css?0.023195364461161105" />
<link rel="stylesheet" href="//play.pokemonshowdown.com/style/font-awesome.css?0.13261647063804238" />
<link rel="stylesheet" href="//play.pokemonshowdown.com/style/battle.css?0.8753245789963631" />
<link rel="stylesheet" href="//play.pokemonshowdown.com/style/utilichart.css?0.8627959624976733" />

<!-- Global site tag (gtag.js) - Google Analytics -->
<script async src="https://www.googletagmanager.com/gtag/js?id=UA-26211653-1"></script>
<script>
  window.dataLayer = window.dataLayer || [];
  function gtag(){dataLayer.push(arguments);}
  gtag('js', new Date());

  gtag('config', 'UA-26211653-1');
</script>
<!-- End Google Analytics -->
<!-- Venatus Ad Manager - Install in <HEAD> of page -->
	<script src="https://hb.vntsm.com/v3/live/ad-manager.min.js" type="text/javascript" data-site-id="642aba63ec9a7b11c3c9c1be" data-mode="scan" async></script>
<!-- / Venatus Ad Manager -->

<style>
	@media (max-width:820px) {
		.battle {
			margin: 0 auto;
		}
		.battle-log {
			margin: 7px auto 0;
			max-width: 640px;
			height: 300px;
			position: static;
		}
	}
	.optgroup {
		display: inline-block;
		line-height: 22px;
		font-size: 10pt;
	}
	.optgroup .button {
		height: 25px;
		padding-top: 0;
		padding-bottom: 0;
	}
	.optgroup button.button {
		padding-left: 12px;
		padding-right: 12px;
	}
	.linklist {
		list-style: none;
		margin: 0.5em 0;
		padding: 0;
	}
	.linklist li {
		padding: 2px 0;
	}
	.sidebar {
		float: left;
		width: 320px;
	}
	.bar-wrapper {
		max-width: 1100px;
		margin: 0 auto;
	}
	.bar-wrapper.has-sidebar {
		max-width: 1430px;
	}
	.mainbar {
		margin: 0;
		padding-right: 1px;
	}
	.mainbar.has-sidebar {
		margin-left: 330px;
	}
	@media (min-width: 1511px) {
		.sidebar {
			width: 400px;
		}
		.bar-wrapper.has-sidebar {
			max-width: 1510px;
		}
		.mainbar.has-sidebar {
			margin-left: 410px;
		}
	}
	.section.first-section {
		margin-top: 9px;
	}
	.blocklink small {
		white-space: normal;
	}
	.button {
		vertical-align: middle;
	}
	.replay-controls {
		padding-top: 10px;
	}
	.replay-controls h1 {
		font-size: 16pt;
		font-weight: normal;
		color: #CCC;
	}
	.pagelink {
		text-align: center;
	}
	.pagelink a {
		width: 150px;
	}
	.textbox, .button {
		font-size: 11pt;
		vertical-align: middle;
	}
	@media (max-width: 450px) {
		.button {
			font-size: 9pt;
		}
	}
</style>

<div>

	<header>
		<div class="nav-wrapper"><ul class="nav">
			<li><a class="button nav-first" href="//pokemonshowdown.com/"><img src="//pokemonshowdown.com/images/pokemonshowdownbeta.png" srcset="//pokemonshowdown.com/images/pokemonshowdownbeta.png 1x, //pokemonshowdown.com/images/pokemonshowdownbeta@2x.png 2x" alt="Pok&eacute;mon Showdown" width="146" height="44" /> Home</a></li>
			<li><a class="button" href="//pokemonshowdown.com/dex/">Pok&eacute;dex</a></li>
			<li><a class="button cur" href="/">Replays</a></li>
			<li><a class="button" href="//pokemonshowdown.com/ladder/">Ladder</a></li>
			<li><a class="button nav-last" href="//pokemonshowdown.com/forums/">Forum</a></li>
			<li><a class="button greenbutton nav-first nav-last" href="//play.pokemonshowdown.com/">Play</a></li>
		</ul></div>
	</header>

	<div class="main" id="main">

		<noscript><section class="section">You need to enable JavaScript to use this page; sorry!</section></noscript>

	</div>

</div>

<script defer nomodule src="//play.pokemonshowdown.com/js/lib/ps-polyfill.js"></script>
<script defer src="//play.pokemonshowdown.com/js/lib/preact.min.js"></script>

<script defer src="//play.pokemonshowdown.com/config/config.js?2bddbc15"></script>
<script defer src="//play.pokemonshowdown.com/js/lib/jquery-1.11.0.min.js"></script>
<script defer src="//play.pokemonshowdown.com/js/lib/html-sanitizer-minified.js"></script>
<script defer src="//play.pokemonshowdown.com/js/battle-sound.js"></script>
<script defer src="//play.pokemonshowdown.com/js/battledata.js?0.7209276989879541"></script>
<script defer src="//play.pokemonshowdown.com/data/pokedex-mini.js?0.6111056340867951"></script>
<script defer src="//play.pokemonshowdown.com/data/pokedex-mini-bw.js?0.3532142036491459"></script>
<script defer src="//play.pokemonshowdown.com/data/graphics.js?0.24223875632456182"></script>
<script defer src="//play.pokemonshowdown.com/data/pokedex.js?0.38839984266356864"></script>
<script defer src="//play.pokemonshowdown.com/data/moves.js?0.21866028504024015"></script>
<script defer src="//play.pokemonshowdown.com/data/abilities.js?0.2005157953846628"></script>
<script defer src="//play.pokemonshowdown.com/data/items.js?0.9894211263848525"></script>
<script defer src="//play.pokemonshowdown.com/data/teambuilder-tables.js?0.6008791140282215"></script>
<script defer src="//play.pokemonshowdown.com/js/battle-tooltips.js?0.7580118955022959"></script>
<script defer src="//play.pokemonshowdown.com/js/battle.js?0.6057722274234274"></script>

<script defer src="js/utils.js?e31f9a17"></script>
<script defer src="js/replays-battle.js?7008c182"></script>

<!-- don't scrape this data! just add .json or .log after the URL!
Full API docs: https://github.com/smogon/pokemon-showdown-client/blob/master/WEB-API.md -->
<script type="text/plain" class="log" id="replaylog-smogtours-gen3ou-804372">
|inactive|Battle timer is ON: inactive players will automatically lose when time's up.
|t:|1730650306
|gametype|singles
|player|p1|FlappleFan20|swimmer-gen1|
|player|p2|rezzo64|worker|
|teamsize|p1|6
|teamsize|p2|6
|gen|3
|tier|[Gen 3] OU
|rule|Sleep Clause Mod: Limit one foe put to sleep
|rule|Switch Priority Clause Mod: Faster Pokémon switch first
|rule|Species Clause: Limit one of each Pokémon
|rule|OHKO Clause: OHKO moves are banned
|rule|Evasion Items Clause: Evasion items are banned
|rule|Evasion Moves Clause: Evasion moves are banned
|rule|Endless Battle Clause: Forcing endless battles is banned
|rule|HP Percentage Mod: HP is shown in percentages
|rule|One Boost Passer Clause: Limit one Baton Passer that has a way to boost its stats
|rule|Freeze Clause Mod: Limit one foe frozen
|
|t:|1730650306
|start
|switch|p1a: Tyranitar|Tyranitar, M|100/100
|switch|p2a: 小呆|Tyranitar, F, shiny|100/100
|-weather|Sandstorm|[from] ability: Sand Stream|[of] p1a: Tyranitar
|turn|1
|inactive|rezzo64 has 270 seconds left.
|
|t:|1730650337
|switch|p1a: Skarmory|Skarmory, M|100/100
|move|p2a: 小呆|Earthquake|p1a: Skarmory
|-immune|p1a: Skarmory
|
|-weather|Sandstorm|[upkeep]
|upkeep
|turn|2
|
|t:|1730650360
|switch|p2a: Gengar|Gengar, F|100/100
|move|p1a: Skarmory|Thief|p2a: Gengar
|-supereffective|p2a: Gengar
|-damage|p2a: Gengar|89/100
|-enditem|p2a: Gengar|Leftovers|[silent]|[from] move: Thief|[of] p1a: Skarmory
|-item|p1a: Skarmory|Leftovers|[from] move: Thief|[of] p2a: Gengar
|
|-weather|Sandstorm|[upkeep]
|-damage|p2a: Gengar|83/100|[from] Sandstorm
|upkeep
|turn|3
|
|t:|1730650373
|switch|p2a: 西瓜|Cloyster, M, shiny|100/100
|move|p1a: Skarmory|Protect||[still]
|-fail|p1a: Skarmory
|
|-weather|Sandstorm|[upkeep]
|-damage|p2a: 西瓜|95/100|[from] Sandstorm
|-heal|p2a: 西瓜|100/100|[from] item: Leftovers
|upkeep
|turn|4
|inactive|rezzo64 has 270 seconds left.
|inactive|rezzo64 has 240 seconds left.
|inactive|rezzo64 has 210 seconds left.
|
|t:|1730650462
|move|p1a: Skarmory|Spikes|p2a: 西瓜
|-sidestart|p2: rezzo64|Spikes
|move|p2a: 西瓜|Spikes|p1a: Skarmory
|-sidestart|p1: FlappleFan20|Spikes
|
|-weather|Sandstorm|[upkeep]
|-damage|p2a: 西瓜|95/100|[from] Sandstorm
|-heal|p2a: 西瓜|100/100|[from] item: Leftovers
|upkeep
|turn|5
|inactive|rezzo64 has 210 seconds left.
|
|t:|1730650475
|move|p1a: Skarmory|Spikes|p2a: 西瓜
|-sidestart|p2: rezzo64|Spikes
|move|p2a: 西瓜|Rapid Spin|p1a: Skarmory
|-resisted|p1a: Skarmory
|-damage|p1a: Skarmory|99/100
|-sideend|p2: rezzo64|Spikes|[from] move: Rapid Spin|[of] p2a: 西瓜
|
|-weather|Sandstorm|[upkeep]
|-damage|p2a: 西瓜|95/100|[from] Sandstorm
|-heal|p1a: Skarmory|100/100|[from] item: Leftovers
|-heal|p2a: 西瓜|100/100|[from] item: Leftovers
|upkeep
|turn|6
|inactive|rezzo64 has 210 seconds left.
|
|t:|1730650489
|move|p1a: Skarmory|Spikes|p2a: 西瓜
|-sidestart|p2: rezzo64|Spikes
|move|p2a: 西瓜|Ice Beam|p1a: Skarmory
|-damage|p1a: Skarmory|72/100
|
|-weather|Sandstorm|[upkeep]
|-damage|p2a: 西瓜|95/100|[from] Sandstorm
|-heal|p1a: Skarmory|78/100|[from] item: Leftovers
|-heal|p2a: 西瓜|100/100|[from] item: Leftovers
|upkeep
|turn|7
|inactive|rezzo64 has 210 seconds left.
|
|t:|1730650496
|move|p2a: 西瓜|Rapid Spin|p1a: Skarmory
|-resisted|p1a: Skarmory
|-damage|p1a: Skarmory|77/100
|-sideend|p2: rezzo64|Spikes|[from] move: Rapid Spin|[of] p2a: 西瓜
|move|p1a: Skarmory|Roar|p2a: 西瓜
|drag|p2a: Aerodactyl|Aerodactyl, M|100/100
|
|-weather|Sandstorm|[upkeep]
|-heal|p1a: Skarmory|83/100|[from] item: Leftovers
|upkeep
|turn|8
|
|t:|1730650505
|switch|p2a: 西瓜|Cloyster, M, shiny|100/100
|move|p1a: Skarmory|Protect||[still]
|-fail|p1a: Skarmory
|
|-weather|Sandstorm|[upkeep]
|-damage|p2a: 西瓜|95/100|[from] Sandstorm
|-heal|p1a: Skarmory|89/100|[from] item: Leftovers
|-heal|p2a: 西瓜|100/100|[from] item: Leftovers
|upkeep
|turn|9
|
|t:|1730650511
|move|p2a: 西瓜|Ice Beam|p1a: Skarmory
|-damage|p1a: Skarmory|64/100
|move|p1a: Skarmory|Roar|p2a: 西瓜
|drag|p2a: Blissey|Blissey, F|100/100
|
|-weather|Sandstorm|[upkeep]
|-damage|p2a: Blissey|94/100|[from] Sandstorm
|-heal|p1a: Skarmory|70/100|[from] item: Leftovers
|-heal|p2a: Blissey|100/100|[from] item: Leftovers
|upkeep
|turn|10
|
|t:|1730650528
|switch|p1a: Metagross|Metagross|100/100
|-damage|p1a: Metagross|88/100|[from] Spikes
|switch|p2a: 西瓜|Cloyster, M, shiny|100/100
|
|-weather|Sandstorm|[upkeep]
|-damage|p2a: 西瓜|95/100|[from] Sandstorm
|-heal|p1a: Metagross|94/100|[from] item: Leftovers
|-heal|p2a: 西瓜|100/100|[from] item: Leftovers
|upkeep
|turn|11
|
|t:|1730650544
|switch|p2a: Swampert|Swampert, F|100/100
|move|p1a: Metagross|Meteor Mash|p2a: Swampert
|-resisted|p2a: Swampert
|-damage|p2a: Swampert|85/100
|-boost|p1a: Metagross|atk|1
|
|-weather|Sandstorm|[upkeep]
|-heal|p1a: Metagross|99/100|[from] item: Leftovers
|-heal|p2a: Swampert|91/100|[from] item: Leftovers
|upkeep
|turn|12
|inactive|rezzo64 has 210 seconds left.
|
|t:|1730650571
|switch|p1a: Blissey|Blissey, F|100/100
|-damage|p1a: Blissey|88/100|[from] Spikes
|move|p2a: Swampert|Protect||[still]
|-fail|p2a: Swampert
|
|-weather|Sandstorm|[upkeep]
|-damage|p1a: Blissey|82/100|[from] Sandstorm
|-heal|p2a: Swampert|97/100|[from] item: Leftovers
|-heal|p1a: Blissey|88/100|[from] item: Leftovers
|upkeep
|turn|13
|inactive|rezzo64 has 210 seconds left.
|
|t:|1730650589
|move|p2a: Swampert|Earthquake|p1a: Blissey
|-damage|p1a: Blissey|55/100
|move|p1a: Blissey|Sing|p2a: Swampert
|-status|p2a: Swampert|slp|[from] move: Sing
|
|-weather|Sandstorm|[upkeep]
|-damage|p1a: Blissey|49/100|[from] Sandstorm
|-heal|p2a: Swampert|100/100 slp|[from] item: Leftovers
|-heal|p1a: Blissey|55/100|[from] item: Leftovers
|upkeep
|turn|14
|inactive|rezzo64 has 210 seconds left.
|
|t:|1730650597
|switch|p1a: Tyranitar|Tyranitar, M|100/100
|-damage|p1a: Tyranitar|88/100|[from] Spikes
|cant|p2a: Swampert|slp
|
|-weather|Sandstorm|[upkeep]
|-heal|p1a: Tyranitar|94/100|[from] item: Leftovers
|upkeep
|turn|15
|inactive|rezzo64 has 210 seconds left.
|inactive|rezzo64 has 180 seconds left.
|inactive|rezzo64 has 150 seconds left.
|
|t:|1730650679
|switch|p2a: Blissey|Blissey, F|100/100
|move|p1a: Tyranitar|Hidden Power|p2a: Blissey
|-damage|p2a: Blissey|92/100
|
|-weather|Sandstorm|[upkeep]
|-damage|p2a: Blissey|86/100|[from] Sandstorm
|-heal|p1a: Tyranitar|99/100|[from] item: Leftovers
|-heal|p2a: Blissey|92/100|[from] item: Leftovers
|upkeep
|turn|16
|
|t:|1730650689
|switch|p1a: Metagross|Metagross|99/100
|-damage|p1a: Metagross|88/100|[from] Spikes
|move|p2a: Blissey|Toxic|p1a: Metagross
|-immune|p1a: Metagross
|
|-weather|Sandstorm|[upkeep]
|-damage|p2a: Blissey|86/100|[from] Sandstorm
|-heal|p1a: Metagross|94/100|[from] item: Leftovers
|-heal|p2a: Blissey|92/100|[from] item: Leftovers
|upkeep
|turn|17
|inactive|rezzo64 has 150 seconds left.
|
|t:|1730650707
|move|p1a: Metagross|Meteor Mash|p2a: Blissey
|-damage|p2a: Blissey|42/100
|move|p2a: Blissey|Thunderbolt|p1a: Metagross
|-damage|p1a: Metagross|67/100
|
|-weather|Sandstorm|[upkeep]
|-damage|p2a: Blissey|36/100|[from] Sandstorm
|-heal|p1a: Metagross|73/100|[from] item: Leftovers
|-heal|p2a: Blissey|42/100|[from] item: Leftovers
|upkeep
|turn|18
|
|t:|1730650720
|switch|p2a: Swampert|Swampert, F|100/100 slp
|move|p1a: Metagross|Meteor Mash|p2a: Swampert
|-resisted|p2a: Swampert
|-damage|p2a: Swampert|85/100 slp
|-boost|p1a: Metagross|atk|1
|
|-weather|Sandstorm|[upkeep]
|-heal|p1a: Metagross|80/100|[from] item: Leftovers
|-heal|p2a: Swampert|91/100 slp|[from] item: Leftovers
|upkeep
|turn|19
|
|t:|1730650737
|switch|p1a: Tyranitar|Tyranitar, M|99/100
|-damage|p1a: Tyranitar|88/100|[from] Spikes
|cant|p2a: Swampert|slp
|
|-weather|Sandstorm|[upkeep]
|-heal|p1a: Tyranitar|94/100|[from] item: Leftovers
|-heal|p2a: Swampert|97/100 slp|[from] item: Leftovers
|upkeep
|turn|20
|
|t:|1730650744
|move|p1a: Tyranitar|Hidden Power|p2a: Swampert
|-supereffective|p2a: Swampert
|-damage|p2a: Swampert|21/100 slp
|-curestatus|p2a: Swampert|slp|[msg]
|move|p2a: Swampert|Surf|p1a: Tyranitar
|-supereffective|p1a: Tyranitar
|-damage|p1a: Tyranitar|20/100
|
|-weather|Sandstorm|[upkeep]
|-heal|p1a: Tyranitar|26/100|[from] item: Leftovers
|-heal|p2a: Swampert|28/100|[from] item: Leftovers
|upkeep
|turn|21
|inactive|rezzo64 has 150 seconds left.
|
|t:|1730650774
|move|p2a: Swampert|Protect|p2a: Swampert
|-singleturn|p2a: Swampert|Protect
|move|p1a: Tyranitar|Pursuit|p2a: Swampert
|-activate|p2a: Swampert|Protect
|
|-weather|Sandstorm|[upkeep]
|-heal|p1a: Tyranitar|32/100|[from] item: Leftovers
|-heal|p2a: Swampert|34/100|[from] item: Leftovers
|upkeep
|turn|22
|inactive|rezzo64 has 120 seconds left.
|
|t:|1730650810
|-activate|p2a: Swampert|move: Pursuit
|move|p1a: Tyranitar|Pursuit|p2a: Swampert|[from]Pursuit
|-damage|p2a: Swampert|0 fnt
|faint|p2a: Swampert
|-hint|Previously chosen switches continue in Gen 2-4 after a Pursuit target faints.
|switch|p2a: Blissey|Blissey, F|42/100
|
|-weather|Sandstorm|[upkeep]
|-damage|p2a: Blissey|36/100|[from] Sandstorm
|-heal|p1a: Tyranitar|38/100|[from] item: Leftovers
|-heal|p2a: Blissey|42/100|[from] item: Leftovers
|upkeep
|turn|23
|
|t:|1730650833
|switch|p1a: Blissey|Blissey, F|55/100
|-damage|p1a: Blissey|43/100|[from] Spikes
|move|p2a: Blissey|Thunderbolt|p1a: Blissey
|-damage|p1a: Blissey|32/100
|
|-weather|Sandstorm|[upkeep]
|-damage|p2a: Blissey|36/100|[from] Sandstorm
|-damage|p1a: Blissey|26/100|[from] Sandstorm
|-heal|p2a: Blissey|42/100|[from] item: Leftovers
|-heal|p1a: Blissey|32/100|[from] item: Leftovers
|upkeep
|turn|24
|
|t:|1730650843
|move|p2a: Blissey|Soft-Boiled|p2a: Blissey
|-heal|p2a: Blissey|92/100
|move|p1a: Blissey|Soft-Boiled|p1a: Blissey
|-heal|p1a: Blissey|82/100
|
|-weather|Sandstorm|[upkeep]
|-damage|p2a: Blissey|86/100|[from] Sandstorm
|-damage|p1a: Blissey|76/100|[from] Sandstorm
|-heal|p2a: Blissey|92/100|[from] item: Leftovers
|-heal|p1a: Blissey|82/100|[from] item: Leftovers
|upkeep
|turn|25
|
|t:|1730650846
|move|p2a: Blissey|Toxic|p1a: Blissey|[miss]
|-miss|p2a: Blissey|p1a: Blissey
|move|p1a: Blissey|Sing|p2a: Blissey|[miss]
|-miss|p1a: Blissey|p2a: Blissey
|
|-weather|Sandstorm|[upkeep]
|-damage|p2a: Blissey|86/100|[from] Sandstorm
|-damage|p1a: Blissey|76/100|[from] Sandstorm
|-heal|p2a: Blissey|92/100|[from] item: Leftovers
|-heal|p1a: Blissey|82/100|[from] item: Leftovers
|upkeep
|turn|26
|
|t:|1730650848
|move|p2a: Blissey|Toxic|p1a: Blissey
|-status|p1a: Blissey|tox
|move|p1a: Blissey|Sing|p2a: Blissey|[miss]
|-miss|p1a: Blissey|p2a: Blissey
|
|-weather|Sandstorm|[upkeep]
|-damage|p2a: Blissey|86/100|[from] Sandstorm
|-damage|p1a: Blissey|76/100 tox|[from] Sandstorm
|-heal|p2a: Blissey|92/100|[from] item: Leftovers
|-heal|p1a: Blissey|82/100 tox|[from] item: Leftovers
|-damage|p1a: Blissey|76/100 tox|[from] psn
|upkeep
|turn|27
|
|t:|1730650856
|move|p2a: Blissey|Thunderbolt|p1a: Blissey
|-crit|p1a: Blissey
|-damage|p1a: Blissey|57/100 tox
|move|p1a: Blissey|Sing|p2a: Blissey|[miss]
|-miss|p1a: Blissey|p2a: Blissey
|
|-weather|Sandstorm|[upkeep]
|-damage|p2a: Blissey|86/100|[from] Sandstorm
|-damage|p1a: Blissey|51/100 tox|[from] Sandstorm
|-heal|p2a: Blissey|92/100|[from] item: Leftovers
|-heal|p1a: Blissey|57/100 tox|[from] item: Leftovers
|-damage|p1a: Blissey|45/100 tox|[from] psn
|upkeep
|turn|28
|
|t:|1730650861
|move|p2a: Blissey|Thunderbolt|p1a: Blissey
|-damage|p1a: Blissey|34/100 tox
|move|p1a: Blissey|Soft-Boiled|p1a: Blissey
|-heal|p1a: Blissey|84/100 tox
|
|-weather|Sandstorm|[upkeep]
|-damage|p2a: Blissey|86/100|[from] Sandstorm
|-damage|p1a: Blissey|77/100 tox|[from] Sandstorm
|-heal|p2a: Blissey|92/100|[from] item: Leftovers
|-heal|p1a: Blissey|84/100 tox|[from] item: Leftovers
|-damage|p1a: Blissey|65/100 tox|[from] psn
|upkeep
|turn|29
|
|t:|1730650889
|switch|p2a: 小呆|Tyranitar, F, shiny|100/100
|-curestatus|p1a: Blissey|tox|[from] ability: Natural Cure
|switch|p1a: Tyranitar|Tyranitar, M|38/100
|-damage|p1a: Tyranitar|26/100|[from] Spikes
|
|-weather|Sandstorm|[upkeep]
|-heal|p1a: Tyranitar|32/100|[from] item: Leftovers
|upkeep
|turn|30
|
|t:|1730650905
|-singleturn|p2a: 小呆|move: Focus Punch
|move|p1a: Tyranitar|Hidden Power|p2a: 小呆
|-supereffective|p2a: 小呆
|-damage|p2a: 小呆|60/100
|move|p2a: 小呆|Focus Punch||[still]
|cant|p2a: 小呆|Focus Punch|Focus Punch
|
|-weather|Sandstorm|[upkeep]
|-heal|p1a: Tyranitar|38/100|[from] item: Leftovers
|-heal|p2a: 小呆|66/100|[from] item: Leftovers
|upkeep
|turn|31
|
|t:|1730650911
|move|p1a: Tyranitar|Hidden Power|p2a: 小呆
|-supereffective|p2a: 小呆
|-damage|p2a: 小呆|30/100
|move|p2a: 小呆|Earthquake|p1a: Tyranitar
|-supereffective|p1a: Tyranitar
|-damage|p1a: Tyranitar|0 fnt
|faint|p1a: Tyranitar
|
|t:|1730650916
|switch|p1a: Dugtrio|Dugtrio, M|100/100
|-damage|p1a: Dugtrio|88/100|[from] Spikes
|
|-weather|Sandstorm|[upkeep]
|-heal|p2a: 小呆|36/100|[from] item: Leftovers
|upkeep
|turn|32
|
|t:|1730650925
|move|p1a: Dugtrio|Earthquake|p2a: 小呆
|-supereffective|p2a: 小呆
|-damage|p2a: 小呆|0 fnt
|faint|p2a: 小呆
|inactive|rezzo64 has 150 seconds left.
|
|t:|1730650962
|switch|p2a: Aerodactyl|Aerodactyl, M|100/100
|
|-weather|Sandstorm|[upkeep]
|upkeep
|turn|33
|
|t:|1730650966
|switch|p1a: Skarmory|Skarmory, M|70/100
|move|p2a: Aerodactyl|Earthquake|p1a: Skarmory
|-immune|p1a: Skarmory
|
|-weather|Sandstorm|[upkeep]
|-heal|p1a: Skarmory|76/100|[from] item: Leftovers
|upkeep
|turn|34
|
|t:|1730650971
|switch|p2a: 西瓜|Cloyster, M, shiny|100/100
|move|p1a: Skarmory|Spikes|p2a: 西瓜
|-sidestart|p2: rezzo64|Spikes
|
|-weather|Sandstorm|[upkeep]
|-damage|p2a: 西瓜|95/100|[from] Sandstorm
|-heal|p1a: Skarmory|82/100|[from] item: Leftovers
|-heal|p2a: 西瓜|100/100|[from] item: Leftovers
|upkeep
|turn|35
|inactive|rezzo64 has 150 seconds left.
|
|t:|1730650988
|move|p1a: Skarmory|Protect|p1a: Skarmory
|-singleturn|p1a: Skarmory|Protect
|move|p2a: 西瓜|Ice Beam|p1a: Skarmory
|-activate|p1a: Skarmory|Protect
|
|-weather|Sandstorm|[upkeep]
|-damage|p2a: 西瓜|95/100|[from] Sandstorm
|-heal|p1a: Skarmory|88/100|[from] item: Leftovers
|-heal|p2a: 西瓜|100/100|[from] item: Leftovers
|upkeep
|turn|36
|
|t:|1730650991
|move|p2a: 西瓜|Ice Beam|p1a: Skarmory
|-damage|p1a: Skarmory|59/100
|-status|p1a: Skarmory|frz
|-curestatus|p1a: Skarmory|frz|[msg]
|move|p1a: Skarmory|Roar|p2a: 西瓜
|drag|p2a: Aerodactyl|Aerodactyl, M|100/100
|
|-weather|Sandstorm|[upkeep]
|-heal|p1a: Skarmory|65/100|[from] item: Leftovers
|upkeep
|turn|37
|inactive|rezzo64 has 150 seconds left.
|
|t:|1730651002
|switch|p2a: 西瓜|Cloyster, M, shiny|100/100
|-damage|p2a: 西瓜|88/100|[from] Spikes
|move|p1a: Skarmory|Spikes|p2a: 西瓜
|-sidestart|p2: rezzo64|Spikes
|
|-weather|Sandstorm|[upkeep]
|-damage|p2a: 西瓜|82/100|[from] Sandstorm
|-heal|p1a: Skarmory|71/100|[from] item: Leftovers
|-heal|p2a: 西瓜|88/100|[from] item: Leftovers
|upkeep
|turn|38
|
|t:|1730651010
|switch|p1a: Starmie|Starmie|100/100
|-damage|p1a: Starmie|88/100|[from] Spikes
|move|p2a: 西瓜|Rapid Spin|p1a: Starmie
|-crit|p1a: Starmie
|-damage|p1a: Starmie|78/100
|-sideend|p2: rezzo64|Spikes|[from] move: Rapid Spin|[of] p2a: 西瓜
|
|-weather|Sandstorm|[upkeep]
|-damage|p1a: Starmie|72/100|[from] Sandstorm
|-damage|p2a: 西瓜|82/100|[from] Sandstorm
|-heal|p1a: Starmie|78/100|[from] item: Leftovers
|-heal|p2a: 西瓜|88/100|[from] item: Leftovers
|upkeep
|turn|39
|
|t:|1730651017
|switch|p2a: Blissey|Blissey, F|92/100
|move|p1a: Starmie|Thunder Wave|p2a: Blissey
|-status|p2a: Blissey|par
|
|-weather|Sandstorm|[upkeep]
|-damage|p1a: Starmie|72/100|[from] Sandstorm
|-damage|p2a: Blissey|86/100 par|[from] Sandstorm
|-heal|p1a: Starmie|78/100|[from] item: Leftovers
|-heal|p2a: Blissey|92/100 par|[from] item: Leftovers
|upkeep
|turn|40
|
|t:|1730651026
|move|p1a: Starmie|Rapid Spin|p2a: Blissey
|-crit|p2a: Blissey
|-damage|p2a: Blissey|84/100 par
|-sideend|p1: FlappleFan20|Spikes|[from] move: Rapid Spin|[of] p1a: Starmie
|move|p2a: Blissey|Ice Beam|p1a: Starmie
|-resisted|p1a: Starmie
|-damage|p1a: Starmie|63/100
|
|-weather|Sandstorm|[upkeep]
|-damage|p1a: Starmie|57/100|[from] Sandstorm
|-damage|p2a: Blissey|78/100 par|[from] Sandstorm
|-heal|p1a: Starmie|63/100|[from] item: Leftovers
|-heal|p2a: Blissey|84/100 par|[from] item: Leftovers
|upkeep
|turn|41
|inactive|rezzo64 has 180 seconds left.
|
|t:|1730651032
|switch|p1a: Metagross|Metagross|80/100
|move|p2a: Blissey|Ice Beam|p1a: Metagross
|-resisted|p1a: Metagross
|-damage|p1a: Metagross|67/100
|-status|p1a: Metagross|frz
|
|-weather|Sandstorm|[upkeep]
|-damage|p2a: Blissey|78/100 par|[from] Sandstorm
|-heal|p1a: Metagross|73/100 frz|[from] item: Leftovers
|-heal|p2a: Blissey|84/100 par|[from] item: Leftovers
|upkeep
|turn|42
|inactive|rezzo64 has 180 seconds left.
|
|t:|1730651049
|cant|p1a: Metagross|frz
|move|p2a: Blissey|Thunderbolt|p1a: Metagross
|-damage|p1a: Metagross|47/100 frz
|
|-weather|Sandstorm|[upkeep]
|-damage|p2a: Blissey|78/100 par|[from] Sandstorm
|-heal|p1a: Metagross|54/100 frz|[from] item: Leftovers
|-heal|p2a: Blissey|84/100 par|[from] item: Leftovers
|upkeep
|turn|43
|
|t:|1730651053
|-curestatus|p1a: Metagross|frz|[msg]
|move|p1a: Metagross|Meteor Mash|p2a: Blissey
|-damage|p2a: Blissey|36/100 par
|move|p2a: Blissey|Thunderbolt|p1a: Metagross
|-damage|p1a: Metagross|30/100
|
|-weather|Sandstorm|[upkeep]
|-damage|p2a: Blissey|30/100 par|[from] Sandstorm
|-heal|p1a: Metagross|36/100|[from] item: Leftovers
|-heal|p2a: Blissey|36/100 par|[from] item: Leftovers
|upkeep
|turn|44
|inactive|rezzo64 has 180 seconds left.
|
|t:|1730651068
|-curestatus|p2a: Blissey|par|[from] ability: Natural Cure
|switch|p2a: 西瓜|Cloyster, M, shiny|88/100
|move|p1a: Metagross|Meteor Mash|p2a: 西瓜
|-damage|p2a: 西瓜|57/100
|
|-weather|Sandstorm|[upkeep]
|-damage|p2a: 西瓜|51/100|[from] Sandstorm
|-heal|p1a: Metagross|42/100|[from] item: Leftovers
|-heal|p2a: 西瓜|57/100|[from] item: Leftovers
|upkeep
|turn|45
|
|t:|1730651079
|move|p1a: Metagross|Protect|p1a: Metagross
|-singleturn|p1a: Metagross|Protect
|move|p2a: 西瓜|Explosion|p1a: Metagross
|-activate|p1a: Metagross|Protect
|faint|p2a: 西瓜
|
|t:|1730651083
|switch|p2a: Gengar|Gengar, F|83/100
|
|-weather|Sandstorm|[upkeep]
|-damage|p2a: Gengar|77/100|[from] Sandstorm
|-heal|p1a: Metagross|48/100|[from] item: Leftovers
|upkeep
|turn|46
|
|t:|1730651091
|switch|p1a: Blissey|Blissey, F|65/100
|move|p2a: Gengar|Will-O-Wisp|p1a: Blissey
|-status|p1a: Blissey|brn
|
|-weather|Sandstorm|[upkeep]
|-damage|p2a: Gengar|71/100|[from] Sandstorm
|-damage|p1a: Blissey|59/100 brn|[from] Sandstorm
|-heal|p1a: Blissey|65/100 brn|[from] item: Leftovers
|-damage|p1a: Blissey|53/100 brn|[from] brn
|upkeep
|turn|47
|
|t:|1730651105
|switch|p2a: Blissey|Blissey, F|36/100
|move|p1a: Blissey|Soft-Boiled|p1a: Blissey
|-heal|p1a: Blissey|100/100 brn
|
|-weather|Sandstorm|[upkeep]
|-damage|p2a: Blissey|30/100|[from] Sandstorm
|-damage|p1a: Blissey|94/100 brn|[from] Sandstorm
|-heal|p2a: Blissey|36/100|[from] item: Leftovers
|-heal|p1a: Blissey|100/100 brn|[from] item: Leftovers
|-damage|p1a: Blissey|88/100 brn|[from] brn
|upkeep
|turn|48
|
|t:|1730651110
|move|p2a: Blissey|Soft-Boiled|p2a: Blissey
|-heal|p2a: Blissey|86/100
|move|p1a: Blissey|Sing|p2a: Blissey|[miss]
|-miss|p1a: Blissey|p2a: Blissey
|
|-weather|Sandstorm|[upkeep]
|-damage|p2a: Blissey|80/100|[from] Sandstorm
|-damage|p1a: Blissey|82/100 brn|[from] Sandstorm
|-heal|p2a: Blissey|86/100|[from] item: Leftovers
|-heal|p1a: Blissey|88/100 brn|[from] item: Leftovers
|-damage|p1a: Blissey|76/100 brn|[from] brn
|upkeep
|turn|49
|inactive|rezzo64 has 210 seconds left.
|
|t:|1730651128
|switch|p2a: Gengar|Gengar, F|71/100
|move|p1a: Blissey|Sing|p2a: Gengar|[miss]
|-miss|p1a: Blissey|p2a: Gengar
|
|-weather|Sandstorm|[upkeep]
|-damage|p2a: Gengar|66/100|[from] Sandstorm
|-damage|p1a: Blissey|69/100 brn|[from] Sandstorm
|-heal|p1a: Blissey|76/100 brn|[from] item: Leftovers
|-damage|p1a: Blissey|63/100 brn|[from] brn
|upkeep
|turn|50
|
|t:|1730651138
|move|p2a: Gengar|Thunderbolt|p1a: Blissey
|-damage|p1a: Blissey|52/100 brn
|move|p1a: Blissey|Soft-Boiled|p1a: Blissey
|-heal|p1a: Blissey|100/100 brn
|
|-weather|Sandstorm|[upkeep]
|-damage|p2a: Gengar|60/100|[from] Sandstorm
|-damage|p1a: Blissey|94/100 brn|[from] Sandstorm
|-heal|p1a: Blissey|100/100 brn|[from] item: Leftovers
|-damage|p1a: Blissey|88/100 brn|[from] brn
|upkeep
|turn|51
|
|t:|1730651146
|switch|p2a: Blissey|Blissey, F|86/100
|move|p1a: Blissey|Ice Beam|p2a: Blissey
|-damage|p2a: Blissey|77/100
|
|-weather|Sandstorm|[upkeep]
|-damage|p2a: Blissey|71/100|[from] Sandstorm
|-damage|p1a: Blissey|82/100 brn|[from] Sandstorm
|-heal|p2a: Blissey|77/100|[from] item: Leftovers
|-heal|p1a: Blissey|88/100 brn|[from] item: Leftovers
|-damage|p1a: Blissey|76/100 brn|[from] brn
|upkeep
|turn|52
|inactive|rezzo64 has 210 seconds left.
|
|t:|1730651154
|move|p2a: Blissey|Thunderbolt|p1a: Blissey
|-crit|p1a: Blissey
|-damage|p1a: Blissey|56/100 brn
|move|p1a: Blissey|Sing|p2a: Blissey|[miss]
|-miss|p1a: Blissey|p2a: Blissey
|
|-weather|Sandstorm|[upkeep]
|-damage|p2a: Blissey|71/100|[from] Sandstorm
|-damage|p1a: Blissey|50/100 brn|[from] Sandstorm
|-heal|p2a: Blissey|77/100|[from] item: Leftovers
|-heal|p1a: Blissey|56/100 brn|[from] item: Leftovers
|-damage|p1a: Blissey|43/100 brn|[from] brn
|upkeep
|turn|53
|
|t:|1730651161
|switch|p2a: Aerodactyl|Aerodactyl, M|100/100
|move|p1a: Blissey|Soft-Boiled|p1a: Blissey
|-heal|p1a: Blissey|93/100 brn
|
|-weather|Sandstorm|[upkeep]
|-damage|p1a: Blissey|87/100 brn|[from] Sandstorm
|-heal|p1a: Blissey|93/100 brn|[from] item: Leftovers
|-damage|p1a: Blissey|81/100 brn|[from] brn
|upkeep
|turn|54
|
|t:|1730651172
|move|p2a: Aerodactyl|Rock Slide|p1a: Blissey
|-damage|p1a: Blissey|33/100 brn
|cant|p1a: Blissey|flinch
|
|-weather|Sandstorm|[upkeep]
|-damage|p1a: Blissey|27/100 brn|[from] Sandstorm
|-heal|p1a: Blissey|33/100 brn|[from] item: Leftovers
|-damage|p1a: Blissey|21/100 brn|[from] brn
|upkeep
|turn|55
|
|t:|1730651178
|-curestatus|p1a: Blissey|brn|[from] ability: Natural Cure
|switch|p1a: Skarmory|Skarmory, M|71/100
|move|p2a: Aerodactyl|Rock Slide|p1a: Skarmory
|-damage|p1a: Skarmory|34/100
|
|-weather|Sandstorm|[upkeep]
|-heal|p1a: Skarmory|40/100|[from] item: Leftovers
|upkeep
|turn|56
|
|t:|1730651182
|move|p1a: Skarmory|Protect|p1a: Skarmory
|-singleturn|p1a: Skarmory|Protect
|move|p2a: Aerodactyl|Rock Slide|p1a: Skarmory
|-activate|p1a: Skarmory|Protect
|
|-weather|Sandstorm|[upkeep]
|-heal|p1a: Skarmory|46/100|[from] item: Leftovers
|upkeep
|turn|57
|
|t:|1730651187
|move|p2a: Aerodactyl|Rock Slide|p1a: Skarmory|[miss]
|-miss|p2a: Aerodactyl|p1a: Skarmory
|move|p1a: Skarmory|Spikes|p2a: Aerodactyl
|-sidestart|p2: rezzo64|Spikes
|
|-weather|Sandstorm|[upkeep]
|-heal|p1a: Skarmory|52/100|[from] item: Leftovers
|upkeep
|turn|58
|
|t:|1730651191
|move|p1a: Skarmory|Protect|p1a: Skarmory
|-singleturn|p1a: Skarmory|Protect
|move|p2a: Aerodactyl|Rock Slide|p1a: Skarmory
|-activate|p1a: Skarmory|Protect
|
|-weather|Sandstorm|[upkeep]
|-heal|p1a: Skarmory|58/100|[from] item: Leftovers
|upkeep
|turn|59
|
|t:|1730651202
|move|p2a: Aerodactyl|Rock Slide|p1a: Skarmory
|-damage|p1a: Skarmory|18/100
|cant|p1a: Skarmory|flinch
|
|-weather|Sandstorm|[upkeep]
|-heal|p1a: Skarmory|24/100|[from] item: Leftovers
|upkeep
|turn|60
|
|t:|1730651205
|move|p1a: Skarmory|Protect|p1a: Skarmory
|-singleturn|p1a: Skarmory|Protect
|move|p2a: Aerodactyl|Rock Slide|p1a: Skarmory
|-activate|p1a: Skarmory|Protect
|
|-weather|Sandstorm|[upkeep]
|-heal|p1a: Skarmory|30/100|[from] item: Leftovers
|upkeep
|turn|61
|
|t:|1730651210
|move|p2a: Aerodactyl|Rock Slide|p1a: Skarmory
|-damage|p1a: Skarmory|0 fnt
|faint|p1a: Skarmory
|
|t:|1730651213
|switch|p1a: Starmie|Starmie|63/100
|
|-weather|Sandstorm|[upkeep]
|-damage|p1a: Starmie|57/100|[from] Sandstorm
|-heal|p1a: Starmie|63/100|[from] item: Leftovers
|upkeep
|turn|62
|
|t:|1730651220
|move|p2a: Aerodactyl|Rock Slide|p1a: Starmie
|-damage|p1a: Starmie|7/100
|move|p1a: Starmie|Surf|p2a: Aerodactyl
|-supereffective|p2a: Aerodactyl
|-damage|p2a: Aerodactyl|3/100
|
|-weather|Sandstorm|[upkeep]
|-damage|p1a: Starmie|1/100|[from] Sandstorm
|-heal|p1a: Starmie|7/100|[from] item: Leftovers
|upkeep
|turn|63
|
|t:|1730651236
|move|p2a: Aerodactyl|Rock Slide|p1a: Starmie
|-damage|p1a: Starmie|0 fnt
|faint|p1a: Starmie
|
|t:|1730651238
|switch|p1a: Dugtrio|Dugtrio, M|88/100
|
|-weather|Sandstorm|[upkeep]
|upkeep
|turn|64
|
|t:|1730651244
|switch|p2a: Gengar|Gengar, F|60/100
|move|p1a: Dugtrio|Hidden Power|p2a: Gengar
|-resisted|p2a: Gengar
|-damage|p2a: Gengar|50/100
|
|-weather|Sandstorm|[upkeep]
|-damage|p2a: Gengar|44/100|[from] Sandstorm
|upkeep
|turn|65
|
|t:|1730651254
|switch|p1a: Blissey|Blissey, F|21/100
|move|p2a: Gengar|Ice Punch|p1a: Blissey
|-damage|p1a: Blissey|13/100
|
|-weather|Sandstorm|[upkeep]
|-damage|p2a: Gengar|38/100|[from] Sandstorm
|-damage|p1a: Blissey|6/100|[from] Sandstorm
|-heal|p1a: Blissey|13/100|[from] item: Leftovers
|upkeep
|turn|66
|
|t:|1730651266
|move|p2a: Gengar|Explosion|p1a: Blissey
|-damage|p1a: Blissey|0 fnt
|faint|p2a: Gengar
|faint|p1a: Blissey
|
|t:|1730651277
|switch|p2a: Aerodactyl|Aerodactyl, M|3/100
|switch|p1a: Dugtrio|Dugtrio, M|88/100
|
|-weather|Sandstorm|[upkeep]
|upkeep
|turn|67
|
|t:|1730651285
|move|p2a: Aerodactyl|Earthquake|p1a: Dugtrio
|-damage|p1a: Dugtrio|0 fnt
|faint|p1a: Dugtrio
|
|t:|1730651287
|switch|p1a: Metagross|Metagross|48/100
|
|-weather|Sandstorm|[upkeep]
|-heal|p1a: Metagross|54/100|[from] item: Leftovers
|upkeep
|turn|68
|c|☆FlappleFan20|ggs
|
|t:|1730651292
|move|p1a: Metagross|Protect|p1a: Metagross
|-singleturn|p1a: Metagross|Protect
|move|p2a: Aerodactyl|Earthquake|p1a: Metagross
|-activate|p1a: Metagross|Protect
|
|-weather|Sandstorm|[upkeep]
|-heal|p1a: Metagross|60/100|[from] item: Leftovers
|upkeep
|turn|69
|
|t:|1730651294
|move|p2a: Aerodactyl|Earthquake|p1a: Metagross
|-supereffective|p1a: Metagross
|-damage|p1a: Metagross|8/100
|move|p1a: Metagross|Meteor Mash|p2a: Aerodactyl|[miss]
|-miss|p1a: Metagross|p2a: Aerodactyl
|
|-weather|Sandstorm|[upkeep]
|-heal|p1a: Metagross|14/100|[from] item: Leftovers
|upkeep
|turn|70
|
|t:|1730651300
|move|p1a: Metagross|Protect|p1a: Metagross
|-singleturn|p1a: Metagross|Protect
|move|p2a: Aerodactyl|Earthquake|p1a: Metagross
|-activate|p1a: Metagross|Protect
|
|-weather|Sandstorm|[upkeep]
|-heal|p1a: Metagross|20/100|[from] item: Leftovers
|upkeep
|turn|71
|c|☆rezzo64|ggs
|
|t:|1730651303
|move|p2a: Aerodactyl|Earthquake|p1a: Metagross
|-supereffective|p1a: Metagross
|-damage|p1a: Metagross|0 fnt
|faint|p1a: Metagross
|
|win|rezzo64
|c|☆FlappleFan20|ggs

</script>
<script type="application/json" class="data" id="replaydata-smogtours-gen3ou-804372">
{"id":"smogtours-gen3ou-804372","format":"[Gen 3] OU","players":["FlappleFan20","rezzo64"],"uploadtime":1730651303,"views":65,"formatid":"gen3ou","rating":null,"private":0,"password":null}
</script>

<script defer src="js/replays.js?9d40a366"></script>
