<!DOCTYPE html>
<meta charset="utf-8" />
<meta name="viewport" content="width=device-width" />

<title>[Gen 3] OU: Koentjelub vs. WombatBaby - Replays - Pok&eacute;mon Showdown!</title>

<meta name="description" content="Watch a replay of a Pok&eacute;mon battle between Koentjelub and WombatBaby! Format: [Gen 3] OU; Date: Oct 17, 2024" />
<!--

Hey, you! Looking in the source for the replay log?

You can find them in JSON format, just add `.json` at the end of a replay URL.

https://replay.pokemonshowdown.com/gen7randomdoublesbattle-865046831.json

Or, if you only need the log itself, add `.log` instead:

https://replay.pokemonshowdown.com/gen7randomdoublesbattle-865046831.log

-->

<link rel="stylesheet" href="//pokemonshowdown.com/style/global.css?0.767286132409787" />
<link rel="stylesheet" href="//play.pokemonshowdown.com/style/font-awesome.css?0.9266228007934947" />
<link rel="stylesheet" href="//play.pokemonshowdown.com/style/battle.css?0.7924700842790926" />
<link rel="stylesheet" href="//play.pokemonshowdown.com/style/utilichart.css?0.8777417872839479" />

<!-- Global site tag (gtag.js) - Google Analytics -->
<script async src="https://www.googletagmanager.com/gtag/js?id=UA-26211653-1"></script>
<script>
  window.dataLayer = window.dataLayer || [];
  function gtag(){dataLayer.push(arguments);}
  gtag('js', new Date());

  gtag('config', 'UA-26211653-1');
</script>
<!-- End Google Analytics -->
<!-- Venatus Ad Manager - Install in <HEAD> of page -->
	<script src="https://hb.vntsm.com/v3/live/ad-manager.min.js" type="text/javascript" data-site-id="642aba63ec9a7b11c3c9c1be" data-mode="scan" async></script>
<!-- / Venatus Ad Manager -->

<style>
	@media (max-width:820px) {
		.battle {
			margin: 0 auto;
		}
		.battle-log {
			margin: 7px auto 0;
			max-width: 640px;
			height: 300px;
			position: static;
		}
	}
	.optgroup {
		display: inline-block;
		line-height: 22px;
		font-size: 10pt;
	}
	.optgroup .button {
		height: 25px;
		padding-top: 0;
		padding-bottom: 0;
	}
	.optgroup button.button {
		padding-left: 12px;
		padding-right: 12px;
	}
	.linklist {
		list-style: none;
		margin: 0.5em 0;
		padding: 0;
	}
	.linklist li {
		padding: 2px 0;
	}
	.sidebar {
		float: left;
		width: 320px;
	}
	.bar-wrapper {
		max-width: 1100px;
		margin: 0 auto;
	}
	.bar-wrapper.has-sidebar {
		max-width: 1430px;
	}
	.mainbar {
		margin: 0;
		padding-right: 1px;
	}
	.mainbar.has-sidebar {
		margin-left: 330px;
	}
	@media (min-width: 1511px) {
		.sidebar {
			width: 400px;
		}
		.bar-wrapper.has-sidebar {
			max-width: 1510px;
		}
		.mainbar.has-sidebar {
			margin-left: 410px;
		}
	}
	.section.first-section {
		margin-top: 9px;
	}
	.blocklink small {
		white-space: normal;
	}
	.button {
		vertical-align: middle;
	}
	.replay-controls {
		padding-top: 10px;
	}
	.replay-controls h1 {
		font-size: 16pt;
		font-weight: normal;
		color: #CCC;
	}
	.pagelink {
		text-align: center;
	}
	.pagelink a {
		width: 150px;
	}
	.textbox, .button {
		font-size: 11pt;
		vertical-align: middle;
	}
	@media (max-width: 450px) {
		.button {
			font-size: 9pt;
		}
	}
</style>

<div>

	<header>
		<div class="nav-wrapper"><ul class="nav">
			<li><a class="button nav-first" href="//pokemonshowdown.com/"><img src="//pokemonshowdown.com/images/pokemonshowdownbeta.png" srcset="//pokemonshowdown.com/images/pokemonshowdownbeta.png 1x, //pokemonshowdown.com/images/pokemonshowdownbeta@2x.png 2x" alt="Pok&eacute;mon Showdown" width="146" height="44" /> Home</a></li>
			<li><a class="button" href="//pokemonshowdown.com/dex/">Pok&eacute;dex</a></li>
			<li><a class="button cur" href="/">Replays</a></li>
			<li><a class="button" href="//pokemonshowdown.com/ladder/">Ladder</a></li>
			<li><a class="button nav-last" href="//pokemonshowdown.com/forums/">Forum</a></li>
			<li><a class="button greenbutton nav-first nav-last" href="//play.pokemonshowdown.com/">Play</a></li>
		</ul></div>
	</header>

	<div class="main" id="main">

		<noscript><section class="section">You need to enable JavaScript to use this page; sorry!</section></noscript>

	</div>

</div>

<script defer nomodule src="//play.pokemonshowdown.com/js/lib/ps-polyfill.js"></script>
<script defer src="//play.pokemonshowdown.com/js/lib/preact.min.js"></script>

<script defer src="//play.pokemonshowdown.com/config/config.js?6dec07f6"></script>
<script defer src="//play.pokemonshowdown.com/js/lib/jquery-1.11.0.min.js"></script>
<script defer src="//play.pokemonshowdown.com/js/lib/html-sanitizer-minified.js"></script>
<script defer src="//play.pokemonshowdown.com/js/battle-sound.js"></script>
<script defer src="//play.pokemonshowdown.com/js/battledata.js?0.6315294753075389"></script>
<script defer src="//play.pokemonshowdown.com/data/pokedex-mini.js?0.7603743185311358"></script>
<script defer src="//play.pokemonshowdown.com/data/pokedex-mini-bw.js?0.030888842834281283"></script>
<script defer src="//play.pokemonshowdown.com/data/graphics.js?0.05593094747507488"></script>
<script defer src="//play.pokemonshowdown.com/data/pokedex.js?0.47064822249611904"></script>
<script defer src="//play.pokemonshowdown.com/data/moves.js?0.8583693120512459"></script>
<script defer src="//play.pokemonshowdown.com/data/abilities.js?0.16017181182386842"></script>
<script defer src="//play.pokemonshowdown.com/data/items.js?0.4163379185673943"></script>
<script defer src="//play.pokemonshowdown.com/data/teambuilder-tables.js?0.31075597372830477"></script>
<script defer src="//play.pokemonshowdown.com/js/battle-tooltips.js?0.6536193500708172"></script>
<script defer src="//play.pokemonshowdown.com/js/battle.js?0.1916591943277901"></script>

<script defer src="js/utils.js?e31f9a17"></script>
<script defer src="js/replays-battle.js?7008c182"></script>

<!-- don't scrape this data! just add .json or .log after the URL!
Full API docs: https://github.com/smogon/pokemon-showdown-client/blob/master/WEB-API.md -->
<script type="text/plain" class="log" id="replaylog-smogtours-gen3ou-799303">
|inactive|Battle timer is ON: inactive players will automatically lose when time's up.
|t:|1729188379
|gametype|singles
|player|p1|Koentjelub|266|
|player|p2|WombatBaby|169|
|teamsize|p1|6
|teamsize|p2|6
|gen|3
|tier|[Gen 3] OU
|rule|Sleep Clause Mod: Limit one foe put to sleep
|rule|Switch Priority Clause Mod: Faster Pokémon switch first
|rule|Species Clause: Limit one of each Pokémon
|rule|OHKO Clause: OHKO moves are banned
|rule|Evasion Items Clause: Evasion items are banned
|rule|Evasion Moves Clause: Evasion moves are banned
|rule|Endless Battle Clause: Forcing endless battles is banned
|rule|HP Percentage Mod: HP is shown in percentages
|rule|One Boost Passer Clause: Limit one Baton Passer that has a way to boost its stats
|rule|Freeze Clause Mod: Limit one foe frozen
|
|t:|1729188379
|start
|switch|p1a: Vaporeon|Vaporeon, F|100/100
|switch|p2a: Tyranitar|Tyranitar, M|100/100
|-weather|Sandstorm|[from] ability: Sand Stream|[of] p2a: Tyranitar
|turn|1
|c|☆WombatBaby|glhf
|
|t:|1729188392
|switch|p2a: Ludicolo|Ludicolo, M|100/100
|move|p1a: Vaporeon|Substitute|p1a: Vaporeon
|-start|p1a: Vaporeon|Substitute
|-damage|p1a: Vaporeon|75/100
|
|-weather|Sandstorm|[upkeep]
|-damage|p1a: Vaporeon|69/100|[from] Sandstorm
|-damage|p2a: Ludicolo|94/100|[from] Sandstorm
|-heal|p2a: Ludicolo|100/100|[from] item: Leftovers
|upkeep
|turn|2
|c|☆Koentjelub|glhf
|
|t:|1729188407
|move|p1a: Vaporeon|Ice Beam|p2a: Ludicolo
|-damage|p2a: Ludicolo|68/100
|move|p2a: Ludicolo|Hidden Power|p1a: Vaporeon
|-supereffective|p1a: Vaporeon
|-end|p1a: Vaporeon|Substitute
|
|-weather|Sandstorm|[upkeep]
|-damage|p1a: Vaporeon|63/100|[from] Sandstorm
|-damage|p2a: Ludicolo|62/100|[from] Sandstorm
|-heal|p2a: Ludicolo|68/100|[from] item: Leftovers
|upkeep
|turn|3
|
|t:|1729188413
|switch|p1a: Zapdos|Zapdos|100/100
|move|p2a: Ludicolo|Hidden Power|p1a: Zapdos
|-resisted|p1a: Zapdos
|-damage|p1a: Zapdos|83/100
|
|-weather|Sandstorm|[upkeep]
|-damage|p1a: Zapdos|77/100|[from] Sandstorm
|-damage|p2a: Ludicolo|62/100|[from] Sandstorm
|-heal|p1a: Zapdos|83/100|[from] item: Leftovers
|-heal|p2a: Ludicolo|68/100|[from] item: Leftovers
|upkeep
|turn|4
|
|t:|1729188421
|move|p1a: Zapdos|Thunderbolt|p2a: Ludicolo
|-damage|p2a: Ludicolo|20/100
|move|p2a: Ludicolo|Ice Beam|p1a: Zapdos
|-supereffective|p1a: Zapdos
|-damage|p1a: Zapdos|14/100
|
|-weather|Sandstorm|[upkeep]
|-damage|p1a: Zapdos|7/100|[from] Sandstorm
|-damage|p2a: Ludicolo|14/100|[from] Sandstorm
|-heal|p1a: Zapdos|14/100|[from] item: Leftovers
|-heal|p2a: Ludicolo|20/100|[from] item: Leftovers
|upkeep
|turn|5
|
|t:|1729188432
|switch|p2a: Jirachi|Jirachi|100/100
|move|p1a: Zapdos|Hidden Power|p2a: Jirachi
|-resisted|p2a: Jirachi
|-damage|p2a: Jirachi|93/100
|
|-weather|Sandstorm|[upkeep]
|-damage|p1a: Zapdos|7/100|[from] Sandstorm
|-heal|p1a: Zapdos|14/100|[from] item: Leftovers
|-heal|p2a: Jirachi|99/100|[from] item: Leftovers
|upkeep
|turn|6
|
|t:|1729188439
|move|p1a: Zapdos|Thunderbolt|p2a: Jirachi
|-damage|p2a: Jirachi|68/100
|-status|p2a: Jirachi|par
|cant|p2a: Jirachi|par
|
|-weather|Sandstorm|[upkeep]
|-damage|p1a: Zapdos|7/100|[from] Sandstorm
|-heal|p1a: Zapdos|14/100|[from] item: Leftovers
|-heal|p2a: Jirachi|74/100 par|[from] item: Leftovers
|upkeep
|turn|7
|
|t:|1729188447
|move|p1a: Zapdos|Thunderbolt|p2a: Jirachi
|-damage|p2a: Jirachi|41/100 par
|move|p2a: Jirachi|Wish|p2a: Jirachi
|
|-weather|Sandstorm|[upkeep]
|-damage|p1a: Zapdos|7/100|[from] Sandstorm
|-heal|p1a: Zapdos|14/100|[from] item: Leftovers
|-heal|p2a: Jirachi|47/100 par|[from] item: Leftovers
|upkeep
|turn|8
|
|t:|1729188451
|switch|p1a: Dugtrio|Dugtrio, M|100/100
|move|p2a: Jirachi|Body Slam|p1a: Dugtrio
|-damage|p1a: Dugtrio|46/100
|
|-heal|p2a: Jirachi|97/100 par|[from] move: Wish|[wisher] Jirachi
|-weather|Sandstorm|[upkeep]
|-heal|p2a: Jirachi|100/100 par|[from] item: Leftovers
|upkeep
|turn|9
|
|t:|1729188454
|move|p1a: Dugtrio|Earthquake|p2a: Jirachi
|-supereffective|p2a: Jirachi
|-damage|p2a: Jirachi|1/100 par
|move|p2a: Jirachi|Body Slam|p1a: Dugtrio
|-damage|p1a: Dugtrio|0 fnt
|faint|p1a: Dugtrio
|
|t:|1729188458
|switch|p1a: Zapdos|Zapdos|14/100
|
|-weather|Sandstorm|[upkeep]
|-damage|p1a: Zapdos|7/100|[from] Sandstorm
|-heal|p1a: Zapdos|14/100|[from] item: Leftovers
|-heal|p2a: Jirachi|7/100 par|[from] item: Leftovers
|upkeep
|turn|10
|
|t:|1729188461
|move|p1a: Zapdos|Thunderbolt|p2a: Jirachi
|-damage|p2a: Jirachi|0 fnt
|faint|p2a: Jirachi
|
|t:|1729188469
|switch|p2a: Gengar|Gengar, M|100/100
|
|-weather|Sandstorm|[upkeep]
|-damage|p2a: Gengar|94/100|[from] Sandstorm
|-damage|p1a: Zapdos|7/100|[from] Sandstorm
|-heal|p2a: Gengar|100/100|[from] item: Leftovers
|-heal|p1a: Zapdos|14/100|[from] item: Leftovers
|upkeep
|turn|11
|
|t:|1729188473
|switch|p1a: Tyranitar|Tyranitar, F|100/100
|move|p2a: Gengar|Ice Punch|p1a: Tyranitar
|-damage|p1a: Tyranitar|82/100
|
|-weather|Sandstorm|[upkeep]
|-damage|p2a: Gengar|94/100|[from] Sandstorm
|-heal|p2a: Gengar|100/100|[from] item: Leftovers
|-heal|p1a: Tyranitar|88/100|[from] item: Leftovers
|upkeep
|turn|12
|
|t:|1729188476
|move|p2a: Gengar|Hypnosis|p1a: Tyranitar|[miss]
|-miss|p2a: Gengar|p1a: Tyranitar
|move|p1a: Tyranitar|Pursuit|p2a: Gengar
|-supereffective|p2a: Gengar
|-damage|p2a: Gengar|54/100
|
|-weather|Sandstorm|[upkeep]
|-damage|p2a: Gengar|48/100|[from] Sandstorm
|-heal|p2a: Gengar|54/100|[from] item: Leftovers
|-heal|p1a: Tyranitar|94/100|[from] item: Leftovers
|upkeep
|turn|13
|
|t:|1729188480
|move|p2a: Gengar|Hypnosis|p1a: Tyranitar|[miss]
|-miss|p2a: Gengar|p1a: Tyranitar
|move|p1a: Tyranitar|Pursuit|p2a: Gengar
|-supereffective|p2a: Gengar
|-damage|p2a: Gengar|5/100
|
|-weather|Sandstorm|[upkeep]
|-damage|p2a: Gengar|0 fnt|[from] Sandstorm
|faint|p2a: Gengar
|-heal|p1a: Tyranitar|99/100|[from] item: Leftovers
|upkeep
|
|t:|1729188486
|switch|p2a: Machamp|Machamp, M|100/100
|turn|14
|
|t:|1729188492
|-singleturn|p2a: Machamp|move: Focus Punch
|move|p1a: Tyranitar|Flamethrower|p2a: Machamp
|-damage|p2a: Machamp|69/100
|move|p2a: Machamp|Focus Punch||[still]
|cant|p2a: Machamp|Focus Punch|Focus Punch
|
|-weather|Sandstorm|[upkeep]
|-damage|p2a: Machamp|63/100|[from] Sandstorm
|-heal|p2a: Machamp|69/100|[from] item: Leftovers
|-heal|p1a: Tyranitar|100/100|[from] item: Leftovers
|upkeep
|turn|15
|
|t:|1729188496
|move|p2a: Machamp|Cross Chop|p1a: Tyranitar
|-supereffective|p1a: Tyranitar
|-damage|p1a: Tyranitar|0 fnt
|faint|p1a: Tyranitar
|
|t:|1729188499
|switch|p1a: Zapdos|Zapdos|14/100
|
|-weather|Sandstorm|[upkeep]
|-damage|p1a: Zapdos|7/100|[from] Sandstorm
|-damage|p2a: Machamp|63/100|[from] Sandstorm
|-heal|p1a: Zapdos|14/100|[from] item: Leftovers
|-heal|p2a: Machamp|69/100|[from] item: Leftovers
|upkeep
|turn|16
|
|t:|1729188502
|move|p1a: Zapdos|Thunderbolt|p2a: Machamp
|-damage|p2a: Machamp|18/100
|move|p2a: Machamp|Rock Slide|p1a: Zapdos
|-supereffective|p1a: Zapdos
|-damage|p1a: Zapdos|0 fnt
|faint|p1a: Zapdos
|
|t:|1729188507
|switch|p1a: Vaporeon|Vaporeon, F|63/100
|
|-weather|Sandstorm|[upkeep]
|-damage|p1a: Vaporeon|57/100|[from] Sandstorm
|-damage|p2a: Machamp|12/100|[from] Sandstorm
|-heal|p2a: Machamp|18/100|[from] item: Leftovers
|upkeep
|turn|17
|
|t:|1729188509
|move|p1a: Vaporeon|Substitute|p1a: Vaporeon
|-start|p1a: Vaporeon|Substitute
|-damage|p1a: Vaporeon|32/100
|move|p2a: Machamp|Cross Chop|p1a: Vaporeon
|-end|p1a: Vaporeon|Substitute
|
|-weather|Sandstorm|[upkeep]
|-damage|p1a: Vaporeon|26/100|[from] Sandstorm
|-damage|p2a: Machamp|12/100|[from] Sandstorm
|-heal|p2a: Machamp|18/100|[from] item: Leftovers
|upkeep
|turn|18
|
|t:|1729188512
|move|p1a: Vaporeon|Ice Beam|p2a: Machamp
|-damage|p2a: Machamp|0 fnt
|faint|p2a: Machamp
|
|t:|1729188521
|switch|p2a: Starmie|Starmie|100/100
|
|-weather|Sandstorm|[upkeep]
|-damage|p2a: Starmie|94/100|[from] Sandstorm
|-damage|p1a: Vaporeon|20/100|[from] Sandstorm
|-heal|p2a: Starmie|100/100|[from] item: Leftovers
|-enditem|p1a: Vaporeon|Salac Berry|[eat]
|-boost|p1a: Vaporeon|spe|1|[from] item: Salac Berry
|upkeep
|turn|19
|
|t:|1729188532
|move|p1a: Vaporeon|Hydro Pump|p2a: Starmie|[miss]
|-miss|p1a: Vaporeon|p2a: Starmie
|move|p2a: Starmie|Recover||[still]
|-fail|p2a: Starmie|heal
|
|-weather|Sandstorm|[upkeep]
|-damage|p1a: Vaporeon|13/100|[from] Sandstorm
|-damage|p2a: Starmie|94/100|[from] Sandstorm
|-heal|p2a: Starmie|100/100|[from] item: Leftovers
|upkeep
|turn|20
|
|t:|1729188536
|move|p1a: Vaporeon|Hydro Pump|p2a: Starmie
|-resisted|p2a: Starmie
|-damage|p2a: Starmie|60/100
|move|p2a: Starmie|Recover|p2a: Starmie
|-heal|p2a: Starmie|100/100
|
|-weather|Sandstorm|[upkeep]
|-damage|p1a: Vaporeon|7/100|[from] Sandstorm
|-damage|p2a: Starmie|94/100|[from] Sandstorm
|-heal|p2a: Starmie|100/100|[from] item: Leftovers
|upkeep
|turn|21
|
|t:|1729188539
|move|p1a: Vaporeon|Hydro Pump|p2a: Starmie
|-resisted|p2a: Starmie
|-damage|p2a: Starmie|62/100
|move|p2a: Starmie|Recover|p2a: Starmie
|-heal|p2a: Starmie|100/100
|
|-weather|Sandstorm|[upkeep]
|-damage|p1a: Vaporeon|1/100|[from] Sandstorm
|-damage|p2a: Starmie|94/100|[from] Sandstorm
|-heal|p2a: Starmie|100/100|[from] item: Leftovers
|upkeep
|turn|22
|
|t:|1729188542
|move|p1a: Vaporeon|Baton Pass|p1a: Vaporeon
|
|t:|1729188544
|switch|p1a: Suicune|Suicune|100/100|[from] Baton Pass
|move|p2a: Starmie|Recover||[still]
|-fail|p2a: Starmie|heal
|
|-weather|Sandstorm|[upkeep]
|-damage|p2a: Starmie|94/100|[from] Sandstorm
|-damage|p1a: Suicune|94/100|[from] Sandstorm
|-heal|p2a: Starmie|100/100|[from] item: Leftovers
|-heal|p1a: Suicune|100/100|[from] item: Leftovers
|upkeep
|turn|23
|
|t:|1729188549
|move|p2a: Starmie|Ice Beam|p1a: Suicune
|-resisted|p1a: Suicune
|-damage|p1a: Suicune|90/100
|move|p1a: Suicune|Calm Mind|p1a: Suicune
|-boost|p1a: Suicune|spa|1
|-boost|p1a: Suicune|spd|1
|
|-weather|Sandstorm|[upkeep]
|-damage|p2a: Starmie|94/100|[from] Sandstorm
|-damage|p1a: Suicune|84/100|[from] Sandstorm
|-heal|p2a: Starmie|100/100|[from] item: Leftovers
|-heal|p1a: Suicune|90/100|[from] item: Leftovers
|upkeep
|turn|24
|
|t:|1729188558
|move|p2a: Starmie|Ice Beam|p1a: Suicune
|-resisted|p1a: Suicune
|-damage|p1a: Suicune|84/100
|move|p1a: Suicune|Calm Mind|p1a: Suicune
|-boost|p1a: Suicune|spa|1
|-boost|p1a: Suicune|spd|1
|
|-weather|Sandstorm|[upkeep]
|-damage|p2a: Starmie|94/100|[from] Sandstorm
|-damage|p1a: Suicune|77/100|[from] Sandstorm
|-heal|p2a: Starmie|100/100|[from] item: Leftovers
|-heal|p1a: Suicune|84/100|[from] item: Leftovers
|upkeep
|turn|25
|
|t:|1729188561
|move|p2a: Starmie|Ice Beam|p1a: Suicune
|-resisted|p1a: Suicune
|-damage|p1a: Suicune|78/100
|move|p1a: Suicune|Rest|p1a: Suicune
|-status|p1a: Suicune|slp|[from] move: Rest
|-heal|p1a: Suicune|100/100 slp|[silent]
|
|-weather|Sandstorm|[upkeep]
|-damage|p2a: Starmie|94/100|[from] Sandstorm
|-damage|p1a: Suicune|94/100 slp|[from] Sandstorm
|-heal|p2a: Starmie|100/100|[from] item: Leftovers
|-heal|p1a: Suicune|100/100 slp|[from] item: Leftovers
|upkeep
|turn|26
|
|t:|1729188566
|switch|p2a: Ludicolo|Ludicolo, M|20/100
|cant|p1a: Suicune|slp
|move|p1a: Suicune|Sleep Talk|p1a: Suicune
|move|p1a: Suicune|Surf|p2a: Ludicolo|[from]Sleep Talk
|-resisted|p2a: Ludicolo
|-damage|p2a: Ludicolo|5/100
|
|-weather|Sandstorm|[upkeep]
|-damage|p1a: Suicune|94/100 slp|[from] Sandstorm
|-damage|p2a: Ludicolo|0 fnt|[from] Sandstorm
|faint|p2a: Ludicolo
|-heal|p1a: Suicune|100/100 slp|[from] item: Leftovers
|upkeep
|
|t:|1729188568
|switch|p2a: Tyranitar|Tyranitar, M|100/100
|turn|27
|
|t:|1729188571
|cant|p1a: Suicune|slp
|move|p1a: Suicune|Sleep Talk|p1a: Suicune
|move|p1a: Suicune|Rest|p1a: Suicune|[from]Sleep Talk
|move|p2a: Tyranitar|Rock Slide|p1a: Suicune
|-damage|p1a: Suicune|67/100 slp
|
|-weather|Sandstorm|[upkeep]
|-damage|p1a: Suicune|60/100 slp|[from] Sandstorm
|-heal|p1a: Suicune|67/100 slp|[from] item: Leftovers
|upkeep
|turn|28
|
|t:|1729188578
|switch|p2a: Starmie|Starmie|100/100
|-curestatus|p1a: Suicune|slp|[msg]
|move|p1a: Suicune|Surf|p2a: Starmie
|-resisted|p2a: Starmie
|-crit|p2a: Starmie
|-damage|p2a: Starmie|10/100
|
|-weather|Sandstorm|[upkeep]
|-damage|p2a: Starmie|4/100|[from] Sandstorm
|-damage|p1a: Suicune|60/100|[from] Sandstorm
|-heal|p2a: Starmie|10/100|[from] item: Leftovers
|-heal|p1a: Suicune|67/100|[from] item: Leftovers
|upkeep
|turn|29
|
|t:|1729188582
|move|p2a: Starmie|Ice Beam|p1a: Suicune
|-resisted|p1a: Suicune
|-damage|p1a: Suicune|62/100
|-status|p1a: Suicune|frz
|-curestatus|p1a: Suicune|frz|[msg]
|move|p1a: Suicune|Surf|p2a: Starmie
|-resisted|p2a: Starmie
|-damage|p2a: Starmie|0 fnt
|faint|p2a: Starmie
|c|☆Koentjelub|gg
|c|☆WombatBaby|it was certainly a game 
|
|t:|1729188595
|switch|p2a: Tyranitar|Tyranitar, M|100/100
|
|-weather|Sandstorm|[upkeep]
|-damage|p1a: Suicune|55/100|[from] Sandstorm
|-heal|p1a: Suicune|62/100|[from] item: Leftovers
|upkeep
|turn|30
|
|t:|1729188599
|move|p1a: Suicune|Surf|p2a: Tyranitar
|-supereffective|p2a: Tyranitar
|-damage|p2a: Tyranitar|0 fnt
|faint|p2a: Tyranitar
|
|win|Koentjelub

</script>
<script type="application/json" class="data" id="replaydata-smogtours-gen3ou-799303">
{"id":"smogtours-gen3ou-799303","format":"[Gen 3] OU","players":["Koentjelub","WombatBaby"],"uploadtime":1729188599,"views":85,"formatid":"gen3ou","rating":null,"private":0,"password":null}
</script>

<script defer src="js/replays.js?9d40a366"></script>
