<!DOCTYPE html>
<meta charset="utf-8" />
<meta name="viewport" content="width=device-width" />

<title>[Gen 3] OU: incognidoqueen vs. Elisy - Replays - Pok&eacute;mon Showdown!</title>

<meta name="description" content="Watch a replay of a Pok&eacute;mon battle between incognidoqueen and Elisy! Format: [Gen 3] OU; Date: Oct 27, 2024" />
<!--

Hey, you! Looking in the source for the replay log?

You can find them in JSON format, just add `.json` at the end of a replay URL.

https://replay.pokemonshowdown.com/gen7randomdoublesbattle-865046831.json

Or, if you only need the log itself, add `.log` instead:

https://replay.pokemonshowdown.com/gen7randomdoublesbattle-865046831.log

-->

<link rel="stylesheet" href="//pokemonshowdown.com/style/global.css?0.023195364461161105" />
<link rel="stylesheet" href="//play.pokemonshowdown.com/style/font-awesome.css?0.13261647063804238" />
<link rel="stylesheet" href="//play.pokemonshowdown.com/style/battle.css?0.8753245789963631" />
<link rel="stylesheet" href="//play.pokemonshowdown.com/style/utilichart.css?0.8627959624976733" />

<!-- Global site tag (gtag.js) - Google Analytics -->
<script async src="https://www.googletagmanager.com/gtag/js?id=UA-26211653-1"></script>
<script>
  window.dataLayer = window.dataLayer || [];
  function gtag(){dataLayer.push(arguments);}
  gtag('js', new Date());

  gtag('config', 'UA-26211653-1');
</script>
<!-- End Google Analytics -->
<!-- Venatus Ad Manager - Install in <HEAD> of page -->
	<script src="https://hb.vntsm.com/v3/live/ad-manager.min.js" type="text/javascript" data-site-id="642aba63ec9a7b11c3c9c1be" data-mode="scan" async></script>
<!-- / Venatus Ad Manager -->

<style>
	@media (max-width:820px) {
		.battle {
			margin: 0 auto;
		}
		.battle-log {
			margin: 7px auto 0;
			max-width: 640px;
			height: 300px;
			position: static;
		}
	}
	.optgroup {
		display: inline-block;
		line-height: 22px;
		font-size: 10pt;
	}
	.optgroup .button {
		height: 25px;
		padding-top: 0;
		padding-bottom: 0;
	}
	.optgroup button.button {
		padding-left: 12px;
		padding-right: 12px;
	}
	.linklist {
		list-style: none;
		margin: 0.5em 0;
		padding: 0;
	}
	.linklist li {
		padding: 2px 0;
	}
	.sidebar {
		float: left;
		width: 320px;
	}
	.bar-wrapper {
		max-width: 1100px;
		margin: 0 auto;
	}
	.bar-wrapper.has-sidebar {
		max-width: 1430px;
	}
	.mainbar {
		margin: 0;
		padding-right: 1px;
	}
	.mainbar.has-sidebar {
		margin-left: 330px;
	}
	@media (min-width: 1511px) {
		.sidebar {
			width: 400px;
		}
		.bar-wrapper.has-sidebar {
			max-width: 1510px;
		}
		.mainbar.has-sidebar {
			margin-left: 410px;
		}
	}
	.section.first-section {
		margin-top: 9px;
	}
	.blocklink small {
		white-space: normal;
	}
	.button {
		vertical-align: middle;
	}
	.replay-controls {
		padding-top: 10px;
	}
	.replay-controls h1 {
		font-size: 16pt;
		font-weight: normal;
		color: #CCC;
	}
	.pagelink {
		text-align: center;
	}
	.pagelink a {
		width: 150px;
	}
	.textbox, .button {
		font-size: 11pt;
		vertical-align: middle;
	}
	@media (max-width: 450px) {
		.button {
			font-size: 9pt;
		}
	}
</style>

<div>

	<header>
		<div class="nav-wrapper"><ul class="nav">
			<li><a class="button nav-first" href="//pokemonshowdown.com/"><img src="//pokemonshowdown.com/images/pokemonshowdownbeta.png" srcset="//pokemonshowdown.com/images/pokemonshowdownbeta.png 1x, //pokemonshowdown.com/images/pokemonshowdownbeta@2x.png 2x" alt="Pok&eacute;mon Showdown" width="146" height="44" /> Home</a></li>
			<li><a class="button" href="//pokemonshowdown.com/dex/">Pok&eacute;dex</a></li>
			<li><a class="button cur" href="/">Replays</a></li>
			<li><a class="button" href="//pokemonshowdown.com/ladder/">Ladder</a></li>
			<li><a class="button nav-last" href="//pokemonshowdown.com/forums/">Forum</a></li>
			<li><a class="button greenbutton nav-first nav-last" href="//play.pokemonshowdown.com/">Play</a></li>
		</ul></div>
	</header>

	<div class="main" id="main">

		<noscript><section class="section">You need to enable JavaScript to use this page; sorry!</section></noscript>

	</div>

</div>

<script defer nomodule src="//play.pokemonshowdown.com/js/lib/ps-polyfill.js"></script>
<script defer src="//play.pokemonshowdown.com/js/lib/preact.min.js"></script>

<script defer src="//play.pokemonshowdown.com/config/config.js?2bddbc15"></script>
<script defer src="//play.pokemonshowdown.com/js/lib/jquery-1.11.0.min.js"></script>
<script defer src="//play.pokemonshowdown.com/js/lib/html-sanitizer-minified.js"></script>
<script defer src="//play.pokemonshowdown.com/js/battle-sound.js"></script>
<script defer src="//play.pokemonshowdown.com/js/battledata.js?0.7209276989879541"></script>
<script defer src="//play.pokemonshowdown.com/data/pokedex-mini.js?0.6111056340867951"></script>
<script defer src="//play.pokemonshowdown.com/data/pokedex-mini-bw.js?0.3532142036491459"></script>
<script defer src="//play.pokemonshowdown.com/data/graphics.js?0.24223875632456182"></script>
<script defer src="//play.pokemonshowdown.com/data/pokedex.js?0.38839984266356864"></script>
<script defer src="//play.pokemonshowdown.com/data/moves.js?0.21866028504024015"></script>
<script defer src="//play.pokemonshowdown.com/data/abilities.js?0.2005157953846628"></script>
<script defer src="//play.pokemonshowdown.com/data/items.js?0.9894211263848525"></script>
<script defer src="//play.pokemonshowdown.com/data/teambuilder-tables.js?0.6008791140282215"></script>
<script defer src="//play.pokemonshowdown.com/js/battle-tooltips.js?0.7580118955022959"></script>
<script defer src="//play.pokemonshowdown.com/js/battle.js?0.6057722274234274"></script>

<script defer src="js/utils.js?e31f9a17"></script>
<script defer src="js/replays-battle.js?7008c182"></script>

<!-- don't scrape this data! just add .json or .log after the URL!
Full API docs: https://github.com/smogon/pokemon-showdown-client/blob/master/WEB-API.md -->
<script type="text/plain" class="log" id="replaylog-smogtours-gen3ou-802420">
|inactive|Battle timer is ON: inactive players will automatically lose when time's up.
|t:|1730025850
|gametype|singles
|player|p1|incognidoqueen|clerkf|
|player|p2|Elisy|miku-flying|
|teamsize|p1|6
|teamsize|p2|6
|gen|3
|tier|[Gen 3] OU
|rule|Sleep Clause Mod: Limit one foe put to sleep
|rule|Switch Priority Clause Mod: Faster Pokémon switch first
|rule|Species Clause: Limit one of each Pokémon
|rule|OHKO Clause: OHKO moves are banned
|rule|Evasion Items Clause: Evasion items are banned
|rule|Evasion Moves Clause: Evasion moves are banned
|rule|Endless Battle Clause: Forcing endless battles is banned
|rule|HP Percentage Mod: HP is shown in percentages
|rule|One Boost Passer Clause: Limit one Baton Passer that has a way to boost its stats
|rule|Freeze Clause Mod: Limit one foe frozen
|
|t:|1730025850
|start
|switch|p1a: Aerodactyl|Aerodactyl, F|100/100
|switch|p2a: Tyranitar|Tyranitar, F|100/100
|-weather|Sandstorm|[from] ability: Sand Stream|[of] p2a: Tyranitar
|turn|1
|c|☆Elisy|hf
|c|☆Elisy|/log Elisy made the replay of this battle unlisted.
|c|☆incognidoqueen|Yep glhf
|inactive|Elisy has 270 seconds left.
|c|☆incognidoqueen|I'm nervous af ❤️
|
|t:|1730025897
|move|p1a: Aerodactyl|Hidden Power|p2a: Tyranitar
|-supereffective|p2a: Tyranitar
|-damage|p2a: Tyranitar|0 fnt
|faint|p2a: Tyranitar
|c|☆Elisy|oh hp fighting aero
|inactive|Elisy has 270 seconds left.
|c|☆incognidoqueen|That's her
|inactive|Elisy has 240 seconds left.
|
|t:|1730025976
|switch|p2a: Gengar|Gengar, F|100/100
|
|-weather|Sandstorm|[upkeep]
|-damage|p2a: Gengar|94/100|[from] Sandstorm
|-heal|p2a: Gengar|100/100|[from] item: Leftovers
|upkeep
|turn|2
|
|t:|1730026003
|switch|p1a: Jolteon|Jolteon, M|100/100
|move|p2a: Gengar|Will-O-Wisp|p1a: Jolteon
|-status|p1a: Jolteon|brn
|
|-weather|Sandstorm|[upkeep]
|-damage|p1a: Jolteon|94/100 brn|[from] Sandstorm
|-damage|p2a: Gengar|94/100|[from] Sandstorm
|-heal|p1a: Jolteon|100/100 brn|[from] item: Leftovers
|-damage|p1a: Jolteon|88/100 brn|[from] brn
|-heal|p2a: Gengar|100/100|[from] item: Leftovers
|upkeep
|turn|3
|
|t:|1730026013
|switch|p2a: Blissey|Blissey, F|100/100
|move|p1a: Jolteon|Substitute|p1a: Jolteon
|-start|p1a: Jolteon|Substitute
|-damage|p1a: Jolteon|63/100 brn
|
|-weather|Sandstorm|[upkeep]
|-damage|p1a: Jolteon|57/100 brn|[from] Sandstorm
|-damage|p2a: Blissey|94/100|[from] Sandstorm
|-heal|p1a: Jolteon|63/100 brn|[from] item: Leftovers
|-damage|p1a: Jolteon|51/100 brn|[from] brn
|-heal|p2a: Blissey|100/100|[from] item: Leftovers
|upkeep
|turn|4
|
|t:|1730026025
|move|p1a: Jolteon|Baton Pass|p1a: Jolteon
|
|t:|1730026029
|switch|p1a: Aerodactyl|Aerodactyl, F|100/100|[from] Baton Pass
|move|p2a: Blissey|Seismic Toss|p1a: Aerodactyl
|-end|p1a: Aerodactyl|Substitute
|
|-weather|Sandstorm|[upkeep]
|-damage|p2a: Blissey|94/100|[from] Sandstorm
|-heal|p2a: Blissey|100/100|[from] item: Leftovers
|upkeep
|turn|5
|
|t:|1730026041
|switch|p2a: Metagross|Metagross|100/100
|move|p1a: Aerodactyl|Rock Slide|p2a: Metagross
|-resisted|p2a: Metagross
|-damage|p2a: Metagross|80/100
|
|-weather|Sandstorm|[upkeep]
|upkeep
|turn|6
|
|t:|1730026056
|switch|p1a: Swampert|Swampert, F|100/100
|move|p2a: Metagross|Earthquake|p1a: Swampert
|-damage|p1a: Swampert|61/100
|
|-weather|Sandstorm|[upkeep]
|-heal|p1a: Swampert|67/100|[from] item: Leftovers
|upkeep
|turn|7
|
|t:|1730026082
|switch|p2a: Swampert|Swampert, M|100/100
|move|p1a: Swampert|Hydro Pump|p2a: Swampert
|-damage|p2a: Swampert|69/100
|
|-weather|Sandstorm|[upkeep]
|-heal|p2a: Swampert|75/100|[from] item: Leftovers
|-heal|p1a: Swampert|73/100|[from] item: Leftovers
|upkeep
|turn|8
|
|t:|1730026094
|switch|p1a: Gyarados|Gyarados, M|100/100
|-ability|p1a: Gyarados|Intimidate|boost
|-unboost|p2a: Swampert|atk|1
|move|p2a: Swampert|Toxic|p1a: Gyarados|[miss]
|-miss|p2a: Swampert|p1a: Gyarados
|
|-weather|Sandstorm|[upkeep]
|-damage|p1a: Gyarados|94/100|[from] Sandstorm
|-heal|p1a: Gyarados|100/100|[from] item: Leftovers
|-heal|p2a: Swampert|82/100|[from] item: Leftovers
|upkeep
|turn|9
|inactive|Elisy has 210 seconds left.
|
|t:|1730026134
|move|p1a: Gyarados|Taunt|p2a: Swampert
|-start|p2a: Swampert|move: Taunt
|cant|p2a: Swampert|move: Taunt|Toxic
|
|-weather|Sandstorm|[upkeep]
|-damage|p1a: Gyarados|94/100|[from] Sandstorm
|-heal|p1a: Gyarados|100/100|[from] item: Leftovers
|-heal|p2a: Swampert|88/100|[from] item: Leftovers
|upkeep
|turn|10
|
|t:|1730026153
|switch|p2a: Starmie|Starmie|100/100
|move|p1a: Gyarados|Dragon Dance|p1a: Gyarados
|-boost|p1a: Gyarados|atk|1
|-boost|p1a: Gyarados|spe|1
|
|-weather|Sandstorm|[upkeep]
|-damage|p1a: Gyarados|94/100|[from] Sandstorm
|-damage|p2a: Starmie|94/100|[from] Sandstorm
|-heal|p1a: Gyarados|100/100|[from] item: Leftovers
|-heal|p2a: Starmie|100/100|[from] item: Leftovers
|upkeep
|turn|11
|
|t:|1730026165
|move|p1a: Gyarados|Hidden Power|p2a: Starmie
|-damage|p2a: Starmie|13/100
|move|p2a: Starmie|Thunderbolt|p1a: Gyarados
|-supereffective|p1a: Gyarados
|-damage|p1a: Gyarados|0 fnt
|faint|p1a: Gyarados
|
|t:|1730026175
|switch|p1a: Aerodactyl|Aerodactyl, F|100/100
|
|-weather|Sandstorm|[upkeep]
|-damage|p2a: Starmie|7/100|[from] Sandstorm
|-heal|p2a: Starmie|13/100|[from] item: Leftovers
|upkeep
|turn|12
|
|t:|1730026179
|switch|p2a: Swampert|Swampert, M|88/100
|move|p1a: Aerodactyl|Rock Slide|p2a: Swampert
|-resisted|p2a: Swampert
|-damage|p2a: Swampert|70/100
|
|-weather|Sandstorm|[upkeep]
|-heal|p2a: Swampert|76/100|[from] item: Leftovers
|upkeep
|turn|13
|
|t:|1730026190
|move|p1a: Aerodactyl|Rock Slide|p2a: Swampert
|-resisted|p2a: Swampert
|-damage|p2a: Swampert|60/100
|cant|p2a: Swampert|flinch
|
|-weather|Sandstorm|[upkeep]
|-heal|p2a: Swampert|66/100|[from] item: Leftovers
|upkeep
|turn|14
|
|t:|1730026198
|switch|p1a: Swampert|Swampert, F|73/100
|move|p2a: Swampert|Toxic|p1a: Swampert|[miss]
|-miss|p2a: Swampert|p1a: Swampert
|
|-weather|Sandstorm|[upkeep]
|-heal|p1a: Swampert|80/100|[from] item: Leftovers
|-heal|p2a: Swampert|72/100|[from] item: Leftovers
|upkeep
|turn|15
|inactive|Elisy has 210 seconds left.
|
|t:|1730026211
|move|p2a: Swampert|Protect|p2a: Swampert
|-singleturn|p2a: Swampert|Protect
|move|p1a: Swampert|Hydro Pump|p2a: Swampert|[miss]
|-miss|p1a: Swampert|p2a: Swampert
|
|-weather|Sandstorm|[upkeep]
|-heal|p2a: Swampert|78/100|[from] item: Leftovers
|-heal|p1a: Swampert|86/100|[from] item: Leftovers
|upkeep
|turn|16
|inactive|Elisy has 210 seconds left.
|
|t:|1730026227
|move|p1a: Swampert|Earthquake|p2a: Swampert
|-damage|p2a: Swampert|56/100
|move|p2a: Swampert|Toxic|p1a: Swampert
|-status|p1a: Swampert|tox
|
|-weather|Sandstorm|[upkeep]
|-heal|p1a: Swampert|92/100 tox|[from] item: Leftovers
|-heal|p2a: Swampert|62/100|[from] item: Leftovers
|-damage|p1a: Swampert|86/100 tox|[from] psn
|upkeep
|turn|17
|
|t:|1730026233
|move|p2a: Swampert|Protect|p2a: Swampert
|-singleturn|p2a: Swampert|Protect
|move|p1a: Swampert|Hydro Pump|p2a: Swampert
|-activate|p2a: Swampert|Protect
|
|-weather|Sandstorm|[upkeep]
|-heal|p1a: Swampert|92/100 tox|[from] item: Leftovers
|-heal|p2a: Swampert|68/100|[from] item: Leftovers
|-damage|p1a: Swampert|80/100 tox|[from] psn
|upkeep
|turn|18
|
|t:|1730026241
|switch|p2a: Blissey|Blissey, F|100/100
|move|p1a: Swampert|Hydro Pump|p2a: Blissey
|-damage|p2a: Blissey|88/100
|
|-weather|Sandstorm|[upkeep]
|-damage|p2a: Blissey|82/100|[from] Sandstorm
|-heal|p2a: Blissey|88/100|[from] item: Leftovers
|-heal|p1a: Swampert|86/100 tox|[from] item: Leftovers
|-damage|p1a: Swampert|67/100 tox|[from] psn
|upkeep
|turn|19
|inactive|Elisy has 210 seconds left.
|
|t:|1730026259
|switch|p1a: Metagross|Metagross|100/100
|move|p2a: Blissey|Thunder Wave|p1a: Metagross
|-status|p1a: Metagross|par
|-enditem|p1a: Metagross|Lum Berry|[eat]
|-curestatus|p1a: Metagross|par|[msg]
|
|-weather|Sandstorm|[upkeep]
|-damage|p2a: Blissey|82/100|[from] Sandstorm
|-heal|p2a: Blissey|88/100|[from] item: Leftovers
|upkeep
|turn|20
|inactive|Elisy has 210 seconds left.
|inactive|Elisy has 180 seconds left.
|
|t:|1730026301
|switch|p2a: Swampert|Swampert, M|68/100
|move|p1a: Metagross|Meteor Mash|p2a: Swampert
|-resisted|p2a: Swampert
|-damage|p2a: Swampert|49/100
|-boost|p1a: Metagross|atk|1
|
|-weather|Sandstorm|[upkeep]
|-heal|p2a: Swampert|55/100|[from] item: Leftovers
|upkeep
|turn|21
|inactive|Elisy has 180 seconds left.
|
|t:|1730026320
|move|p2a: Swampert|Protect|p2a: Swampert
|-singleturn|p2a: Swampert|Protect
|move|p1a: Metagross|Earthquake|p2a: Swampert
|-activate|p2a: Swampert|Protect
|
|-weather|Sandstorm|[upkeep]
|-heal|p2a: Swampert|61/100|[from] item: Leftovers
|upkeep
|turn|22
|inactive|Elisy has 180 seconds left.
|
|t:|1730026336
|move|p1a: Metagross|Agility|p1a: Metagross
|-boost|p1a: Metagross|spe|2
|move|p2a: Swampert|Earthquake|p1a: Metagross
|-supereffective|p1a: Metagross
|-damage|p1a: Metagross|44/100
|
|-weather|Sandstorm|[upkeep]
|-heal|p2a: Swampert|67/100|[from] item: Leftovers
|upkeep
|turn|23
|
|t:|1730026345
|move|p2a: Swampert|Protect|p2a: Swampert
|-singleturn|p2a: Swampert|Protect
|move|p1a: Metagross|Earthquake|p2a: Swampert
|-activate|p2a: Swampert|Protect
|
|-weather|Sandstorm|[upkeep]
|-heal|p2a: Swampert|74/100|[from] item: Leftovers
|upkeep
|turn|24
|inactive|Elisy has 180 seconds left.
|
|t:|1730026350
|move|p1a: Metagross|Earthquake|p2a: Swampert
|-damage|p2a: Swampert|34/100
|move|p2a: Swampert|Earthquake|p1a: Metagross
|-supereffective|p1a: Metagross
|-damage|p1a: Metagross|0 fnt
|faint|p1a: Metagross
|
|t:|1730026354
|switch|p1a: Jolteon|Jolteon, M|51/100 brn
|
|-weather|Sandstorm|[upkeep]
|-damage|p1a: Jolteon|45/100 brn|[from] Sandstorm
|-heal|p1a: Jolteon|51/100 brn|[from] item: Leftovers
|-damage|p1a: Jolteon|38/100 brn|[from] brn
|-heal|p2a: Swampert|40/100|[from] item: Leftovers
|upkeep
|turn|25
|inactive|Elisy has 180 seconds left.
|
|t:|1730026377
|switch|p2a: Blissey|Blissey, F|88/100
|move|p1a: Jolteon|Hidden Power|p2a: Blissey
|-damage|p2a: Blissey|80/100
|
|-weather|Sandstorm|[upkeep]
|-damage|p1a: Jolteon|32/100 brn|[from] Sandstorm
|-damage|p2a: Blissey|74/100|[from] Sandstorm
|-heal|p1a: Jolteon|38/100 brn|[from] item: Leftovers
|-damage|p1a: Jolteon|26/100 brn|[from] brn
|-heal|p2a: Blissey|80/100|[from] item: Leftovers
|upkeep
|turn|26
|inactive|Elisy has 180 seconds left.
|
|t:|1730026384
|move|p1a: Jolteon|Baton Pass|p1a: Jolteon
|
|t:|1730026386
|switch|p1a: Swampert|Swampert, F|67/100 tox|[from] Baton Pass
|move|p2a: Blissey|Seismic Toss|p1a: Swampert
|-damage|p1a: Swampert|42/100 tox
|
|-weather|Sandstorm|[upkeep]
|-damage|p2a: Blissey|74/100|[from] Sandstorm
|-heal|p2a: Blissey|80/100|[from] item: Leftovers
|-heal|p1a: Swampert|49/100 tox|[from] item: Leftovers
|-damage|p1a: Swampert|42/100 tox|[from] psn
|upkeep
|turn|27
|
|t:|1730026399
|move|p2a: Blissey|Soft-Boiled|p2a: Blissey
|-heal|p2a: Blissey|100/100
|move|p1a: Swampert|Earthquake|p2a: Blissey
|-damage|p2a: Blissey|68/100
|
|-weather|Sandstorm|[upkeep]
|-damage|p2a: Blissey|62/100|[from] Sandstorm
|-heal|p2a: Blissey|68/100|[from] item: Leftovers
|-heal|p1a: Swampert|49/100 tox|[from] item: Leftovers
|-damage|p1a: Swampert|36/100 tox|[from] psn
|upkeep
|turn|28
|
|t:|1730026410
|switch|p1a: Aerodactyl|Aerodactyl, F|100/100
|move|p2a: Blissey|Soft-Boiled|p2a: Blissey
|-heal|p2a: Blissey|100/100
|
|-weather|Sandstorm|[upkeep]
|-damage|p2a: Blissey|94/100|[from] Sandstorm
|-heal|p2a: Blissey|100/100|[from] item: Leftovers
|upkeep
|turn|29
|
|t:|1730026422
|move|p1a: Aerodactyl|Rock Slide|p2a: Blissey
|-damage|p2a: Blissey|54/100
|move|p2a: Blissey|Thunder Wave|p1a: Aerodactyl
|-status|p1a: Aerodactyl|par
|
|-weather|Sandstorm|[upkeep]
|-damage|p2a: Blissey|48/100|[from] Sandstorm
|-heal|p2a: Blissey|54/100|[from] item: Leftovers
|upkeep
|turn|30
|
|t:|1730026435
|switch|p2a: Metagross|Metagross|80/100
|move|p1a: Aerodactyl|Rock Slide|p2a: Metagross
|-resisted|p2a: Metagross
|-damage|p2a: Metagross|63/100
|
|-weather|Sandstorm|[upkeep]
|upkeep
|turn|31
|
|t:|1730026445
|switch|p1a: Swampert|Swampert, F|36/100 tox
|move|p2a: Metagross|Meteor Mash|p1a: Swampert
|-resisted|p1a: Swampert
|-damage|p1a: Swampert|6/100 tox
|-boost|p2a: Metagross|atk|1
|
|-weather|Sandstorm|[upkeep]
|-heal|p1a: Swampert|12/100 tox|[from] item: Leftovers
|-damage|p1a: Swampert|6/100 tox|[from] psn
|upkeep
|turn|32
|
|t:|1730026456
|switch|p2a: Blissey|Blissey, F|54/100
|move|p1a: Swampert|Earthquake|p2a: Blissey
|-damage|p2a: Blissey|22/100
|
|-weather|Sandstorm|[upkeep]
|-damage|p2a: Blissey|16/100|[from] Sandstorm
|-heal|p2a: Blissey|22/100|[from] item: Leftovers
|-heal|p1a: Swampert|12/100 tox|[from] item: Leftovers
|-damage|p1a: Swampert|0 fnt|[from] psn
|faint|p1a: Swampert
|upkeep
|
|t:|1730026464
|switch|p1a: Tyranitar|Tyranitar, M|100/100
|turn|33
|inactive|Elisy has 180 seconds left.
|inactive|Elisy has 150 seconds left.
|
|t:|1730026538
|switch|p2a: Swampert|Swampert, M|40/100
|move|p1a: Tyranitar|Dragon Dance|p1a: Tyranitar
|-boost|p1a: Tyranitar|atk|1
|-boost|p1a: Tyranitar|spe|1
|
|-weather|Sandstorm|[upkeep]
|-heal|p2a: Swampert|47/100|[from] item: Leftovers
|upkeep
|turn|34
|
|t:|1730026560
|move|p1a: Tyranitar|Earthquake|p2a: Swampert
|-damage|p2a: Swampert|15/100
|move|p2a: Swampert|Earthquake|p1a: Tyranitar
|-supereffective|p1a: Tyranitar
|-damage|p1a: Tyranitar|43/100
|
|-weather|Sandstorm|[upkeep]
|-heal|p2a: Swampert|21/100|[from] item: Leftovers
|upkeep
|turn|35
|inactive|Elisy has 120 seconds left.
|inactive|Elisy has 90 seconds left.
|inactive|Elisy has 60 seconds left.
|
|t:|1730026644
|move|p1a: Tyranitar|Earthquake|p2a: Swampert
|-damage|p2a: Swampert|0 fnt
|faint|p2a: Swampert
|inactive|Elisy has 60 seconds left.
|
|t:|1730026653
|switch|p2a: Starmie|Starmie|13/100
|
|-weather|Sandstorm|[upkeep]
|-damage|p2a: Starmie|7/100|[from] Sandstorm
|-heal|p2a: Starmie|13/100|[from] item: Leftovers
|upkeep
|turn|36
|
|t:|1730026662
|switch|p1a: Aerodactyl|Aerodactyl, F|100/100 par
|move|p2a: Starmie|Surf|p1a: Aerodactyl
|-supereffective|p1a: Aerodactyl
|-damage|p1a: Aerodactyl|0 fnt
|faint|p1a: Aerodactyl
|
|t:|1730026667
|switch|p1a: Jolteon|Jolteon, M|26/100 brn
|
|-weather|Sandstorm|[upkeep]
|-damage|p1a: Jolteon|20/100 brn|[from] Sandstorm
|-damage|p2a: Starmie|7/100|[from] Sandstorm
|-heal|p1a: Jolteon|26/100 brn|[from] item: Leftovers
|-damage|p1a: Jolteon|14/100 brn|[from] brn
|-heal|p2a: Starmie|13/100|[from] item: Leftovers
|upkeep
|turn|37
|
|t:|1730026676
|switch|p2a: Blissey|Blissey, F|22/100
|move|p1a: Jolteon|Thunderbolt|p2a: Blissey
|-damage|p2a: Blissey|7/100
|
|-weather|Sandstorm|[upkeep]
|-damage|p1a: Jolteon|7/100 brn|[from] Sandstorm
|-damage|p2a: Blissey|1/100|[from] Sandstorm
|-heal|p1a: Jolteon|14/100 brn|[from] item: Leftovers
|-damage|p1a: Jolteon|1/100 brn|[from] brn
|-heal|p2a: Blissey|7/100|[from] item: Leftovers
|upkeep
|turn|38
|
|t:|1730026685
|move|p1a: Jolteon|Thunderbolt|p2a: Blissey
|-damage|p2a: Blissey|0 fnt
|faint|p2a: Blissey
|
|t:|1730026693
|switch|p2a: Starmie|Starmie|13/100
|
|-weather|Sandstorm|[upkeep]
|-damage|p1a: Jolteon|0 fnt|[from] Sandstorm
|-damage|p2a: Starmie|7/100|[from] Sandstorm
|faint|p1a: Jolteon
|-heal|p2a: Starmie|13/100|[from] item: Leftovers
|upkeep
|c|☆incognidoqueen|Ggwp
|
|t:|1730026704
|switch|p1a: Tyranitar|Tyranitar, M|43/100
|turn|39
|c|☆Elisy|gg
|
|t:|1730026708
|move|p2a: Starmie|Surf|p1a: Tyranitar
|-supereffective|p1a: Tyranitar
|-damage|p1a: Tyranitar|0 fnt
|faint|p1a: Tyranitar
|
|win|Elisy
|c|☆incognidoqueen|Good luck with the rest of the tournament 
|c|☆incognidoqueen|This was a fun set, you're a good opponent 
|c|☆Elisy|ty <3
|c|☆Elisy|i hoped that ttar wasnt jolly 252 lol
|c|☆incognidoqueen|Not today
|c|☆Elisy|i was really scared about its spread
|c|☆incognidoqueen|Maybe I should have tried for DD again into pert and gone for flinch
|c|☆Elisy|anyways yeah it was a fun set
|c|☆incognidoqueen|Didn't play the endgame properly 
|c|☆incognidoqueen|But thanks for the games anyway 
|c|☆Elisy|you guessed that mindgame
|c|☆Elisy|cause i wanted to go for the protect
|c|☆Elisy|but i thought you could ddance again
|c|☆Elisy|so i used eq
|c|☆incognidoqueen|In any case you won :) hope I see you make it through to top cut. I guess I'm out now

</script>
<script type="application/json" class="data" id="replaydata-smogtours-gen3ou-802420">
{"id":"smogtours-gen3ou-802420","format":"[Gen 3] OU","players":["incognidoqueen","Elisy"],"uploadtime":1730026708,"views":76,"formatid":"gen3ou","rating":null,"private":1,"password":null}
</script>

<script defer src="js/replays.js?9d40a366"></script>
