<!DOCTYPE html>
<meta charset="utf-8" />
<meta name="viewport" content="width=device-width" />

<title>[Gen 3] OU: salmonlad vs. True Lawbringer - Replays - Pok&eacute;mon Showdown!</title>

<meta name="description" content="Watch a replay of a Pok&eacute;mon battle between salmonlad and True Lawbringer! Format: [Gen 3] OU; Date: Oct 14, 2024" />
<!--

Hey, you! Looking in the source for the replay log?

You can find them in JSON format, just add `.json` at the end of a replay URL.

https://replay.pokemonshowdown.com/gen7randomdoublesbattle-865046831.json

Or, if you only need the log itself, add `.log` instead:

https://replay.pokemonshowdown.com/gen7randomdoublesbattle-865046831.log

-->

<link rel="stylesheet" href="//pokemonshowdown.com/style/global.css?0.023195364461161105" />
<link rel="stylesheet" href="//play.pokemonshowdown.com/style/font-awesome.css?0.13261647063804238" />
<link rel="stylesheet" href="//play.pokemonshowdown.com/style/battle.css?0.8753245789963631" />
<link rel="stylesheet" href="//play.pokemonshowdown.com/style/utilichart.css?0.8627959624976733" />

<!-- Global site tag (gtag.js) - Google Analytics -->
<script async src="https://www.googletagmanager.com/gtag/js?id=UA-26211653-1"></script>
<script>
  window.dataLayer = window.dataLayer || [];
  function gtag(){dataLayer.push(arguments);}
  gtag('js', new Date());

  gtag('config', 'UA-26211653-1');
</script>
<!-- End Google Analytics -->
<!-- Venatus Ad Manager - Install in <HEAD> of page -->
	<script src="https://hb.vntsm.com/v3/live/ad-manager.min.js" type="text/javascript" data-site-id="642aba63ec9a7b11c3c9c1be" data-mode="scan" async></script>
<!-- / Venatus Ad Manager -->

<style>
	@media (max-width:820px) {
		.battle {
			margin: 0 auto;
		}
		.battle-log {
			margin: 7px auto 0;
			max-width: 640px;
			height: 300px;
			position: static;
		}
	}
	.optgroup {
		display: inline-block;
		line-height: 22px;
		font-size: 10pt;
	}
	.optgroup .button {
		height: 25px;
		padding-top: 0;
		padding-bottom: 0;
	}
	.optgroup button.button {
		padding-left: 12px;
		padding-right: 12px;
	}
	.linklist {
		list-style: none;
		margin: 0.5em 0;
		padding: 0;
	}
	.linklist li {
		padding: 2px 0;
	}
	.sidebar {
		float: left;
		width: 320px;
	}
	.bar-wrapper {
		max-width: 1100px;
		margin: 0 auto;
	}
	.bar-wrapper.has-sidebar {
		max-width: 1430px;
	}
	.mainbar {
		margin: 0;
		padding-right: 1px;
	}
	.mainbar.has-sidebar {
		margin-left: 330px;
	}
	@media (min-width: 1511px) {
		.sidebar {
			width: 400px;
		}
		.bar-wrapper.has-sidebar {
			max-width: 1510px;
		}
		.mainbar.has-sidebar {
			margin-left: 410px;
		}
	}
	.section.first-section {
		margin-top: 9px;
	}
	.blocklink small {
		white-space: normal;
	}
	.button {
		vertical-align: middle;
	}
	.replay-controls {
		padding-top: 10px;
	}
	.replay-controls h1 {
		font-size: 16pt;
		font-weight: normal;
		color: #CCC;
	}
	.pagelink {
		text-align: center;
	}
	.pagelink a {
		width: 150px;
	}
	.textbox, .button {
		font-size: 11pt;
		vertical-align: middle;
	}
	@media (max-width: 450px) {
		.button {
			font-size: 9pt;
		}
	}
</style>

<div>

	<header>
		<div class="nav-wrapper"><ul class="nav">
			<li><a class="button nav-first" href="//pokemonshowdown.com/"><img src="//pokemonshowdown.com/images/pokemonshowdownbeta.png" srcset="//pokemonshowdown.com/images/pokemonshowdownbeta.png 1x, //pokemonshowdown.com/images/pokemonshowdownbeta@2x.png 2x" alt="Pok&eacute;mon Showdown" width="146" height="44" /> Home</a></li>
			<li><a class="button" href="//pokemonshowdown.com/dex/">Pok&eacute;dex</a></li>
			<li><a class="button cur" href="/">Replays</a></li>
			<li><a class="button" href="//pokemonshowdown.com/ladder/">Ladder</a></li>
			<li><a class="button nav-last" href="//pokemonshowdown.com/forums/">Forum</a></li>
			<li><a class="button greenbutton nav-first nav-last" href="//play.pokemonshowdown.com/">Play</a></li>
		</ul></div>
	</header>

	<div class="main" id="main">

		<noscript><section class="section">You need to enable JavaScript to use this page; sorry!</section></noscript>

	</div>

</div>

<script defer nomodule src="//play.pokemonshowdown.com/js/lib/ps-polyfill.js"></script>
<script defer src="//play.pokemonshowdown.com/js/lib/preact.min.js"></script>

<script defer src="//play.pokemonshowdown.com/config/config.js?2bddbc15"></script>
<script defer src="//play.pokemonshowdown.com/js/lib/jquery-1.11.0.min.js"></script>
<script defer src="//play.pokemonshowdown.com/js/lib/html-sanitizer-minified.js"></script>
<script defer src="//play.pokemonshowdown.com/js/battle-sound.js"></script>
<script defer src="//play.pokemonshowdown.com/js/battledata.js?0.7209276989879541"></script>
<script defer src="//play.pokemonshowdown.com/data/pokedex-mini.js?0.6111056340867951"></script>
<script defer src="//play.pokemonshowdown.com/data/pokedex-mini-bw.js?0.3532142036491459"></script>
<script defer src="//play.pokemonshowdown.com/data/graphics.js?0.24223875632456182"></script>
<script defer src="//play.pokemonshowdown.com/data/pokedex.js?0.38839984266356864"></script>
<script defer src="//play.pokemonshowdown.com/data/moves.js?0.21866028504024015"></script>
<script defer src="//play.pokemonshowdown.com/data/abilities.js?0.2005157953846628"></script>
<script defer src="//play.pokemonshowdown.com/data/items.js?0.9894211263848525"></script>
<script defer src="//play.pokemonshowdown.com/data/teambuilder-tables.js?0.6008791140282215"></script>
<script defer src="//play.pokemonshowdown.com/js/battle-tooltips.js?0.7580118955022959"></script>
<script defer src="//play.pokemonshowdown.com/js/battle.js?0.6057722274234274"></script>

<script defer src="js/utils.js?e31f9a17"></script>
<script defer src="js/replays-battle.js?7008c182"></script>

<!-- don't scrape this data! just add .json or .log after the URL!
Full API docs: https://github.com/smogon/pokemon-showdown-client/blob/master/WEB-API.md -->
<script type="text/plain" class="log" id="replaylog-smogtours-gen3ou-798531">
|inactive|Battle timer is ON: inactive players will automatically lose when time's up.
|t:|1728864286
|gametype|singles
|player|p1|salmonlad|266|
|player|p2|True Lawbringer|steven|
|teamsize|p1|6
|teamsize|p2|6
|gen|3
|tier|[Gen 3] OU
|rule|Sleep Clause Mod: Limit one foe put to sleep
|rule|Switch Priority Clause Mod: Faster Pokémon switch first
|rule|Species Clause: Limit one of each Pokémon
|rule|OHKO Clause: OHKO moves are banned
|rule|Evasion Items Clause: Evasion items are banned
|rule|Evasion Moves Clause: Evasion moves are banned
|rule|Endless Battle Clause: Forcing endless battles is banned
|rule|HP Percentage Mod: HP is shown in percentages
|rule|One Boost Passer Clause: Limit one Baton Passer that has a way to boost its stats
|rule|Freeze Clause Mod: Limit one foe frozen
|
|t:|1728864286
|start
|switch|p1a: Zanna|Zapdos|100/100
|switch|p2a: Skarmory|Skarmory, F|100/100
|turn|1
|c|☆salmonlad|glhf 
|
|t:|1728864310
|switch|p2a: Swampert|Swampert, F|100/100
|move|p1a: Zanna|Substitute|p1a: Zanna
|-start|p1a: Zanna|Substitute
|-damage|p1a: Zanna|76/100
|
|-heal|p1a: Zanna|82/100|[from] item: Leftovers
|upkeep
|turn|2
|c|☆True Lawbringer|GLHF
|
|t:|1728864321
|switch|p2a: Skarmory|Skarmory, F|100/100
|move|p1a: Zanna|Hidden Power|p2a: Skarmory
|-resisted|p2a: Skarmory
|-damage|p2a: Skarmory|95/100
|
|-heal|p1a: Zanna|88/100|[from] item: Leftovers
|-heal|p2a: Skarmory|100/100|[from] item: Leftovers
|upkeep
|turn|3
|
|t:|1728864348
|move|p1a: Zanna|Thunderbolt|p2a: Skarmory
|-supereffective|p2a: Skarmory
|-damage|p2a: Skarmory|18/100
|move|p2a: Skarmory|Roar|p1a: Zanna
|drag|p1a: Dominio|Dugtrio, M|100/100
|
|-heal|p2a: Skarmory|24/100|[from] item: Leftovers
|upkeep
|turn|4
|
|t:|1728864362
|switch|p1a: Zanna|Zapdos|88/100
|switch|p2a: Aggron|Aggron, M|100/100
|
|-heal|p1a: Zanna|94/100|[from] item: Leftovers
|upkeep
|turn|5
|
|t:|1728864376
|move|p1a: Zanna|Baton Pass|p1a: Zanna
|
|t:|1728864378
|switch|p1a: Dominio|Dugtrio, M|100/100|[from] Baton Pass
|move|p2a: Aggron|Substitute|p2a: Aggron
|-start|p2a: Aggron|Substitute
|-damage|p2a: Aggron|76/100
|
|-heal|p2a: Aggron|82/100|[from] item: Leftovers
|upkeep
|turn|6
|
|t:|1728864385
|-singleturn|p2a: Aggron|move: Focus Punch
|move|p1a: Dominio|Earthquake|p2a: Aggron
|-supereffective|p2a: Aggron
|-end|p2a: Aggron|Substitute
|move|p2a: Aggron|Focus Punch|p1a: Dominio
|-damage|p1a: Dominio|0 fnt
|faint|p1a: Dominio
|
|t:|1728864403
|switch|p1a: Alterazione|Ludicolo, F|100/100
|
|-heal|p2a: Aggron|88/100|[from] item: Leftovers
|upkeep
|turn|7
|
|t:|1728864413
|switch|p2a: Blissey|Blissey, F, shiny|100/100
|move|p1a: Alterazione|Rain Dance|p1a: Alterazione
|-weather|RainDance
|
|-weather|RainDance|[upkeep]
|upkeep
|turn|8
|
|t:|1728864424
|switch|p1a: Soluzione|Suicune|100/100
|move|p2a: Blissey|Toxic|p1a: Soluzione|[miss]
|-miss|p2a: Blissey|p1a: Soluzione
|
|-weather|RainDance|[upkeep]
|upkeep
|turn|9
|
|t:|1728864445
|move|p1a: Soluzione|Calm Mind|p1a: Soluzione
|-boost|p1a: Soluzione|spa|1
|-boost|p1a: Soluzione|spd|1
|move|p2a: Blissey|Toxic|p1a: Soluzione
|-status|p1a: Soluzione|tox
|
|-weather|RainDance|[upkeep]
|-damage|p1a: Soluzione|94/100 tox|[from] psn
|upkeep
|turn|10
|
|t:|1728864458
|move|p1a: Soluzione|Calm Mind|p1a: Soluzione
|-boost|p1a: Soluzione|spa|1
|-boost|p1a: Soluzione|spd|1
|move|p2a: Blissey|Wish|p2a: Blissey
|
|-weather|RainDance|[upkeep]
|-heal|p1a: Soluzione|100/100 tox|[from] item: Leftovers
|-damage|p1a: Soluzione|88/100 tox|[from] psn
|upkeep
|turn|11
|
|t:|1728864468
|switch|p2a: Skarmory|Skarmory, F|24/100
|move|p1a: Soluzione|Surf|p2a: Skarmory
|-damage|p2a: Skarmory|0 fnt
|faint|p2a: Skarmory
|
|t:|1728864477
|switch|p2a: Aggron|Aggron, M|88/100
|
|-heal|p2a: Aggron|100/100|[from] move: Wish|[wisher] Blissey
|-weather|none
|-heal|p1a: Soluzione|94/100 tox|[from] item: Leftovers
|-damage|p1a: Soluzione|76/100 tox|[from] psn
|upkeep
|turn|12
|
|t:|1728864489
|switch|p2a: Blissey|Blissey, F, shiny|100/100
|move|p1a: Soluzione|Surf|p2a: Blissey
|-damage|p2a: Blissey|64/100
|
|-heal|p1a: Soluzione|82/100 tox|[from] item: Leftovers
|-damage|p1a: Soluzione|58/100 tox|[from] psn
|-heal|p2a: Blissey|70/100|[from] item: Leftovers
|upkeep
|turn|13
|inactive|True Lawbringer has 270 seconds left.
|
|t:|1728864516
|move|p1a: Soluzione|Rest|p1a: Soluzione
|-status|p1a: Soluzione|slp|[from] move: Rest
|-heal|p1a: Soluzione|100/100 slp|[silent]
|move|p2a: Blissey|Wish|p2a: Blissey
|
|-heal|p2a: Blissey|76/100|[from] item: Leftovers
|upkeep
|turn|14
|inactive|True Lawbringer has 270 seconds left.
|
|t:|1728864522
|switch|p2a: Gengar|Gengar, F|100/100
|cant|p1a: Soluzione|slp
|
|upkeep
|turn|15
|
|t:|1728864525
|move|p2a: Gengar|Curse|p1a: Soluzione
|-start|p1a: Soluzione|Curse|[of] p2a: Gengar
|-damage|p2a: Gengar|51/100
|cant|p1a: Soluzione|slp
|
|-heal|p2a: Gengar|57/100|[from] item: Leftovers
|-damage|p1a: Soluzione|76/100 slp|[from] Curse
|upkeep
|turn|16
|
|t:|1728864532
|switch|p2a: Blissey|Blissey, F, shiny|76/100
|-curestatus|p1a: Soluzione|slp|[msg]
|move|p1a: Soluzione|Surf|p2a: Blissey
|-damage|p2a: Blissey|40/100
|
|-heal|p1a: Soluzione|82/100|[from] item: Leftovers
|-damage|p1a: Soluzione|57/100|[from] Curse
|-heal|p2a: Blissey|46/100|[from] item: Leftovers
|upkeep
|turn|17
|
|t:|1728864546
|move|p2a: Blissey|Protect|p2a: Blissey
|-singleturn|p2a: Blissey|Protect
|move|p1a: Soluzione|Calm Mind|p1a: Soluzione
|-boost|p1a: Soluzione|spa|1
|-boost|p1a: Soluzione|spd|1
|
|-heal|p1a: Soluzione|63/100|[from] item: Leftovers
|-damage|p1a: Soluzione|38/100|[from] Curse
|-heal|p2a: Blissey|52/100|[from] item: Leftovers
|upkeep
|turn|18
|
|t:|1728864556
|move|p1a: Soluzione|Surf|p2a: Blissey
|-damage|p2a: Blissey|10/100
|move|p2a: Blissey|Wish|p2a: Blissey
|
|-heal|p1a: Soluzione|44/100|[from] item: Leftovers
|-damage|p1a: Soluzione|19/100|[from] Curse
|-heal|p2a: Blissey|16/100|[from] item: Leftovers
|upkeep
|turn|19
|
|t:|1728864565
|move|p2a: Blissey|Protect|p2a: Blissey
|-singleturn|p2a: Blissey|Protect
|move|p1a: Soluzione|Rest|p1a: Soluzione
|-status|p1a: Soluzione|slp|[from] move: Rest
|-heal|p1a: Soluzione|100/100 slp|[silent]
|
|-heal|p2a: Blissey|66/100|[from] move: Wish|[wisher] Blissey
|-damage|p1a: Soluzione|76/100 slp|[from] Curse
|-heal|p2a: Blissey|72/100|[from] item: Leftovers
|upkeep
|turn|20
|
|t:|1728864574
|cant|p1a: Soluzione|slp
|move|p2a: Blissey|Wish|p2a: Blissey
|
|-heal|p1a: Soluzione|82/100 slp|[from] item: Leftovers
|-damage|p1a: Soluzione|57/100 slp|[from] Curse
|-heal|p2a: Blissey|78/100|[from] item: Leftovers
|upkeep
|turn|21
|
|t:|1728864583
|cant|p1a: Soluzione|slp
|move|p2a: Blissey|Toxic||[still]
|-fail|p2a: Blissey
|
|-heal|p2a: Blissey|100/100|[from] move: Wish|[wisher] Blissey
|-heal|p1a: Soluzione|63/100 slp|[from] item: Leftovers
|-damage|p1a: Soluzione|38/100 slp|[from] Curse
|upkeep
|turn|22
|
|t:|1728864587
|-curestatus|p1a: Soluzione|slp|[msg]
|move|p1a: Soluzione|Surf|p2a: Blissey
|-damage|p2a: Blissey|56/100
|move|p2a: Blissey|Toxic|p1a: Soluzione
|-status|p1a: Soluzione|tox
|
|-heal|p1a: Soluzione|44/100 tox|[from] item: Leftovers
|-damage|p1a: Soluzione|38/100 tox|[from] psn
|-damage|p1a: Soluzione|13/100 tox|[from] Curse
|-heal|p2a: Blissey|62/100|[from] item: Leftovers
|upkeep
|turn|23
|
|t:|1728864601
|switch|p2a: Aggron|Aggron, M|100/100
|move|p1a: Soluzione|Rest|p1a: Soluzione
|-status|p1a: Soluzione|slp|[from] move: Rest
|-heal|p1a: Soluzione|100/100 slp|[silent]
|
|-damage|p1a: Soluzione|76/100 slp|[from] Curse
|upkeep
|turn|24
|
|t:|1728864610
|switch|p1a: Zanna|Zapdos|94/100
|move|p2a: Aggron|Substitute|p2a: Aggron
|-start|p2a: Aggron|Substitute
|-damage|p2a: Aggron|76/100
|
|-heal|p1a: Zanna|100/100|[from] item: Leftovers
|-heal|p2a: Aggron|82/100|[from] item: Leftovers
|upkeep
|turn|25
|
|t:|1728864622
|move|p1a: Zanna|Thunderbolt|p2a: Aggron
|-end|p2a: Aggron|Substitute
|move|p2a: Aggron|Rock Slide|p1a: Zanna
|-supereffective|p1a: Zanna
|-damage|p1a: Zanna|3/100
|
|-heal|p1a: Zanna|9/100|[from] item: Leftovers
|-heal|p2a: Aggron|88/100|[from] item: Leftovers
|upkeep
|turn|26
|
|t:|1728864645
|switch|p2a: Blissey|Blissey, F, shiny|62/100
|move|p1a: Zanna|Thunderbolt|p2a: Blissey
|-damage|p2a: Blissey|42/100
|
|-heal|p1a: Zanna|15/100|[from] item: Leftovers
|-heal|p2a: Blissey|48/100|[from] item: Leftovers
|upkeep
|turn|27
|
|t:|1728864654
|switch|p1a: Morigeratezza|Metagross|100/100
|move|p2a: Blissey|Wish|p2a: Blissey
|
|-heal|p2a: Blissey|55/100|[from] item: Leftovers
|upkeep
|turn|28
|
|t:|1728864666
|move|p2a: Blissey|Protect|p2a: Blissey
|-singleturn|p2a: Blissey|Protect
|move|p1a: Morigeratezza|Meteor Mash|p2a: Blissey
|-activate|p2a: Blissey|Protect
|
|-heal|p2a: Blissey|100/100|[from] move: Wish|[wisher] Blissey
|upkeep
|turn|29
|
|t:|1728864671
|switch|p2a: Swampert|Swampert, F|100/100
|move|p1a: Morigeratezza|Meteor Mash|p2a: Swampert
|-resisted|p2a: Swampert
|-damage|p2a: Swampert|82/100
|
|-heal|p2a: Swampert|88/100|[from] item: Leftovers
|upkeep
|turn|30
|
|t:|1728864680
|move|p1a: Morigeratezza|Protect|p1a: Morigeratezza
|-singleturn|p1a: Morigeratezza|Protect
|move|p2a: Swampert|Earthquake|p1a: Morigeratezza
|-activate|p1a: Morigeratezza|Protect
|
|-heal|p2a: Swampert|94/100|[from] item: Leftovers
|upkeep
|turn|31
|
|t:|1728864683
|move|p1a: Morigeratezza|Explosion|p2a: Swampert
|-damage|p2a: Swampert|0 fnt
|faint|p1a: Morigeratezza
|faint|p2a: Swampert
|
|t:|1728864688
|switch|p1a: Zanna|Zapdos|15/100
|switch|p2a: Gengar|Gengar, F|57/100
|
|-heal|p2a: Gengar|63/100|[from] item: Leftovers
|-heal|p1a: Zanna|22/100|[from] item: Leftovers
|upkeep
|turn|32
|inactive|True Lawbringer has 270 seconds left.
|
|t:|1728864719
|switch|p1a: Soluzione|Suicune|76/100 slp
|move|p2a: Gengar|Ice Punch|p1a: Soluzione
|-resisted|p1a: Soluzione
|-crit|p1a: Soluzione
|-damage|p1a: Soluzione|55/100 slp
|
|-heal|p2a: Gengar|68/100|[from] item: Leftovers
|-heal|p1a: Soluzione|61/100 slp|[from] item: Leftovers
|upkeep
|turn|33
|
|t:|1728864726
|move|p2a: Gengar|Curse|p1a: Soluzione
|-start|p1a: Soluzione|Curse|[of] p2a: Gengar
|-damage|p2a: Gengar|19/100
|cant|p1a: Soluzione|slp
|
|-heal|p2a: Gengar|25/100|[from] item: Leftovers
|-heal|p1a: Soluzione|68/100 slp|[from] item: Leftovers
|-damage|p1a: Soluzione|43/100 slp|[from] Curse
|upkeep
|turn|34
|
|t:|1728864733
|switch|p2a: Blissey|Blissey, F, shiny|100/100
|cant|p1a: Soluzione|slp
|
|-heal|p1a: Soluzione|49/100 slp|[from] item: Leftovers
|-damage|p1a: Soluzione|24/100 slp|[from] Curse
|upkeep
|turn|35
|
|t:|1728864744
|switch|p1a: Zanna|Zapdos|22/100
|move|p2a: Blissey|Wish|p2a: Blissey
|
|-heal|p1a: Zanna|28/100|[from] item: Leftovers
|upkeep
|turn|36
|
|t:|1728864753
|move|p1a: Zanna|Substitute|p1a: Zanna
|-start|p1a: Zanna|Substitute
|-damage|p1a: Zanna|3/100
|move|p2a: Blissey|Ice Beam|p1a: Zanna
|-supereffective|p1a: Zanna
|-end|p1a: Zanna|Substitute
|
|-heal|p1a: Zanna|9/100|[from] item: Leftovers
|upkeep
|turn|37
|
|t:|1728864765
|switch|p1a: Soluzione|Suicune|24/100 slp
|move|p2a: Blissey|Ice Beam|p1a: Soluzione
|-resisted|p1a: Soluzione
|-damage|p1a: Soluzione|13/100 slp
|
|-heal|p1a: Soluzione|19/100 slp|[from] item: Leftovers
|upkeep
|turn|38
|
|t:|1728864769
|switch|p2a: Starmie|Starmie|100/100
|-curestatus|p1a: Soluzione|slp|[msg]
|move|p1a: Soluzione|Surf|p2a: Starmie
|-resisted|p2a: Starmie
|-damage|p2a: Starmie|67/100
|
|-heal|p2a: Starmie|73/100|[from] item: Leftovers
|-heal|p1a: Soluzione|25/100|[from] item: Leftovers
|upkeep
|turn|39
|
|t:|1728864777
|move|p2a: Starmie|Thunderbolt|p1a: Soluzione
|-supereffective|p1a: Soluzione
|-damage|p1a: Soluzione|0 fnt
|faint|p1a: Soluzione
|
|t:|1728864784
|switch|p1a: Risoluzione|Raikou, shiny|100/100
|
|-heal|p2a: Starmie|79/100|[from] item: Leftovers
|upkeep
|turn|40
|
|t:|1728864791
|move|p1a: Risoluzione|Substitute|p1a: Risoluzione
|-start|p1a: Risoluzione|Substitute
|-damage|p1a: Risoluzione|76/100
|move|p2a: Starmie|Hydro Pump|p1a: Risoluzione|[miss]
|-miss|p2a: Starmie|p1a: Risoluzione
|
|-heal|p2a: Starmie|85/100|[from] item: Leftovers
|-heal|p1a: Risoluzione|82/100|[from] item: Leftovers
|upkeep
|turn|41
|
|t:|1728864797
|move|p2a: Starmie|Hydro Pump|p1a: Risoluzione
|-end|p1a: Risoluzione|Substitute
|move|p1a: Risoluzione|Calm Mind|p1a: Risoluzione
|-boost|p1a: Risoluzione|spa|1
|-boost|p1a: Risoluzione|spd|1
|
|-heal|p1a: Risoluzione|88/100|[from] item: Leftovers
|-heal|p2a: Starmie|91/100|[from] item: Leftovers
|upkeep
|turn|42
|
|t:|1728864806
|move|p1a: Risoluzione|Substitute|p1a: Risoluzione
|-start|p1a: Risoluzione|Substitute
|-damage|p1a: Risoluzione|63/100
|move|p2a: Starmie|Hydro Pump|p1a: Risoluzione
|-end|p1a: Risoluzione|Substitute
|
|-heal|p1a: Risoluzione|69/100|[from] item: Leftovers
|-heal|p2a: Starmie|97/100|[from] item: Leftovers
|upkeep
|turn|43
|
|t:|1728864812
|move|p2a: Starmie|Hydro Pump|p1a: Risoluzione
|-damage|p1a: Risoluzione|31/100
|move|p1a: Risoluzione|Substitute|p1a: Risoluzione
|-start|p1a: Risoluzione|Substitute
|-damage|p1a: Risoluzione|6/100
|
|-heal|p2a: Starmie|100/100|[from] item: Leftovers
|-heal|p1a: Risoluzione|13/100|[from] item: Leftovers
|upkeep
|turn|44
|
|t:|1728864824
|move|p2a: Starmie|Ice Beam|p1a: Risoluzione
|-activate|p1a: Risoluzione|Substitute|[damage]
|move|p1a: Risoluzione|Calm Mind|p1a: Risoluzione
|-boost|p1a: Risoluzione|spa|1
|-boost|p1a: Risoluzione|spd|1
|
|-heal|p1a: Risoluzione|19/100|[from] item: Leftovers
|upkeep
|turn|45
|
|t:|1728864834
|move|p2a: Starmie|Ice Beam|p1a: Risoluzione
|-end|p1a: Risoluzione|Substitute
|move|p1a: Risoluzione|Calm Mind|p1a: Risoluzione
|-boost|p1a: Risoluzione|spa|1
|-boost|p1a: Risoluzione|spd|1
|
|-heal|p1a: Risoluzione|25/100|[from] item: Leftovers
|upkeep
|turn|46
|
|t:|1728864842
|switch|p2a: Blissey|Blissey, F, shiny|100/100
|move|p1a: Risoluzione|Thunderbolt|p2a: Blissey
|-damage|p2a: Blissey|59/100
|
|-heal|p1a: Risoluzione|31/100|[from] item: Leftovers
|-heal|p2a: Blissey|65/100|[from] item: Leftovers
|upkeep
|turn|47
|
|t:|1728864847
|move|p1a: Risoluzione|Substitute|p1a: Risoluzione
|-start|p1a: Risoluzione|Substitute
|-damage|p1a: Risoluzione|6/100
|move|p2a: Blissey|Wish|p2a: Blissey
|
|-heal|p1a: Risoluzione|13/100|[from] item: Leftovers
|-heal|p2a: Blissey|71/100|[from] item: Leftovers
|upkeep
|turn|48
|
|t:|1728864849
|move|p1a: Risoluzione|Calm Mind|p1a: Risoluzione
|-boost|p1a: Risoluzione|spa|1
|-boost|p1a: Risoluzione|spd|1
|move|p2a: Blissey|Ice Beam|p1a: Risoluzione
|-activate|p1a: Risoluzione|Substitute|[damage]
|
|-heal|p2a: Blissey|100/100|[from] move: Wish|[wisher] Blissey
|-heal|p1a: Risoluzione|19/100|[from] item: Leftovers
|upkeep
|turn|49
|
|t:|1728864853
|switch|p2a: Gengar|Gengar, F|25/100
|move|p1a: Risoluzione|Calm Mind|p1a: Risoluzione
|-boost|p1a: Risoluzione|spa|1
|-boost|p1a: Risoluzione|spd|1
|
|-heal|p1a: Risoluzione|25/100|[from] item: Leftovers
|-heal|p2a: Gengar|31/100|[from] item: Leftovers
|upkeep
|turn|50
|
|t:|1728864856
|move|p1a: Risoluzione|Thunderbolt|p2a: Gengar
|-damage|p2a: Gengar|0 fnt
|faint|p2a: Gengar
|
|t:|1728864858
|switch|p2a: Aggron|Aggron, M|88/100
|
|-heal|p1a: Risoluzione|31/100|[from] item: Leftovers
|-heal|p2a: Aggron|94/100|[from] item: Leftovers
|upkeep
|turn|51
|
|t:|1728864862
|move|p1a: Risoluzione|Thunderbolt|p2a: Aggron
|-crit|p2a: Aggron
|-damage|p2a: Aggron|0 fnt
|faint|p2a: Aggron
|
|t:|1728864864
|switch|p2a: Blissey|Blissey, F, shiny|100/100
|
|-heal|p1a: Risoluzione|38/100|[from] item: Leftovers
|upkeep
|turn|52
|
|t:|1728864872
|move|p1a: Risoluzione|Thunderbolt|p2a: Blissey
|-damage|p2a: Blissey|38/100
|move|p2a: Blissey|Ice Beam|p1a: Risoluzione
|-activate|p1a: Risoluzione|Substitute|[damage]
|
|-heal|p1a: Risoluzione|44/100|[from] item: Leftovers
|-heal|p2a: Blissey|44/100|[from] item: Leftovers
|upkeep
|turn|53
|c|☆True Lawbringer|gg
|
|t:|1728864879
|move|p1a: Risoluzione|Thunderbolt|p2a: Blissey
|-damage|p2a: Blissey|0 fnt
|faint|p2a: Blissey
|c|☆salmonlad|gg
|
|t:|1728864881
|switch|p2a: Starmie|Starmie|100/100
|
|-heal|p1a: Risoluzione|50/100|[from] item: Leftovers
|upkeep
|turn|54
|
|t:|1728864883
|move|p1a: Risoluzione|Thunderbolt|p2a: Starmie
|-supereffective|p2a: Starmie
|-damage|p2a: Starmie|0 fnt
|faint|p2a: Starmie
|
|win|salmonlad

</script>
<script type="application/json" class="data" id="replaydata-smogtours-gen3ou-798531">
{"id":"smogtours-gen3ou-798531","format":"[Gen 3] OU","players":["salmonlad","True Lawbringer"],"uploadtime":1728864883,"views":72,"formatid":"gen3ou","rating":null,"private":0,"password":null}
</script>

<script defer src="js/replays.js?9d40a366"></script>
