<!DOCTYPE html>
<meta charset="utf-8" />
<meta name="viewport" content="width=device-width" />

<title>[Gen 3] OU: Svejk97 vs. ali.gnome - Replays - Pok&eacute;mon Showdown!</title>

<meta name="description" content="Watch a replay of a Pok&eacute;mon battle between Svejk97 and ali.gnome! Format: [Gen 3] OU; Date: Oct 30, 2024" />
<!--

Hey, you! Looking in the source for the replay log?

You can find them in JSON format, just add `.json` at the end of a replay URL.

https://replay.pokemonshowdown.com/gen7randomdoublesbattle-865046831.json

Or, if you only need the log itself, add `.log` instead:

https://replay.pokemonshowdown.com/gen7randomdoublesbattle-865046831.log

-->

<link rel="stylesheet" href="//pokemonshowdown.com/style/global.css?0.023195364461161105" />
<link rel="stylesheet" href="//play.pokemonshowdown.com/style/font-awesome.css?0.13261647063804238" />
<link rel="stylesheet" href="//play.pokemonshowdown.com/style/battle.css?0.8753245789963631" />
<link rel="stylesheet" href="//play.pokemonshowdown.com/style/utilichart.css?0.8627959624976733" />

<!-- Global site tag (gtag.js) - Google Analytics -->
<script async src="https://www.googletagmanager.com/gtag/js?id=UA-26211653-1"></script>
<script>
  window.dataLayer = window.dataLayer || [];
  function gtag(){dataLayer.push(arguments);}
  gtag('js', new Date());

  gtag('config', 'UA-26211653-1');
</script>
<!-- End Google Analytics -->
<!-- Venatus Ad Manager - Install in <HEAD> of page -->
	<script src="https://hb.vntsm.com/v3/live/ad-manager.min.js" type="text/javascript" data-site-id="642aba63ec9a7b11c3c9c1be" data-mode="scan" async></script>
<!-- / Venatus Ad Manager -->

<style>
	@media (max-width:820px) {
		.battle {
			margin: 0 auto;
		}
		.battle-log {
			margin: 7px auto 0;
			max-width: 640px;
			height: 300px;
			position: static;
		}
	}
	.optgroup {
		display: inline-block;
		line-height: 22px;
		font-size: 10pt;
	}
	.optgroup .button {
		height: 25px;
		padding-top: 0;
		padding-bottom: 0;
	}
	.optgroup button.button {
		padding-left: 12px;
		padding-right: 12px;
	}
	.linklist {
		list-style: none;
		margin: 0.5em 0;
		padding: 0;
	}
	.linklist li {
		padding: 2px 0;
	}
	.sidebar {
		float: left;
		width: 320px;
	}
	.bar-wrapper {
		max-width: 1100px;
		margin: 0 auto;
	}
	.bar-wrapper.has-sidebar {
		max-width: 1430px;
	}
	.mainbar {
		margin: 0;
		padding-right: 1px;
	}
	.mainbar.has-sidebar {
		margin-left: 330px;
	}
	@media (min-width: 1511px) {
		.sidebar {
			width: 400px;
		}
		.bar-wrapper.has-sidebar {
			max-width: 1510px;
		}
		.mainbar.has-sidebar {
			margin-left: 410px;
		}
	}
	.section.first-section {
		margin-top: 9px;
	}
	.blocklink small {
		white-space: normal;
	}
	.button {
		vertical-align: middle;
	}
	.replay-controls {
		padding-top: 10px;
	}
	.replay-controls h1 {
		font-size: 16pt;
		font-weight: normal;
		color: #CCC;
	}
	.pagelink {
		text-align: center;
	}
	.pagelink a {
		width: 150px;
	}
	.textbox, .button {
		font-size: 11pt;
		vertical-align: middle;
	}
	@media (max-width: 450px) {
		.button {
			font-size: 9pt;
		}
	}
</style>

<div>

	<header>
		<div class="nav-wrapper"><ul class="nav">
			<li><a class="button nav-first" href="//pokemonshowdown.com/"><img src="//pokemonshowdown.com/images/pokemonshowdownbeta.png" srcset="//pokemonshowdown.com/images/pokemonshowdownbeta.png 1x, //pokemonshowdown.com/images/pokemonshowdownbeta@2x.png 2x" alt="Pok&eacute;mon Showdown" width="146" height="44" /> Home</a></li>
			<li><a class="button" href="//pokemonshowdown.com/dex/">Pok&eacute;dex</a></li>
			<li><a class="button cur" href="/">Replays</a></li>
			<li><a class="button" href="//pokemonshowdown.com/ladder/">Ladder</a></li>
			<li><a class="button nav-last" href="//pokemonshowdown.com/forums/">Forum</a></li>
			<li><a class="button greenbutton nav-first nav-last" href="//play.pokemonshowdown.com/">Play</a></li>
		</ul></div>
	</header>

	<div class="main" id="main">

		<noscript><section class="section">You need to enable JavaScript to use this page; sorry!</section></noscript>

	</div>

</div>

<script defer nomodule src="//play.pokemonshowdown.com/js/lib/ps-polyfill.js"></script>
<script defer src="//play.pokemonshowdown.com/js/lib/preact.min.js"></script>

<script defer src="//play.pokemonshowdown.com/config/config.js?2bddbc15"></script>
<script defer src="//play.pokemonshowdown.com/js/lib/jquery-1.11.0.min.js"></script>
<script defer src="//play.pokemonshowdown.com/js/lib/html-sanitizer-minified.js"></script>
<script defer src="//play.pokemonshowdown.com/js/battle-sound.js"></script>
<script defer src="//play.pokemonshowdown.com/js/battledata.js?0.7209276989879541"></script>
<script defer src="//play.pokemonshowdown.com/data/pokedex-mini.js?0.6111056340867951"></script>
<script defer src="//play.pokemonshowdown.com/data/pokedex-mini-bw.js?0.3532142036491459"></script>
<script defer src="//play.pokemonshowdown.com/data/graphics.js?0.24223875632456182"></script>
<script defer src="//play.pokemonshowdown.com/data/pokedex.js?0.38839984266356864"></script>
<script defer src="//play.pokemonshowdown.com/data/moves.js?0.21866028504024015"></script>
<script defer src="//play.pokemonshowdown.com/data/abilities.js?0.2005157953846628"></script>
<script defer src="//play.pokemonshowdown.com/data/items.js?0.9894211263848525"></script>
<script defer src="//play.pokemonshowdown.com/data/teambuilder-tables.js?0.6008791140282215"></script>
<script defer src="//play.pokemonshowdown.com/js/battle-tooltips.js?0.7580118955022959"></script>
<script defer src="//play.pokemonshowdown.com/js/battle.js?0.6057722274234274"></script>

<script defer src="js/utils.js?e31f9a17"></script>
<script defer src="js/replays-battle.js?7008c182"></script>

<!-- don't scrape this data! just add .json or .log after the URL!
Full API docs: https://github.com/smogon/pokemon-showdown-client/blob/master/WEB-API.md -->
<script type="text/plain" class="log" id="replaylog-smogtours-gen3ou-803483">
|inactive|Battle timer is ON: inactive players will automatically lose when time's up.
|t:|1730322963
|gametype|singles
|player|p1|Svejk97|hugh|
|player|p2|ali.gnome|sage|
|teamsize|p1|6
|teamsize|p2|6
|gen|3
|tier|[Gen 3] OU
|rule|Sleep Clause Mod: Limit one foe put to sleep
|rule|Switch Priority Clause Mod: Faster Pokémon switch first
|rule|Species Clause: Limit one of each Pokémon
|rule|OHKO Clause: OHKO moves are banned
|rule|Evasion Items Clause: Evasion items are banned
|rule|Evasion Moves Clause: Evasion moves are banned
|rule|Endless Battle Clause: Forcing endless battles is banned
|rule|HP Percentage Mod: HP is shown in percentages
|rule|One Boost Passer Clause: Limit one Baton Passer that has a way to boost its stats
|rule|Freeze Clause Mod: Limit one foe frozen
|
|t:|1730322963
|start
|switch|p1a: Skarmory|Skarmory, F|100/100
|switch|p2a: Tyranitar|Tyranitar, M|100/100
|-weather|Sandstorm|[from] ability: Sand Stream|[of] p2a: Tyranitar
|turn|1
|
|t:|1730322973
|move|p1a: Skarmory|Protect|p1a: Skarmory
|-singleturn|p1a: Skarmory|Protect
|move|p2a: Tyranitar|Fire Blast|p1a: Skarmory
|-activate|p1a: Skarmory|Protect
|
|-weather|Sandstorm|[upkeep]
|upkeep
|turn|2
|
|t:|1730322982
|switch|p1a: Swampert|Swampert, F|100/100
|move|p2a: Tyranitar|Fire Blast|p1a: Swampert
|-resisted|p1a: Swampert
|-damage|p1a: Swampert|87/100
|
|-weather|Sandstorm|[upkeep]
|-heal|p1a: Swampert|93/100|[from] item: Leftovers
|upkeep
|turn|3
|
|t:|1730322995
|switch|p1a: Skarmory|Skarmory, F|100/100
|move|p2a: Tyranitar|Hidden Power|p1a: Skarmory
|-resisted|p1a: Skarmory
|-crit|p1a: Skarmory
|-damage|p1a: Skarmory|85/100
|
|-weather|Sandstorm|[upkeep]
|-heal|p1a: Skarmory|92/100|[from] item: Leftovers
|upkeep
|turn|4
|
|t:|1730323007
|move|p1a: Skarmory|Protect|p1a: Skarmory
|-singleturn|p1a: Skarmory|Protect
|move|p2a: Tyranitar|Fire Blast|p1a: Skarmory
|-activate|p1a: Skarmory|Protect
|
|-weather|Sandstorm|[upkeep]
|-heal|p1a: Skarmory|98/100|[from] item: Leftovers
|upkeep
|turn|5
|
|t:|1730323028
|switch|p1a: Porygon2|Porygon2|100/100
|-ability|p1a: Porygon2|Sand Stream|[from] ability: Trace|[of] p2a: Tyranitar
|move|p2a: Tyranitar|Fire Blast|p1a: Porygon2
|-damage|p1a: Porygon2|72/100
|
|-weather|Sandstorm|[upkeep]
|-damage|p1a: Porygon2|66/100|[from] Sandstorm
|-heal|p1a: Porygon2|72/100|[from] item: Leftovers
|upkeep
|turn|6
|inactive|Svejk97 has 270 seconds left.
|
|t:|1730323055
|move|p2a: Tyranitar|Brick Break|p1a: Porygon2
|-supereffective|p1a: Porygon2
|-damage|p1a: Porygon2|28/100
|move|p1a: Porygon2|Recover|p1a: Porygon2
|-heal|p1a: Porygon2|78/100
|
|-weather|Sandstorm|[upkeep]
|-damage|p1a: Porygon2|72/100|[from] Sandstorm
|-heal|p1a: Porygon2|78/100|[from] item: Leftovers
|upkeep
|turn|7
|inactive|Svejk97 has 270 seconds left.
|
|t:|1730323076
|move|p2a: Tyranitar|Brick Break|p1a: Porygon2
|-supereffective|p1a: Porygon2
|-damage|p1a: Porygon2|37/100
|move|p1a: Porygon2|Toxic|p2a: Tyranitar
|-status|p2a: Tyranitar|tox
|-enditem|p2a: Tyranitar|Lum Berry|[eat]
|-curestatus|p2a: Tyranitar|tox|[msg]
|
|-weather|Sandstorm|[upkeep]
|-damage|p1a: Porygon2|31/100|[from] Sandstorm
|-heal|p1a: Porygon2|37/100|[from] item: Leftovers
|upkeep
|turn|8
|inactive|Svejk97 has 270 seconds left.
|
|t:|1730323092
|switch|p1a: Skarmory|Skarmory, F|98/100
|move|p2a: Tyranitar|Brick Break|p1a: Skarmory
|-damage|p1a: Skarmory|79/100
|
|-weather|Sandstorm|[upkeep]
|-heal|p1a: Skarmory|85/100|[from] item: Leftovers
|upkeep
|turn|9
|inactive|Svejk97 has 270 seconds left.
|
|t:|1730323102
|switch|p2a: Skarmory|Skarmory, M, shiny|100/100
|move|p1a: Skarmory|Protect||[still]
|-fail|p1a: Skarmory
|
|-weather|Sandstorm|[upkeep]
|-heal|p1a: Skarmory|91/100|[from] item: Leftovers
|upkeep
|turn|10
|inactive|Svejk97 has 270 seconds left.
|
|t:|1730323110
|move|p1a: Skarmory|Taunt|p2a: Skarmory
|-start|p2a: Skarmory|move: Taunt
|cant|p2a: Skarmory|move: Taunt|Spikes
|
|-weather|Sandstorm|[upkeep]
|-heal|p1a: Skarmory|98/100|[from] item: Leftovers
|upkeep
|turn|11
|
|t:|1730323134
|switch|p2a: Claydol|Claydol, shiny|100/100
|move|p1a: Skarmory|Spikes|p2a: Claydol
|-sidestart|p2: ali.gnome|Spikes
|
|-weather|Sandstorm|[upkeep]
|-heal|p1a: Skarmory|100/100|[from] item: Leftovers
|upkeep
|turn|12
|inactive|Svejk97 has 270 seconds left.
|
|t:|1730323149
|switch|p2a: Blissey|Blissey, F|100/100
|-damage|p2a: Blissey|88/100|[from] Spikes
|move|p1a: Skarmory|Protect||[still]
|-fail|p1a: Skarmory
|
|-weather|Sandstorm|[upkeep]
|-damage|p2a: Blissey|82/100|[from] Sandstorm
|-heal|p2a: Blissey|88/100|[from] item: Leftovers
|upkeep
|turn|13
|inactive|ali.gnome has 270 seconds left.
|
|t:|1730323185
|switch|p2a: Claydol|Claydol, shiny|100/100
|move|p1a: Skarmory|Taunt|p2a: Claydol
|-start|p2a: Claydol|move: Taunt
|
|-weather|Sandstorm|[upkeep]
|upkeep
|turn|14
|
|t:|1730323194
|move|p1a: Skarmory|Protect|p1a: Skarmory
|-singleturn|p1a: Skarmory|Protect
|move|p2a: Claydol|Rapid Spin|p1a: Skarmory
|-activate|p1a: Skarmory|Protect
|
|-weather|Sandstorm|[upkeep]
|-end|p2a: Claydol|move: Taunt|[silent]
|upkeep
|turn|15
|
|t:|1730323201
|switch|p1a: Gengar|Gengar, F|100/100
|move|p2a: Claydol|Rapid Spin|p1a: Gengar
|-immune|p1a: Gengar
|
|-weather|Sandstorm|[upkeep]
|-damage|p1a: Gengar|95/100|[from] Sandstorm
|-heal|p1a: Gengar|100/100|[from] item: Leftovers
|upkeep
|turn|16
|
|t:|1730323212
|move|p1a: Gengar|Giga Drain|p2a: Claydol
|-supereffective|p2a: Claydol
|-damage|p2a: Claydol|61/100
|move|p2a: Claydol|Psychic|p1a: Gengar
|-supereffective|p1a: Gengar
|-damage|p1a: Gengar|40/100
|
|-weather|Sandstorm|[upkeep]
|-damage|p1a: Gengar|34/100|[from] Sandstorm
|-heal|p1a: Gengar|40/100|[from] item: Leftovers
|-heal|p2a: Claydol|67/100|[from] item: Leftovers
|upkeep
|turn|17
|inactive|ali.gnome has 270 seconds left.
|c|☆ali.gnome|how much does drain heal
|inactive|ali.gnome has 240 seconds left.
|c|☆ali.gnome|its 1/3rs?
|c|☆Svejk97|Idk
|inactive|ali.gnome has 210 seconds left.
|c|☆Svejk97|someting like that i guess
|c|☆ali.gnome|lemme look it up i should calc this
|c|☆ali.gnome|bc if it heals you out of psychic range thats important
|c|☆Svejk97|Sure
|inactive|ali.gnome has 180 seconds left.
|inactive|ali.gnome has 150 seconds left.
|
|t:|1730323353
|switch|p2a: Tyranitar|Tyranitar, M|100/100
|-damage|p2a: Tyranitar|88/100|[from] Spikes
|move|p1a: Gengar|Destiny Bond|p1a: Gengar
|-singlemove|p1a: Gengar|Destiny Bond
|
|-weather|Sandstorm|[upkeep]
|-damage|p1a: Gengar|34/100|[from] Sandstorm
|-heal|p1a: Gengar|40/100|[from] item: Leftovers
|upkeep
|turn|18
|c|☆Svejk97|I think i survive one
|inactive|ali.gnome has 150 seconds left.
|
|t:|1730323378
|move|p1a: Gengar|Giga Drain|p2a: Tyranitar
|-supereffective|p2a: Tyranitar
|-damage|p2a: Tyranitar|44/100
|-heal|p1a: Gengar|64/100|[from] drain|[of] p2a: Tyranitar
|move|p2a: Tyranitar|Fire Blast|p1a: Gengar
|-damage|p1a: Gengar|20/100
|
|-weather|Sandstorm|[upkeep]
|-damage|p1a: Gengar|14/100|[from] Sandstorm
|-heal|p1a: Gengar|20/100|[from] item: Leftovers
|upkeep
|turn|19
|inactive|ali.gnome has 120 seconds left.
|
|t:|1730323433
|switch|p2a: Blissey|Blissey, F|88/100
|-damage|p2a: Blissey|76/100|[from] Spikes
|move|p1a: Gengar|Giga Drain|p2a: Blissey
|-damage|p2a: Blissey|67/100
|-heal|p1a: Gengar|29/100|[from] drain|[of] p2a: Blissey
|
|-weather|Sandstorm|[upkeep]
|-damage|p1a: Gengar|23/100|[from] Sandstorm
|-damage|p2a: Blissey|61/100|[from] Sandstorm
|-heal|p1a: Gengar|29/100|[from] item: Leftovers
|-heal|p2a: Blissey|67/100|[from] item: Leftovers
|upkeep
|turn|20
|
|t:|1730323453
|move|p1a: Gengar|Taunt|p2a: Blissey
|-start|p2a: Blissey|move: Taunt
|move|p2a: Blissey|Ice Beam|p1a: Gengar
|-damage|p1a: Gengar|0 fnt
|faint|p1a: Gengar
|inactive|Svejk97 has 270 seconds left.
|c|☆Svejk97|Ou 
|c|☆Svejk97|Damn
|c|☆ali.gnome|yh i knew he wasnt a bulky gar
|inactive|Svejk97 has 240 seconds left.
|
|t:|1730323493
|switch|p1a: Skarmory|Skarmory, F|100/100
|
|-weather|Sandstorm|[upkeep]
|-damage|p2a: Blissey|61/100|[from] Sandstorm
|-heal|p2a: Blissey|67/100|[from] item: Leftovers
|upkeep
|turn|21
|c|☆ali.gnome|too strong
|inactive|Svejk97 has 240 seconds left.
|
|t:|1730323505
|switch|p2a: Claydol|Claydol, shiny|67/100
|move|p1a: Skarmory|Spikes|p2a: Claydol
|-sidestart|p2: ali.gnome|Spikes
|
|-weather|Sandstorm|[upkeep]
|-heal|p2a: Claydol|74/100|[from] item: Leftovers
|upkeep
|turn|22
|inactive|Svejk97 has 240 seconds left.
|
|t:|1730323516
|switch|p1a: Porygon2|Porygon2|37/100
|-ability|p1a: Porygon2|Levitate|[from] ability: Trace|[of] p2a: Claydol
|move|p2a: Claydol|Rapid Spin|p1a: Porygon2
|-damage|p1a: Porygon2|32/100
|-sideend|p2: ali.gnome|Spikes|[from] move: Rapid Spin|[of] p2a: Claydol
|
|-weather|Sandstorm|[upkeep]
|-damage|p1a: Porygon2|26/100|[from] Sandstorm
|-heal|p2a: Claydol|80/100|[from] item: Leftovers
|-heal|p1a: Porygon2|32/100|[from] item: Leftovers
|upkeep
|turn|23
|inactive|ali.gnome has 120 seconds left.
|inactive|Svejk97 has 240 seconds left.
|
|t:|1730323529
|switch|p2a: Metagross|Metagross|100/100
|switch|p1a: Tyranitar|Tyranitar, M|100/100
|
|-weather|Sandstorm|[upkeep]
|upkeep
|turn|24
|inactive|ali.gnome has 120 seconds left.
|
|t:|1730323542
|move|p2a: Metagross|Meteor Mash|p1a: Tyranitar
|-supereffective|p1a: Tyranitar
|-damage|p1a: Tyranitar|9/100
|move|p1a: Tyranitar|Fire Blast|p2a: Metagross
|-supereffective|p2a: Metagross
|-damage|p2a: Metagross|25/100
|
|-weather|Sandstorm|[upkeep]
|-heal|p1a: Tyranitar|15/100|[from] item: Leftovers
|upkeep
|turn|25
|
|t:|1730323553
|move|p1a: Tyranitar|Protect|p1a: Tyranitar
|-singleturn|p1a: Tyranitar|Protect
|move|p2a: Metagross|Earthquake|p1a: Tyranitar
|-activate|p1a: Tyranitar|Protect
|
|-weather|Sandstorm|[upkeep]
|-heal|p1a: Tyranitar|22/100|[from] item: Leftovers
|upkeep
|turn|26
|inactive|Svejk97 has 240 seconds left.
|
|t:|1730323568
|switch|p1a: Skarmory|Skarmory, F|100/100
|move|p2a: Metagross|Earthquake|p1a: Skarmory
|-immune|p1a: Skarmory
|
|-weather|Sandstorm|[upkeep]
|upkeep
|turn|27
|
|t:|1730323575
|switch|p2a: Tyranitar|Tyranitar, M|44/100
|move|p1a: Skarmory|Hidden Power|p2a: Tyranitar
|-supereffective|p2a: Tyranitar
|-damage|p2a: Tyranitar|10/100
|
|-weather|Sandstorm|[upkeep]
|upkeep
|turn|28
|
|t:|1730323589
|move|p1a: Skarmory|Hidden Power|p2a: Tyranitar
|-supereffective|p2a: Tyranitar
|-damage|p2a: Tyranitar|0 fnt
|faint|p2a: Tyranitar
|inactive|ali.gnome has 120 seconds left.
|
|t:|1730323624
|switch|p2a: Salamence|Salamence, F|100/100
|-ability|p2a: Salamence|Intimidate|boost
|-unboost|p1a: Skarmory|atk|1
|
|-weather|Sandstorm|[upkeep]
|-damage|p2a: Salamence|94/100|[from] Sandstorm
|-heal|p2a: Salamence|100/100|[from] item: Leftovers
|upkeep
|turn|29
|
|t:|1730323637
|move|p2a: Salamence|Fire Blast|p1a: Skarmory
|-supereffective|p1a: Skarmory
|-damage|p1a: Skarmory|0 fnt
|faint|p1a: Skarmory
|
|t:|1730323654
|switch|p1a: Swampert|Swampert, F|93/100
|
|-weather|Sandstorm|[upkeep]
|-damage|p2a: Salamence|94/100|[from] Sandstorm
|-heal|p2a: Salamence|100/100|[from] item: Leftovers
|-heal|p1a: Swampert|99/100|[from] item: Leftovers
|upkeep
|turn|30
|
|t:|1730323665
|switch|p2a: Skarmory|Skarmory, M, shiny|100/100
|move|p1a: Swampert|Toxic|p2a: Skarmory
|-immune|p2a: Skarmory
|
|-weather|Sandstorm|[upkeep]
|-heal|p1a: Swampert|100/100|[from] item: Leftovers
|upkeep
|turn|31
|
|t:|1730323678
|switch|p1a: Tyranitar|Tyranitar, M|22/100
|move|p2a: Skarmory|Toxic|p1a: Tyranitar
|-status|p1a: Tyranitar|tox
|
|-weather|Sandstorm|[upkeep]
|-heal|p1a: Tyranitar|28/100 tox|[from] item: Leftovers
|-damage|p1a: Tyranitar|22/100 tox|[from] psn
|upkeep
|turn|32
|
|t:|1730323689
|move|p1a: Tyranitar|Crunch|p2a: Skarmory
|-resisted|p2a: Skarmory
|-damage|p2a: Skarmory|84/100
|move|p2a: Skarmory|Spikes|p1a: Tyranitar
|-sidestart|p1: Svejk97|Spikes
|
|-weather|Sandstorm|[upkeep]
|-heal|p1a: Tyranitar|28/100 tox|[from] item: Leftovers
|-damage|p1a: Tyranitar|15/100 tox|[from] psn
|-heal|p2a: Skarmory|90/100|[from] item: Leftovers
|upkeep
|turn|33
|
|t:|1730323699
|move|p2a: Skarmory|Protect|p2a: Skarmory
|-singleturn|p2a: Skarmory|Protect
|move|p1a: Tyranitar|Fire Blast|p2a: Skarmory
|-activate|p2a: Skarmory|Protect
|
|-weather|Sandstorm|[upkeep]
|-heal|p1a: Tyranitar|22/100 tox|[from] item: Leftovers
|-damage|p1a: Tyranitar|3/100 tox|[from] psn
|-heal|p2a: Skarmory|96/100|[from] item: Leftovers
|upkeep
|turn|34
|
|t:|1730323714
|switch|p2a: Blissey|Blissey, F|67/100
|move|p1a: Tyranitar|Fire Blast|p2a: Blissey|[miss]
|-miss|p1a: Tyranitar|p2a: Blissey
|
|-weather|Sandstorm|[upkeep]
|-damage|p2a: Blissey|61/100|[from] Sandstorm
|-heal|p1a: Tyranitar|9/100 tox|[from] item: Leftovers
|-damage|p1a: Tyranitar|0 fnt|[from] psn
|faint|p1a: Tyranitar
|-heal|p2a: Blissey|67/100|[from] item: Leftovers
|upkeep
|
|t:|1730323727
|switch|p1a: Metagross|Metagross|100/100
|-damage|p1a: Metagross|88/100|[from] Spikes
|turn|35
|inactive|ali.gnome has 150 seconds left.
|
|t:|1730323737
|move|p1a: Metagross|Meteor Mash|p2a: Blissey
|-damage|p2a: Blissey|0 fnt
|faint|p2a: Blissey
|inactive|ali.gnome has 150 seconds left.
|
|t:|1730323771
|switch|p2a: Skarmory|Skarmory, M, shiny|96/100
|
|-weather|Sandstorm|[upkeep]
|-heal|p2a: Skarmory|100/100|[from] item: Leftovers
|upkeep
|turn|36
|
|t:|1730323783
|move|p1a: Metagross|Meteor Mash|p2a: Skarmory|[miss]
|-miss|p1a: Metagross|p2a: Skarmory
|move|p2a: Skarmory|Roar|p1a: Metagross
|drag|p1a: Porygon2|Porygon2|32/100
|-damage|p1a: Porygon2|20/100|[from] Spikes
|-ability|p1a: Porygon2|Keen Eye|[from] ability: Trace|[of] p2a: Skarmory
|
|-weather|Sandstorm|[upkeep]
|-damage|p1a: Porygon2|13/100|[from] Sandstorm
|-heal|p1a: Porygon2|20/100|[from] item: Leftovers
|upkeep
|turn|37
|inactive|Svejk97 has 240 seconds left.
|
|t:|1730323810
|move|p1a: Porygon2|Thunderbolt|p2a: Skarmory
|-supereffective|p2a: Skarmory
|-damage|p2a: Skarmory|55/100
|move|p2a: Skarmory|Toxic|p1a: Porygon2
|-status|p1a: Porygon2|tox
|
|-weather|Sandstorm|[upkeep]
|-damage|p1a: Porygon2|13/100 tox|[from] Sandstorm
|-heal|p1a: Porygon2|20/100 tox|[from] item: Leftovers
|-damage|p1a: Porygon2|13/100 tox|[from] psn
|-heal|p2a: Skarmory|61/100|[from] item: Leftovers
|upkeep
|turn|38
|inactive|Svejk97 has 240 seconds left.
|
|t:|1730323822
|move|p2a: Skarmory|Protect|p2a: Skarmory
|-singleturn|p2a: Skarmory|Protect
|move|p1a: Porygon2|Recover|p1a: Porygon2
|-heal|p1a: Porygon2|63/100 tox
|
|-weather|Sandstorm|[upkeep]
|-damage|p1a: Porygon2|57/100 tox|[from] Sandstorm
|-heal|p1a: Porygon2|63/100 tox|[from] item: Leftovers
|-damage|p1a: Porygon2|51/100 tox|[from] psn
|-heal|p2a: Skarmory|67/100|[from] item: Leftovers
|upkeep
|turn|39
|inactive|Svejk97 has 240 seconds left.
|
|t:|1730323838
|switch|p1a: Swampert|Swampert, F|100/100
|-damage|p1a: Swampert|88/100|[from] Spikes
|move|p2a: Skarmory|Spikes|p1a: Swampert
|-sidestart|p1: Svejk97|Spikes
|
|-weather|Sandstorm|[upkeep]
|-heal|p2a: Skarmory|73/100|[from] item: Leftovers
|-heal|p1a: Swampert|94/100|[from] item: Leftovers
|upkeep
|turn|40
|inactive|Svejk97 has 240 seconds left.
|
|t:|1730323850
|switch|p1a: Metagross|Metagross|88/100
|-damage|p1a: Metagross|71/100|[from] Spikes
|move|p2a: Skarmory|Protect||[still]
|-fail|p2a: Skarmory
|
|-weather|Sandstorm|[upkeep]
|-heal|p2a: Skarmory|79/100|[from] item: Leftovers
|upkeep
|turn|41
|inactive|Svejk97 has 240 seconds left.
|
|t:|1730323873
|move|p2a: Skarmory|Protect|p2a: Skarmory
|-singleturn|p2a: Skarmory|Protect
|move|p1a: Metagross|Meteor Mash|p2a: Skarmory
|-activate|p2a: Skarmory|Protect
|
|-weather|Sandstorm|[upkeep]
|-heal|p2a: Skarmory|85/100|[from] item: Leftovers
|upkeep
|turn|42
|
|t:|1730323884
|switch|p1a: Porygon2|Porygon2|51/100 tox
|-damage|p1a: Porygon2|34/100 tox|[from] Spikes
|-ability|p1a: Porygon2|Keen Eye|[from] ability: Trace|[of] p2a: Skarmory
|move|p2a: Skarmory|Roar|p1a: Porygon2
|drag|p1a: Swampert|Swampert, F|94/100
|-damage|p1a: Swampert|78/100|[from] Spikes
|
|-weather|Sandstorm|[upkeep]
|-heal|p2a: Skarmory|91/100|[from] item: Leftovers
|-heal|p1a: Swampert|84/100|[from] item: Leftovers
|upkeep
|turn|43
|
|t:|1730323901
|move|p2a: Skarmory|Toxic|p1a: Swampert|[miss]
|-miss|p2a: Skarmory|p1a: Swampert
|move|p1a: Swampert|Surf|p2a: Skarmory
|-damage|p2a: Skarmory|61/100
|
|-weather|Sandstorm|[upkeep]
|-heal|p2a: Skarmory|67/100|[from] item: Leftovers
|-heal|p1a: Swampert|90/100|[from] item: Leftovers
|upkeep
|turn|44
|
|t:|1730323912
|switch|p1a: Porygon2|Porygon2|34/100 tox
|-damage|p1a: Porygon2|18/100 tox|[from] Spikes
|-ability|p1a: Porygon2|Keen Eye|[from] ability: Trace|[of] p2a: Skarmory
|move|p2a: Skarmory|Protect||[still]
|-fail|p2a: Skarmory
|
|-weather|Sandstorm|[upkeep]
|-damage|p1a: Porygon2|12/100 tox|[from] Sandstorm
|-heal|p1a: Porygon2|18/100 tox|[from] item: Leftovers
|-damage|p1a: Porygon2|12/100 tox|[from] psn
|-heal|p2a: Skarmory|73/100|[from] item: Leftovers
|upkeep
|turn|45
|
|t:|1730323931
|move|p1a: Porygon2|Recover|p1a: Porygon2
|-heal|p1a: Porygon2|62/100 tox
|move|p2a: Skarmory|Spikes|p1a: Porygon2
|-sidestart|p1: Svejk97|Spikes
|
|-weather|Sandstorm|[upkeep]
|-damage|p1a: Porygon2|55/100 tox|[from] Sandstorm
|-heal|p1a: Porygon2|62/100 tox|[from] item: Leftovers
|-damage|p1a: Porygon2|49/100 tox|[from] psn
|-heal|p2a: Skarmory|79/100|[from] item: Leftovers
|upkeep
|turn|46
|
|t:|1730323941
|move|p2a: Skarmory|Protect|p2a: Skarmory
|-singleturn|p2a: Skarmory|Protect
|move|p1a: Porygon2|Thunderbolt|p2a: Skarmory
|-activate|p2a: Skarmory|Protect
|
|-weather|Sandstorm|[upkeep]
|-damage|p1a: Porygon2|43/100 tox|[from] Sandstorm
|-heal|p1a: Porygon2|49/100 tox|[from] item: Leftovers
|-damage|p1a: Porygon2|30/100 tox|[from] psn
|-heal|p2a: Skarmory|85/100|[from] item: Leftovers
|upkeep
|turn|47
|inactive|ali.gnome has 180 seconds left.
|
|t:|1730323960
|switch|p2a: Claydol|Claydol, shiny|80/100
|move|p1a: Porygon2|Recover|p1a: Porygon2
|-heal|p1a: Porygon2|80/100 tox
|
|-weather|Sandstorm|[upkeep]
|-damage|p1a: Porygon2|74/100 tox|[from] Sandstorm
|-heal|p2a: Claydol|86/100|[from] item: Leftovers
|-heal|p1a: Porygon2|80/100 tox|[from] item: Leftovers
|-damage|p1a: Porygon2|55/100 tox|[from] psn
|upkeep
|turn|48
|
|t:|1730323977
|switch|p1a: Metagross|Metagross|71/100
|-damage|p1a: Metagross|47/100|[from] Spikes
|move|p2a: Claydol|Earthquake|p1a: Metagross
|-supereffective|p1a: Metagross
|-damage|p1a: Metagross|0 fnt
|faint|p1a: Metagross
|
|t:|1730323989
|switch|p1a: Swampert|Swampert, F|90/100
|-damage|p1a: Swampert|65/100|[from] Spikes
|
|-weather|Sandstorm|[upkeep]
|-heal|p2a: Claydol|92/100|[from] item: Leftovers
|-heal|p1a: Swampert|71/100|[from] item: Leftovers
|upkeep
|turn|49
|
|t:|1730324005
|move|p2a: Claydol|Explosion|p1a: Swampert
|-damage|p1a: Swampert|0 fnt
|faint|p2a: Claydol
|faint|p1a: Swampert
|
|t:|1730324010
|switch|p2a: Skarmory|Skarmory, M, shiny|85/100
|switch|p1a: Porygon2|Porygon2|55/100 tox
|-damage|p1a: Porygon2|30/100 tox|[from] Spikes
|-ability|p1a: Porygon2|Keen Eye|[from] ability: Trace|[of] p2a: Skarmory
|
|-weather|Sandstorm|[upkeep]
|-damage|p1a: Porygon2|24/100 tox|[from] Sandstorm
|-heal|p1a: Porygon2|30/100 tox|[from] item: Leftovers
|-damage|p1a: Porygon2|24/100 tox|[from] psn
|-heal|p2a: Skarmory|91/100|[from] item: Leftovers
|upkeep
|turn|50
|c|☆ali.gnome|ggs
|inactive|ali.gnome has 180 seconds left.
|c|☆Svejk97|Gg
|-message|Svejk97 forfeited.
|
|win|ali.gnome
|player|p1|

</script>
<script type="application/json" class="data" id="replaydata-smogtours-gen3ou-803483">
{"id":"smogtours-gen3ou-803483","format":"[Gen 3] OU","players":["Svejk97","ali.gnome"],"uploadtime":1730324026,"views":76,"formatid":"gen3ou","rating":null,"private":0,"password":null}
</script>

<script defer src="js/replays.js?9d40a366"></script>
