<!DOCTYPE html>
<meta charset="utf-8" />
<meta name="viewport" content="width=device-width" />

<title>[Gen 3] OU: no more bad dreams vs. lax - Replays - Pok&eacute;mon Showdown!</title>

<meta name="description" content="Watch a replay of a Pok&eacute;mon battle between no more bad dreams and lax! Format: [Gen 3] OU; Date: Nov 3, 2024" />
<!--

Hey, you! Looking in the source for the replay log?

You can find them in JSON format, just add `.json` at the end of a replay URL.

https://replay.pokemonshowdown.com/gen7randomdoublesbattle-865046831.json

Or, if you only need the log itself, add `.log` instead:

https://replay.pokemonshowdown.com/gen7randomdoublesbattle-865046831.log

-->

<link rel="stylesheet" href="//pokemonshowdown.com/style/global.css?0.023195364461161105" />
<link rel="stylesheet" href="//play.pokemonshowdown.com/style/font-awesome.css?0.13261647063804238" />
<link rel="stylesheet" href="//play.pokemonshowdown.com/style/battle.css?0.8753245789963631" />
<link rel="stylesheet" href="//play.pokemonshowdown.com/style/utilichart.css?0.8627959624976733" />

<!-- Global site tag (gtag.js) - Google Analytics -->
<script async src="https://www.googletagmanager.com/gtag/js?id=UA-26211653-1"></script>
<script>
  window.dataLayer = window.dataLayer || [];
  function gtag(){dataLayer.push(arguments);}
  gtag('js', new Date());

  gtag('config', 'UA-26211653-1');
</script>
<!-- End Google Analytics -->
<!-- Venatus Ad Manager - Install in <HEAD> of page -->
	<script src="https://hb.vntsm.com/v3/live/ad-manager.min.js" type="text/javascript" data-site-id="642aba63ec9a7b11c3c9c1be" data-mode="scan" async></script>
<!-- / Venatus Ad Manager -->

<style>
	@media (max-width:820px) {
		.battle {
			margin: 0 auto;
		}
		.battle-log {
			margin: 7px auto 0;
			max-width: 640px;
			height: 300px;
			position: static;
		}
	}
	.optgroup {
		display: inline-block;
		line-height: 22px;
		font-size: 10pt;
	}
	.optgroup .button {
		height: 25px;
		padding-top: 0;
		padding-bottom: 0;
	}
	.optgroup button.button {
		padding-left: 12px;
		padding-right: 12px;
	}
	.linklist {
		list-style: none;
		margin: 0.5em 0;
		padding: 0;
	}
	.linklist li {
		padding: 2px 0;
	}
	.sidebar {
		float: left;
		width: 320px;
	}
	.bar-wrapper {
		max-width: 1100px;
		margin: 0 auto;
	}
	.bar-wrapper.has-sidebar {
		max-width: 1430px;
	}
	.mainbar {
		margin: 0;
		padding-right: 1px;
	}
	.mainbar.has-sidebar {
		margin-left: 330px;
	}
	@media (min-width: 1511px) {
		.sidebar {
			width: 400px;
		}
		.bar-wrapper.has-sidebar {
			max-width: 1510px;
		}
		.mainbar.has-sidebar {
			margin-left: 410px;
		}
	}
	.section.first-section {
		margin-top: 9px;
	}
	.blocklink small {
		white-space: normal;
	}
	.button {
		vertical-align: middle;
	}
	.replay-controls {
		padding-top: 10px;
	}
	.replay-controls h1 {
		font-size: 16pt;
		font-weight: normal;
		color: #CCC;
	}
	.pagelink {
		text-align: center;
	}
	.pagelink a {
		width: 150px;
	}
	.textbox, .button {
		font-size: 11pt;
		vertical-align: middle;
	}
	@media (max-width: 450px) {
		.button {
			font-size: 9pt;
		}
	}
</style>

<div>

	<header>
		<div class="nav-wrapper"><ul class="nav">
			<li><a class="button nav-first" href="//pokemonshowdown.com/"><img src="//pokemonshowdown.com/images/pokemonshowdownbeta.png" srcset="//pokemonshowdown.com/images/pokemonshowdownbeta.png 1x, //pokemonshowdown.com/images/pokemonshowdownbeta@2x.png 2x" alt="Pok&eacute;mon Showdown" width="146" height="44" /> Home</a></li>
			<li><a class="button" href="//pokemonshowdown.com/dex/">Pok&eacute;dex</a></li>
			<li><a class="button cur" href="/">Replays</a></li>
			<li><a class="button" href="//pokemonshowdown.com/ladder/">Ladder</a></li>
			<li><a class="button nav-last" href="//pokemonshowdown.com/forums/">Forum</a></li>
			<li><a class="button greenbutton nav-first nav-last" href="//play.pokemonshowdown.com/">Play</a></li>
		</ul></div>
	</header>

	<div class="main" id="main">

		<noscript><section class="section">You need to enable JavaScript to use this page; sorry!</section></noscript>

	</div>

</div>

<script defer nomodule src="//play.pokemonshowdown.com/js/lib/ps-polyfill.js"></script>
<script defer src="//play.pokemonshowdown.com/js/lib/preact.min.js"></script>

<script defer src="//play.pokemonshowdown.com/config/config.js?2bddbc15"></script>
<script defer src="//play.pokemonshowdown.com/js/lib/jquery-1.11.0.min.js"></script>
<script defer src="//play.pokemonshowdown.com/js/lib/html-sanitizer-minified.js"></script>
<script defer src="//play.pokemonshowdown.com/js/battle-sound.js"></script>
<script defer src="//play.pokemonshowdown.com/js/battledata.js?0.7209276989879541"></script>
<script defer src="//play.pokemonshowdown.com/data/pokedex-mini.js?0.6111056340867951"></script>
<script defer src="//play.pokemonshowdown.com/data/pokedex-mini-bw.js?0.3532142036491459"></script>
<script defer src="//play.pokemonshowdown.com/data/graphics.js?0.24223875632456182"></script>
<script defer src="//play.pokemonshowdown.com/data/pokedex.js?0.38839984266356864"></script>
<script defer src="//play.pokemonshowdown.com/data/moves.js?0.21866028504024015"></script>
<script defer src="//play.pokemonshowdown.com/data/abilities.js?0.2005157953846628"></script>
<script defer src="//play.pokemonshowdown.com/data/items.js?0.9894211263848525"></script>
<script defer src="//play.pokemonshowdown.com/data/teambuilder-tables.js?0.6008791140282215"></script>
<script defer src="//play.pokemonshowdown.com/js/battle-tooltips.js?0.7580118955022959"></script>
<script defer src="//play.pokemonshowdown.com/js/battle.js?0.6057722274234274"></script>

<script defer src="js/utils.js?e31f9a17"></script>
<script defer src="js/replays-battle.js?7008c182"></script>

<!-- don't scrape this data! just add .json or .log after the URL!
Full API docs: https://github.com/smogon/pokemon-showdown-client/blob/master/WEB-API.md -->
<script type="text/plain" class="log" id="replaylog-smogtours-gen3ou-804422">
|inactive|Battle timer is ON: inactive players will automatically lose when time's up.
|t:|1730654931
|gametype|singles
|player|p1|no more bad dreams|skullgruntf|
|player|p2|lax|#lax|
|teamsize|p1|6
|teamsize|p2|6
|gen|3
|tier|[Gen 3] OU
|rule|Sleep Clause Mod: Limit one foe put to sleep
|rule|Switch Priority Clause Mod: Faster Pokémon switch first
|rule|Species Clause: Limit one of each Pokémon
|rule|OHKO Clause: OHKO moves are banned
|rule|Evasion Items Clause: Evasion items are banned
|rule|Evasion Moves Clause: Evasion moves are banned
|rule|Endless Battle Clause: Forcing endless battles is banned
|rule|HP Percentage Mod: HP is shown in percentages
|rule|One Boost Passer Clause: Limit one Baton Passer that has a way to boost its stats
|rule|Freeze Clause Mod: Limit one foe frozen
|
|t:|1730654931
|start
|switch|p1a: Suicune|Suicune|100/100
|switch|p2a: Registeel|Registeel|100/100
|turn|1
|c|+Fakes|gooo lax *-*
|
|t:|1730654939
|move|p1a: Suicune|Calm Mind|p1a: Suicune
|-boost|p1a: Suicune|spa|1
|-boost|p1a: Suicune|spd|1
|move|p2a: Registeel|Thunder Wave|p1a: Suicune
|-status|p1a: Suicune|par
|
|upkeep
|turn|2
|inactive|lax has 270 seconds left.
|inactive|lax has 240 seconds left.
|
|t:|1730655013
|switch|p2a: Blissey|Blissey, F|100/100
|move|p1a: Suicune|Surf|p2a: Blissey
|-damage|p2a: Blissey|81/100
|
|-heal|p2a: Blissey|87/100|[from] item: Leftovers
|upkeep
|turn|3
|
|t:|1730655018
|move|p2a: Blissey|Calm Mind|p2a: Blissey
|-boost|p2a: Blissey|spa|1
|-boost|p2a: Blissey|spd|1
|cant|p1a: Suicune|par
|
|-heal|p2a: Blissey|93/100|[from] item: Leftovers
|upkeep
|turn|4
|
|t:|1730655023
|move|p2a: Blissey|Calm Mind|p2a: Blissey
|-boost|p2a: Blissey|spa|1
|-boost|p2a: Blissey|spd|1
|move|p1a: Suicune|Roar|p2a: Blissey
|drag|p2a: Milotic|Milotic, F|100/100
|
|upkeep
|turn|5
|
|t:|1730655032
|switch|p2a: Skarmory|Skarmory, M|100/100
|switch|p1a: Skarmory|Skarmory, M|100/100
|
|upkeep
|turn|6
|inactive|lax has 240 seconds left.
|
|t:|1730655064
|move|p1a: Skarmory|Spikes|p2a: Skarmory
|-sidestart|p2: lax|Spikes
|move|p2a: Skarmory|Thief|p1a: Skarmory
|-resisted|p1a: Skarmory
|-damage|p1a: Skarmory|99/100
|-enditem|p1a: Skarmory|Leftovers|[silent]|[from] move: Thief|[of] p2a: Skarmory
|-item|p2a: Skarmory|Leftovers|[from] move: Thief|[of] p1a: Skarmory
|
|upkeep
|turn|7
|
|t:|1730655067
|move|p1a: Skarmory|Spikes|p2a: Skarmory
|-sidestart|p2: lax|Spikes
|move|p2a: Skarmory|Spikes|p1a: Skarmory
|-sidestart|p1: no more bad dreams|Spikes
|
|upkeep
|turn|8
|
|t:|1730655070
|move|p1a: Skarmory|Spikes|p2a: Skarmory
|-sidestart|p2: lax|Spikes
|move|p2a: Skarmory|Spikes|p1a: Skarmory
|-sidestart|p1: no more bad dreams|Spikes
|
|upkeep
|turn|9
|
|t:|1730655073
|switch|p1a: Claydol|Claydol|100/100
|move|p2a: Skarmory|Spikes|p1a: Claydol
|-sidestart|p1: no more bad dreams|Spikes
|
|upkeep
|turn|10
|
|t:|1730655078
|switch|p2a: Claydol|Claydol|100/100
|move|p1a: Claydol|Rapid Spin|p2a: Claydol
|-crit|p2a: Claydol
|-damage|p2a: Claydol|94/100
|-sideend|p1: no more bad dreams|Spikes|[from] move: Rapid Spin|[of] p1a: Claydol
|
|-heal|p2a: Claydol|99/100|[from] item: Leftovers
|upkeep
|turn|11
|
|t:|1730655082
|switch|p1a: Suicune|Suicune|100/100 par
|move|p2a: Claydol|Rapid Spin|p1a: Suicune
|-damage|p1a: Suicune|98/100 par
|-sideend|p2: lax|Spikes|[from] move: Rapid Spin|[of] p2a: Claydol
|
|-heal|p2a: Claydol|100/100|[from] item: Leftovers
|-heal|p1a: Suicune|100/100 par|[from] item: Leftovers
|upkeep
|turn|12
|
|t:|1730655088
|switch|p2a: Skarmory|Skarmory, M|100/100
|switch|p1a: Tyranitar|Tyranitar, F|100/100
|-weather|Sandstorm|[from] ability: Sand Stream|[of] p1a: Tyranitar
|
|-weather|Sandstorm|[upkeep]
|upkeep
|turn|13
|
|t:|1730655094
|switch|p1a: Claydol|Claydol|100/100
|move|p2a: Skarmory|Spikes|p1a: Claydol
|-sidestart|p1: no more bad dreams|Spikes
|
|-weather|Sandstorm|[upkeep]
|upkeep
|turn|14
|
|t:|1730655095
|move|p2a: Skarmory|Drill Peck|p1a: Claydol
|-damage|p1a: Claydol|79/100
|move|p1a: Claydol|Rapid Spin|p2a: Skarmory
|-resisted|p2a: Skarmory
|-damage|p2a: Skarmory|99/100
|-sideend|p1: no more bad dreams|Spikes|[from] move: Rapid Spin|[of] p1a: Claydol
|
|-weather|Sandstorm|[upkeep]
|-heal|p2a: Skarmory|100/100|[from] item: Leftovers
|-heal|p1a: Claydol|85/100|[from] item: Leftovers
|upkeep
|turn|15
|
|t:|1730655099
|switch|p1a: Skarmory|Skarmory, M|99/100
|move|p2a: Skarmory|Spikes|p1a: Skarmory
|-sidestart|p1: no more bad dreams|Spikes
|
|-weather|Sandstorm|[upkeep]
|upkeep
|turn|16
|
|t:|1730655102
|move|p1a: Skarmory|Spikes|p2a: Skarmory
|-sidestart|p2: lax|Spikes
|move|p2a: Skarmory|Drill Peck|p1a: Skarmory
|-resisted|p1a: Skarmory
|-damage|p1a: Skarmory|91/100
|
|-weather|Sandstorm|[upkeep]
|upkeep
|turn|17
|
|t:|1730655111
|switch|p1a: Claydol|Claydol|85/100
|move|p2a: Skarmory|Drill Peck|p1a: Claydol
|-damage|p1a: Claydol|65/100
|
|-weather|Sandstorm|[upkeep]
|-heal|p1a: Claydol|71/100|[from] item: Leftovers
|upkeep
|turn|18
|
|t:|1730655113
|move|p2a: Skarmory|Drill Peck|p1a: Claydol
|-damage|p1a: Claydol|52/100
|move|p1a: Claydol|Rapid Spin|p2a: Skarmory
|-resisted|p2a: Skarmory
|-damage|p2a: Skarmory|99/100
|-sideend|p1: no more bad dreams|Spikes|[from] move: Rapid Spin|[of] p1a: Claydol
|
|-weather|Sandstorm|[upkeep]
|-heal|p2a: Skarmory|100/100|[from] item: Leftovers
|-heal|p1a: Claydol|58/100|[from] item: Leftovers
|upkeep
|turn|19
|
|t:|1730655115
|move|p2a: Skarmory|Spikes|p1a: Claydol
|-sidestart|p1: no more bad dreams|Spikes
|move|p1a: Claydol|Psychic|p2a: Skarmory
|-resisted|p2a: Skarmory
|-damage|p2a: Skarmory|88/100
|
|-weather|Sandstorm|[upkeep]
|-heal|p2a: Skarmory|94/100|[from] item: Leftovers
|-heal|p1a: Claydol|64/100|[from] item: Leftovers
|upkeep
|turn|20
|
|t:|1730655117
|move|p2a: Skarmory|Drill Peck|p1a: Claydol
|-damage|p1a: Claydol|44/100
|move|p1a: Claydol|Rapid Spin|p2a: Skarmory
|-resisted|p2a: Skarmory
|-damage|p2a: Skarmory|93/100
|-sideend|p1: no more bad dreams|Spikes|[from] move: Rapid Spin|[of] p1a: Claydol
|
|-weather|Sandstorm|[upkeep]
|-heal|p2a: Skarmory|99/100|[from] item: Leftovers
|-heal|p1a: Claydol|50/100|[from] item: Leftovers
|upkeep
|turn|21
|
|t:|1730655119
|move|p2a: Skarmory|Spikes|p1a: Claydol
|-sidestart|p1: no more bad dreams|Spikes
|move|p1a: Claydol|Psychic|p2a: Skarmory
|-resisted|p2a: Skarmory
|-crit|p2a: Skarmory
|-damage|p2a: Skarmory|76/100
|
|-weather|Sandstorm|[upkeep]
|-heal|p2a: Skarmory|82/100|[from] item: Leftovers
|-heal|p1a: Claydol|57/100|[from] item: Leftovers
|upkeep
|turn|22
|
|t:|1730655120
|move|p2a: Skarmory|Drill Peck|p1a: Claydol
|-damage|p1a: Claydol|38/100
|move|p1a: Claydol|Rapid Spin|p2a: Skarmory
|-resisted|p2a: Skarmory
|-damage|p2a: Skarmory|81/100
|-sideend|p1: no more bad dreams|Spikes|[from] move: Rapid Spin|[of] p1a: Claydol
|
|-weather|Sandstorm|[upkeep]
|-heal|p2a: Skarmory|87/100|[from] item: Leftovers
|-heal|p1a: Claydol|44/100|[from] item: Leftovers
|upkeep
|turn|23
|
|t:|1730655123
|move|p2a: Skarmory|Spikes|p1a: Claydol
|-sidestart|p1: no more bad dreams|Spikes
|move|p1a: Claydol|Psychic|p2a: Skarmory
|-resisted|p2a: Skarmory
|-damage|p2a: Skarmory|76/100
|
|-weather|Sandstorm|[upkeep]
|-heal|p2a: Skarmory|82/100|[from] item: Leftovers
|-heal|p1a: Claydol|50/100|[from] item: Leftovers
|upkeep
|turn|24
|
|t:|1730655125
|move|p2a: Skarmory|Drill Peck|p1a: Claydol
|-damage|p1a: Claydol|30/100
|move|p1a: Claydol|Rapid Spin|p2a: Skarmory
|-resisted|p2a: Skarmory
|-damage|p2a: Skarmory|81/100
|-sideend|p1: no more bad dreams|Spikes|[from] move: Rapid Spin|[of] p1a: Claydol
|
|-weather|Sandstorm|[upkeep]
|-heal|p2a: Skarmory|87/100|[from] item: Leftovers
|-heal|p1a: Claydol|36/100|[from] item: Leftovers
|upkeep
|turn|25
|
|t:|1730655127
|move|p2a: Skarmory|Drill Peck|p1a: Claydol
|-damage|p1a: Claydol|15/100
|move|p1a: Claydol|Psychic|p2a: Skarmory
|-resisted|p2a: Skarmory
|-damage|p2a: Skarmory|76/100
|
|-weather|Sandstorm|[upkeep]
|-heal|p2a: Skarmory|82/100|[from] item: Leftovers
|-heal|p1a: Claydol|21/100|[from] item: Leftovers
|upkeep
|turn|26
|
|t:|1730655129
|switch|p1a: Tyranitar|Tyranitar, F|100/100
|move|p2a: Skarmory|Spikes|p1a: Tyranitar
|-sidestart|p1: no more bad dreams|Spikes
|
|-weather|Sandstorm|[upkeep]
|-heal|p2a: Skarmory|88/100|[from] item: Leftovers
|upkeep
|turn|27
|
|t:|1730655132
|switch|p2a: Milotic|Milotic, F|100/100
|-damage|p2a: Milotic|88/100|[from] Spikes
|move|p1a: Tyranitar|Rock Slide|p2a: Milotic
|-damage|p2a: Milotic|55/100
|
|-weather|Sandstorm|[upkeep]
|-damage|p2a: Milotic|48/100|[from] Sandstorm
|-heal|p2a: Milotic|55/100|[from] item: Leftovers
|upkeep
|turn|28
|
|t:|1730655137
|switch|p1a: Suicune|Suicune|100/100 par
|-damage|p1a: Suicune|88/100 par|[from] Spikes
|move|p2a: Milotic|Recover|p2a: Milotic
|-heal|p2a: Milotic|100/100
|
|-weather|Sandstorm|[upkeep]
|-damage|p2a: Milotic|94/100|[from] Sandstorm
|-damage|p1a: Suicune|82/100 par|[from] Sandstorm
|-heal|p2a: Milotic|100/100|[from] item: Leftovers
|-heal|p1a: Suicune|88/100 par|[from] item: Leftovers
|upkeep
|turn|29
|
|t:|1730655144
|switch|p2a: Skarmory|Skarmory, M|88/100
|move|p1a: Suicune|Surf|p2a: Skarmory
|-damage|p2a: Skarmory|58/100
|
|-weather|Sandstorm|[upkeep]
|-damage|p1a: Suicune|82/100 par|[from] Sandstorm
|-heal|p2a: Skarmory|64/100|[from] item: Leftovers
|-heal|p1a: Suicune|88/100 par|[from] item: Leftovers
|upkeep
|turn|30
|
|t:|1730655157
|switch|p2a: Blissey|Blissey, F|93/100
|-damage|p2a: Blissey|81/100|[from] Spikes
|move|p1a: Suicune|Surf|p2a: Blissey
|-damage|p2a: Blissey|68/100
|
|-weather|Sandstorm|[upkeep]
|-damage|p2a: Blissey|61/100|[from] Sandstorm
|-damage|p1a: Suicune|82/100 par|[from] Sandstorm
|-heal|p2a: Blissey|68/100|[from] item: Leftovers
|-heal|p1a: Suicune|88/100 par|[from] item: Leftovers
|upkeep
|turn|31
|
|t:|1730655160
|switch|p1a: Tyranitar|Tyranitar, F|100/100
|-damage|p1a: Tyranitar|88/100|[from] Spikes
|move|p2a: Blissey|Soft-Boiled|p2a: Blissey
|-heal|p2a: Blissey|100/100
|
|-weather|Sandstorm|[upkeep]
|-damage|p2a: Blissey|94/100|[from] Sandstorm
|-heal|p1a: Tyranitar|94/100|[from] item: Leftovers
|-heal|p2a: Blissey|100/100|[from] item: Leftovers
|upkeep
|turn|32
|c|+Fakes|what is this for btw?
|
|t:|1730655164
|-singleturn|p1a: Tyranitar|move: Focus Punch
|switch|p2a: Milotic|Milotic, F|100/100
|-damage|p2a: Milotic|88/100|[from] Spikes
|move|p1a: Tyranitar|Focus Punch|p2a: Milotic
|-damage|p2a: Milotic|44/100
|
|-weather|Sandstorm|[upkeep]
|-damage|p2a: Milotic|38/100|[from] Sandstorm
|-heal|p2a: Milotic|44/100|[from] item: Leftovers
|-heal|p1a: Tyranitar|100/100|[from] item: Leftovers
|upkeep
|turn|33
|
|t:|1730655177
|switch|p1a: Suicune|Suicune|88/100 par
|-damage|p1a: Suicune|76/100 par|[from] Spikes
|move|p2a: Milotic|Recover|p2a: Milotic
|-heal|p2a: Milotic|94/100
|
|-weather|Sandstorm|[upkeep]
|-damage|p2a: Milotic|88/100|[from] Sandstorm
|-damage|p1a: Suicune|69/100 par|[from] Sandstorm
|-heal|p2a: Milotic|94/100|[from] item: Leftovers
|-heal|p1a: Suicune|76/100 par|[from] item: Leftovers
|upkeep
|turn|34
|
|t:|1730655197
|move|p2a: Milotic|Surf|p1a: Suicune
|-resisted|p1a: Suicune
|-damage|p1a: Suicune|63/100 par
|cant|p1a: Suicune|par
|
|-weather|Sandstorm|[upkeep]
|-damage|p2a: Milotic|88/100|[from] Sandstorm
|-damage|p1a: Suicune|56/100 par|[from] Sandstorm
|-heal|p2a: Milotic|94/100|[from] item: Leftovers
|-heal|p1a: Suicune|63/100 par|[from] item: Leftovers
|upkeep
|turn|35
|
|t:|1730655204
|switch|p2a: Registeel|Registeel|100/100
|-damage|p2a: Registeel|88/100|[from] Spikes
|move|p1a: Suicune|Rest|p1a: Suicune
|-status|p1a: Suicune|slp|[from] move: Rest
|-heal|p1a: Suicune|100/100 slp|[silent]
|
|-weather|Sandstorm|[upkeep]
|-damage|p1a: Suicune|94/100 slp|[from] Sandstorm
|-heal|p1a: Suicune|100/100 slp|[from] item: Leftovers
|-heal|p2a: Registeel|94/100|[from] item: Leftovers
|upkeep
|turn|36
|
|t:|1730655208
|cant|p1a: Suicune|slp
|move|p2a: Registeel|Seismic Toss|p1a: Suicune
|-damage|p1a: Suicune|76/100 slp
|
|-weather|Sandstorm|[upkeep]
|-damage|p1a: Suicune|69/100 slp|[from] Sandstorm
|-heal|p1a: Suicune|76/100 slp|[from] item: Leftovers
|-heal|p2a: Registeel|99/100|[from] item: Leftovers
|upkeep
|turn|37
|
|t:|1730655210
|cant|p1a: Suicune|slp
|move|p2a: Registeel|Seismic Toss|p1a: Suicune
|-damage|p1a: Suicune|51/100 slp
|
|-weather|Sandstorm|[upkeep]
|-damage|p1a: Suicune|44/100 slp|[from] Sandstorm
|-heal|p1a: Suicune|51/100 slp|[from] item: Leftovers
|-heal|p2a: Registeel|100/100|[from] item: Leftovers
|upkeep
|turn|38
|
|t:|1730655212
|-curestatus|p1a: Suicune|slp|[msg]
|move|p1a: Suicune|Calm Mind|p1a: Suicune
|-boost|p1a: Suicune|spa|1
|-boost|p1a: Suicune|spd|1
|move|p2a: Registeel|Thunder Wave|p1a: Suicune
|-status|p1a: Suicune|par
|
|-weather|Sandstorm|[upkeep]
|-damage|p1a: Suicune|44/100 par|[from] Sandstorm
|-heal|p1a: Suicune|51/100 par|[from] item: Leftovers
|upkeep
|turn|39
|
|t:|1730655214
|move|p2a: Registeel|Explosion|p1a: Suicune
|-damage|p1a: Suicune|0 fnt
|faint|p2a: Registeel
|faint|p1a: Suicune
|
|t:|1730655226
|switch|p1a: Claydol|Claydol|21/100
|switch|p2a: Skarmory|Skarmory, M|64/100
|
|-weather|Sandstorm|[upkeep]
|-heal|p2a: Skarmory|70/100|[from] item: Leftovers
|-heal|p1a: Claydol|28/100|[from] item: Leftovers
|upkeep
|turn|40
|
|t:|1730655229
|move|p2a: Skarmory|Drill Peck|p1a: Claydol
|-damage|p1a: Claydol|9/100
|move|p1a: Claydol|Rest|p1a: Claydol
|-status|p1a: Claydol|slp|[from] move: Rest
|-heal|p1a: Claydol|100/100 slp|[silent]
|
|-weather|Sandstorm|[upkeep]
|-heal|p2a: Skarmory|76/100|[from] item: Leftovers
|upkeep
|turn|41
|
|t:|1730655233
|move|p2a: Skarmory|Spikes|p1a: Claydol
|-sidestart|p1: no more bad dreams|Spikes
|cant|p1a: Claydol|slp
|
|-weather|Sandstorm|[upkeep]
|-heal|p2a: Skarmory|82/100|[from] item: Leftovers
|upkeep
|turn|42
|
|t:|1730655236
|cant|p1a: Claydol|slp
|move|p2a: Skarmory|Roar|p1a: Claydol
|drag|p1a: Tyranitar|Tyranitar, F|100/100
|-damage|p1a: Tyranitar|84/100|[from] Spikes
|
|-weather|Sandstorm|[upkeep]
|-heal|p2a: Skarmory|88/100|[from] item: Leftovers
|-heal|p1a: Tyranitar|90/100|[from] item: Leftovers
|upkeep
|turn|43
|
|t:|1730655245
|switch|p2a: Milotic|Milotic, F|94/100
|-damage|p2a: Milotic|81/100|[from] Spikes
|switch|p1a: Claydol|Claydol|100/100 slp
|
|-weather|Sandstorm|[upkeep]
|-damage|p2a: Milotic|75/100|[from] Sandstorm
|-heal|p2a: Milotic|81/100|[from] item: Leftovers
|upkeep
|turn|44
|
|t:|1730655253
|switch|p1a: Blissey|Blissey, F|100/100
|-damage|p1a: Blissey|84/100|[from] Spikes
|move|p2a: Milotic|Surf|p1a: Blissey
|-damage|p1a: Blissey|70/100
|
|-weather|Sandstorm|[upkeep]
|-damage|p2a: Milotic|75/100|[from] Sandstorm
|-damage|p1a: Blissey|64/100|[from] Sandstorm
|-heal|p2a: Milotic|81/100|[from] item: Leftovers
|-heal|p1a: Blissey|70/100|[from] item: Leftovers
|upkeep
|turn|45
|
|t:|1730655260
|move|p2a: Milotic|Toxic|p1a: Blissey
|-status|p1a: Blissey|tox
|move|p1a: Blissey|Soft-Boiled|p1a: Blissey
|-heal|p1a: Blissey|100/100 tox
|
|-weather|Sandstorm|[upkeep]
|-damage|p2a: Milotic|75/100|[from] Sandstorm
|-damage|p1a: Blissey|94/100 tox|[from] Sandstorm
|-heal|p2a: Milotic|81/100|[from] item: Leftovers
|-heal|p1a: Blissey|100/100 tox|[from] item: Leftovers
|-damage|p1a: Blissey|94/100 tox|[from] psn
|upkeep
|turn|46
|
|t:|1730655264
|move|p2a: Milotic|Surf|p1a: Blissey
|-damage|p1a: Blissey|82/100 tox
|move|p1a: Blissey|Seismic Toss|p2a: Milotic
|-damage|p2a: Milotic|56/100
|
|-weather|Sandstorm|[upkeep]
|-damage|p2a: Milotic|50/100|[from] Sandstorm
|-damage|p1a: Blissey|75/100 tox|[from] Sandstorm
|-heal|p2a: Milotic|56/100|[from] item: Leftovers
|-heal|p1a: Blissey|82/100 tox|[from] item: Leftovers
|-damage|p1a: Blissey|69/100 tox|[from] psn
|upkeep
|turn|47
|
|t:|1730655266
|move|p2a: Milotic|Recover|p2a: Milotic
|-heal|p2a: Milotic|100/100
|move|p1a: Blissey|Aromatherapy|p1a: Blissey
|-cureteam|p1a: Blissey|[from] move: Aromatherapy
|
|-weather|Sandstorm|[upkeep]
|-damage|p2a: Milotic|94/100|[from] Sandstorm
|-damage|p1a: Blissey|63/100|[from] Sandstorm
|-heal|p2a: Milotic|100/100|[from] item: Leftovers
|-heal|p1a: Blissey|69/100|[from] item: Leftovers
|upkeep
|turn|48
|
|t:|1730655271
|switch|p1a: Skarmory|Skarmory, M|91/100
|move|p2a: Milotic|Toxic|p1a: Skarmory
|-immune|p1a: Skarmory
|
|-weather|Sandstorm|[upkeep]
|-damage|p2a: Milotic|94/100|[from] Sandstorm
|-heal|p2a: Milotic|100/100|[from] item: Leftovers
|upkeep
|turn|49
|
|t:|1730655280
|move|p1a: Skarmory|Protect|p1a: Skarmory
|-singleturn|p1a: Skarmory|Protect
|move|p2a: Milotic|Surf|p1a: Skarmory
|-activate|p1a: Skarmory|Protect
|
|-weather|Sandstorm|[upkeep]
|-damage|p2a: Milotic|94/100|[from] Sandstorm
|-heal|p2a: Milotic|100/100|[from] item: Leftovers
|upkeep
|turn|50
|
|t:|1730655282
|switch|p1a: Blissey|Blissey, F|69/100
|-damage|p1a: Blissey|53/100|[from] Spikes
|move|p2a: Milotic|Surf|p1a: Blissey
|-damage|p1a: Blissey|38/100
|
|-weather|Sandstorm|[upkeep]
|-damage|p2a: Milotic|94/100|[from] Sandstorm
|-damage|p1a: Blissey|32/100|[from] Sandstorm
|-heal|p2a: Milotic|100/100|[from] item: Leftovers
|-heal|p1a: Blissey|38/100|[from] item: Leftovers
|upkeep
|turn|51
|
|t:|1730655284
|move|p2a: Milotic|Toxic|p1a: Blissey
|-status|p1a: Blissey|tox
|move|p1a: Blissey|Soft-Boiled|p1a: Blissey
|-heal|p1a: Blissey|88/100 tox
|
|-weather|Sandstorm|[upkeep]
|-damage|p2a: Milotic|94/100|[from] Sandstorm
|-damage|p1a: Blissey|82/100 tox|[from] Sandstorm
|-heal|p2a: Milotic|100/100|[from] item: Leftovers
|-heal|p1a: Blissey|88/100 tox|[from] item: Leftovers
|-damage|p1a: Blissey|82/100 tox|[from] psn
|upkeep
|turn|52
|
|t:|1730655289
|move|p2a: Milotic|Surf|p1a: Blissey
|-damage|p1a: Blissey|69/100 tox
|move|p1a: Blissey|Seismic Toss|p2a: Milotic
|-damage|p2a: Milotic|75/100
|
|-weather|Sandstorm|[upkeep]
|-damage|p2a: Milotic|69/100|[from] Sandstorm
|-damage|p1a: Blissey|63/100 tox|[from] Sandstorm
|-heal|p2a: Milotic|75/100|[from] item: Leftovers
|-heal|p1a: Blissey|69/100 tox|[from] item: Leftovers
|-damage|p1a: Blissey|57/100 tox|[from] psn
|upkeep
|turn|53
|
|t:|1730655294
|move|p2a: Milotic|Surf|p1a: Blissey
|-damage|p1a: Blissey|42/100 tox
|move|p1a: Blissey|Aromatherapy|p1a: Blissey
|-cureteam|p1a: Blissey|[from] move: Aromatherapy
|
|-weather|Sandstorm|[upkeep]
|-damage|p2a: Milotic|69/100|[from] Sandstorm
|-damage|p1a: Blissey|36/100|[from] Sandstorm
|-heal|p2a: Milotic|75/100|[from] item: Leftovers
|-heal|p1a: Blissey|42/100|[from] item: Leftovers
|upkeep
|turn|54
|
|t:|1730655297
|move|p2a: Milotic|Toxic|p1a: Blissey
|-status|p1a: Blissey|tox
|move|p1a: Blissey|Soft-Boiled|p1a: Blissey
|-heal|p1a: Blissey|92/100 tox
|
|-weather|Sandstorm|[upkeep]
|-damage|p2a: Milotic|69/100|[from] Sandstorm
|-damage|p1a: Blissey|86/100 tox|[from] Sandstorm
|-heal|p2a: Milotic|75/100|[from] item: Leftovers
|-heal|p1a: Blissey|92/100 tox|[from] item: Leftovers
|-damage|p1a: Blissey|86/100 tox|[from] psn
|upkeep
|turn|55
|
|t:|1730655299
|move|p2a: Milotic|Surf|p1a: Blissey
|-damage|p1a: Blissey|72/100 tox
|move|p1a: Blissey|Aromatherapy|p1a: Blissey
|-cureteam|p1a: Blissey|[from] move: Aromatherapy
|
|-weather|Sandstorm|[upkeep]
|-damage|p2a: Milotic|69/100|[from] Sandstorm
|-damage|p1a: Blissey|66/100|[from] Sandstorm
|-heal|p2a: Milotic|75/100|[from] item: Leftovers
|-heal|p1a: Blissey|72/100|[from] item: Leftovers
|upkeep
|turn|56
|
|t:|1730655305
|switch|p1a: Skarmory|Skarmory, M|91/100
|move|p2a: Milotic|Surf|p1a: Skarmory
|-damage|p1a: Skarmory|62/100
|
|-weather|Sandstorm|[upkeep]
|-damage|p2a: Milotic|69/100|[from] Sandstorm
|-heal|p2a: Milotic|75/100|[from] item: Leftovers
|upkeep
|turn|57
|
|t:|1730655309
|move|p2a: Milotic|Recover|p2a: Milotic
|-heal|p2a: Milotic|100/100
|move|p1a: Skarmory|Roar|p2a: Milotic
|drag|p2a: Skarmory|Skarmory, M|88/100
|
|-weather|Sandstorm|[upkeep]
|-heal|p2a: Skarmory|94/100|[from] item: Leftovers
|upkeep
|turn|58
|
|t:|1730655313
|switch|p2a: Milotic|Milotic, F|100/100
|-damage|p2a: Milotic|88/100|[from] Spikes
|move|p1a: Skarmory|Spikes|p2a: Milotic
|-sidestart|p2: lax|Spikes
|
|-weather|Sandstorm|[upkeep]
|-damage|p2a: Milotic|82/100|[from] Sandstorm
|-heal|p2a: Milotic|88/100|[from] item: Leftovers
|upkeep
|turn|59
|
|t:|1730655318
|move|p2a: Milotic|Refresh||[still]
|-fail|p2a: Milotic
|move|p1a: Skarmory|Roar|p2a: Milotic
|drag|p2a: Claydol|Claydol|100/100
|
|-weather|Sandstorm|[upkeep]
|upkeep
|turn|60
|
|t:|1730655320
|move|p1a: Skarmory|Drill Peck|p2a: Claydol
|-damage|p2a: Claydol|78/100
|move|p2a: Claydol|Rapid Spin|p1a: Skarmory
|-resisted|p1a: Skarmory
|-damage|p1a: Skarmory|61/100
|-sideend|p2: lax|Spikes|[from] move: Rapid Spin|[of] p2a: Claydol
|
|-weather|Sandstorm|[upkeep]
|-heal|p2a: Claydol|84/100|[from] item: Leftovers
|upkeep
|turn|61
|
|t:|1730655323
|move|p1a: Skarmory|Spikes|p2a: Claydol
|-sidestart|p2: lax|Spikes
|move|p2a: Claydol|Psychic|p1a: Skarmory
|-resisted|p1a: Skarmory
|-damage|p1a: Skarmory|50/100
|
|-weather|Sandstorm|[upkeep]
|-heal|p2a: Claydol|90/100|[from] item: Leftovers
|upkeep
|turn|62
|
|t:|1730655326
|switch|p1a: Claydol|Claydol|100/100
|move|p2a: Claydol|Rapid Spin|p1a: Claydol
|-crit|p1a: Claydol
|-damage|p1a: Claydol|93/100
|-sideend|p2: lax|Spikes|[from] move: Rapid Spin|[of] p2a: Claydol
|
|-weather|Sandstorm|[upkeep]
|-heal|p1a: Claydol|99/100|[from] item: Leftovers
|-heal|p2a: Claydol|96/100|[from] item: Leftovers
|upkeep
|turn|63
|
|t:|1730655332
|switch|p2a: Milotic|Milotic, F|88/100
|move|p1a: Claydol|Rapid Spin|p2a: Milotic
|-damage|p2a: Milotic|85/100
|-sideend|p1: no more bad dreams|Spikes|[from] move: Rapid Spin|[of] p1a: Claydol
|
|-weather|Sandstorm|[upkeep]
|-damage|p2a: Milotic|79/100|[from] Sandstorm
|-heal|p2a: Milotic|85/100|[from] item: Leftovers
|-heal|p1a: Claydol|100/100|[from] item: Leftovers
|upkeep
|turn|64
|
|t:|1730655336
|move|p2a: Milotic|Toxic|p1a: Claydol
|-status|p1a: Claydol|tox
|move|p1a: Claydol|Earthquake|p2a: Milotic
|-damage|p2a: Milotic|65/100
|
|-weather|Sandstorm|[upkeep]
|-damage|p2a: Milotic|59/100|[from] Sandstorm
|-heal|p2a: Milotic|65/100|[from] item: Leftovers
|-damage|p1a: Claydol|94/100 tox|[from] psn
|upkeep
|turn|65
|
|t:|1730655339
|move|p2a: Milotic|Surf|p1a: Claydol
|-supereffective|p1a: Claydol
|-damage|p1a: Claydol|47/100 tox
|move|p1a: Claydol|Rest|p1a: Claydol
|-status|p1a: Claydol|slp|[from] move: Rest
|-heal|p1a: Claydol|100/100 slp|[silent]
|
|-weather|Sandstorm|[upkeep]
|-damage|p2a: Milotic|59/100|[from] Sandstorm
|-heal|p2a: Milotic|65/100|[from] item: Leftovers
|upkeep
|turn|66
|
|t:|1730655342
|switch|p1a: Blissey|Blissey, F|72/100
|move|p2a: Milotic|Surf|p1a: Blissey
|-damage|p1a: Blissey|59/100
|
|-weather|Sandstorm|[upkeep]
|-damage|p2a: Milotic|59/100|[from] Sandstorm
|-damage|p1a: Blissey|53/100|[from] Sandstorm
|-heal|p2a: Milotic|65/100|[from] item: Leftovers
|-heal|p1a: Blissey|59/100|[from] item: Leftovers
|upkeep
|turn|67
|
|t:|1730655345
|move|p2a: Milotic|Toxic|p1a: Blissey
|-status|p1a: Blissey|tox
|move|p1a: Blissey|Soft-Boiled|p1a: Blissey
|-heal|p1a: Blissey|100/100 tox
|
|-weather|Sandstorm|[upkeep]
|-damage|p2a: Milotic|59/100|[from] Sandstorm
|-damage|p1a: Blissey|94/100 tox|[from] Sandstorm
|-heal|p2a: Milotic|65/100|[from] item: Leftovers
|-heal|p1a: Blissey|100/100 tox|[from] item: Leftovers
|-damage|p1a: Blissey|94/100 tox|[from] psn
|upkeep
|turn|68
|
|t:|1730655348
|move|p2a: Milotic|Recover|p2a: Milotic
|-heal|p2a: Milotic|100/100
|move|p1a: Blissey|Aromatherapy|p1a: Blissey
|-cureteam|p1a: Blissey|[from] move: Aromatherapy
|
|-weather|Sandstorm|[upkeep]
|-damage|p2a: Milotic|94/100|[from] Sandstorm
|-damage|p1a: Blissey|88/100|[from] Sandstorm
|-heal|p2a: Milotic|100/100|[from] item: Leftovers
|-heal|p1a: Blissey|94/100|[from] item: Leftovers
|upkeep
|turn|69
|
|t:|1730655352
|switch|p1a: Skarmory|Skarmory, M|50/100
|move|p2a: Milotic|Toxic|p1a: Skarmory
|-immune|p1a: Skarmory
|
|-weather|Sandstorm|[upkeep]
|-damage|p2a: Milotic|94/100|[from] Sandstorm
|-heal|p2a: Milotic|100/100|[from] item: Leftovers
|upkeep
|turn|70
|
|t:|1730655356
|switch|p2a: Skarmory|Skarmory, M|94/100
|move|p1a: Skarmory|Protect||[still]
|-fail|p1a: Skarmory
|
|-weather|Sandstorm|[upkeep]
|-heal|p2a: Skarmory|99/100|[from] item: Leftovers
|upkeep
|turn|71
|
|t:|1730655359
|switch|p1a: Claydol|Claydol|100/100
|move|p2a: Skarmory|Spikes|p1a: Claydol
|-sidestart|p1: no more bad dreams|Spikes
|
|-weather|Sandstorm|[upkeep]
|-heal|p2a: Skarmory|100/100|[from] item: Leftovers
|upkeep
|turn|72
|
|t:|1730655385
|move|p2a: Skarmory|Drill Peck|p1a: Claydol
|-damage|p1a: Claydol|80/100
|move|p1a: Claydol|Rapid Spin|p2a: Skarmory
|-resisted|p2a: Skarmory
|-damage|p2a: Skarmory|99/100
|-sideend|p1: no more bad dreams|Spikes|[from] move: Rapid Spin|[of] p1a: Claydol
|
|-weather|Sandstorm|[upkeep]
|-heal|p2a: Skarmory|100/100|[from] item: Leftovers
|-heal|p1a: Claydol|86/100|[from] item: Leftovers
|upkeep
|turn|73
|
|t:|1730655387
|move|p2a: Skarmory|Drill Peck|p1a: Claydol
|-damage|p1a: Claydol|67/100
|move|p1a: Claydol|Psychic|p2a: Skarmory
|-resisted|p2a: Skarmory
|-damage|p2a: Skarmory|89/100
|
|-weather|Sandstorm|[upkeep]
|-heal|p2a: Skarmory|95/100|[from] item: Leftovers
|-heal|p1a: Claydol|73/100|[from] item: Leftovers
|upkeep
|turn|74
|
|t:|1730655390
|move|p2a: Skarmory|Drill Peck|p1a: Claydol
|-damage|p1a: Claydol|53/100
|move|p1a: Claydol|Psychic|p2a: Skarmory
|-resisted|p2a: Skarmory
|-damage|p2a: Skarmory|83/100
|
|-weather|Sandstorm|[upkeep]
|-heal|p2a: Skarmory|89/100|[from] item: Leftovers
|-heal|p1a: Claydol|59/100|[from] item: Leftovers
|upkeep
|turn|75
|
|t:|1730655392
|move|p2a: Skarmory|Drill Peck|p1a: Claydol
|-damage|p1a: Claydol|38/100
|move|p1a: Claydol|Rapid Spin|p2a: Skarmory
|-resisted|p2a: Skarmory
|-damage|p2a: Skarmory|88/100
|
|-weather|Sandstorm|[upkeep]
|-heal|p2a: Skarmory|94/100|[from] item: Leftovers
|-heal|p1a: Claydol|44/100|[from] item: Leftovers
|upkeep
|turn|76
|
|t:|1730655393
|move|p2a: Skarmory|Spikes|p1a: Claydol
|-sidestart|p1: no more bad dreams|Spikes
|move|p1a: Claydol|Psychic|p2a: Skarmory
|-resisted|p2a: Skarmory
|-damage|p2a: Skarmory|82/100
|
|-weather|Sandstorm|[upkeep]
|-heal|p2a: Skarmory|88/100|[from] item: Leftovers
|-heal|p1a: Claydol|50/100|[from] item: Leftovers
|upkeep
|turn|77
|
|t:|1730655395
|move|p2a: Skarmory|Drill Peck|p1a: Claydol
|-damage|p1a: Claydol|30/100
|move|p1a: Claydol|Rapid Spin|p2a: Skarmory
|-resisted|p2a: Skarmory
|-damage|p2a: Skarmory|87/100
|-sideend|p1: no more bad dreams|Spikes|[from] move: Rapid Spin|[of] p1a: Claydol
|
|-weather|Sandstorm|[upkeep]
|-heal|p2a: Skarmory|93/100|[from] item: Leftovers
|-heal|p1a: Claydol|36/100|[from] item: Leftovers
|upkeep
|turn|78
|
|t:|1730655398
|move|p2a: Skarmory|Spikes|p1a: Claydol
|-sidestart|p1: no more bad dreams|Spikes
|move|p1a: Claydol|Rest|p1a: Claydol
|-status|p1a: Claydol|slp|[from] move: Rest
|-heal|p1a: Claydol|100/100 slp|[silent]
|
|-weather|Sandstorm|[upkeep]
|-heal|p2a: Skarmory|99/100|[from] item: Leftovers
|upkeep
|turn|79
|
|t:|1730655399
|switch|p2a: Milotic|Milotic, F|100/100
|cant|p1a: Claydol|slp
|
|-weather|Sandstorm|[upkeep]
|-damage|p2a: Milotic|94/100|[from] Sandstorm
|-heal|p2a: Milotic|100/100|[from] item: Leftovers
|upkeep
|turn|80
|
|t:|1730655402
|move|p2a: Milotic|Surf|p1a: Claydol
|-supereffective|p1a: Claydol
|-damage|p1a: Claydol|47/100 slp
|cant|p1a: Claydol|slp
|
|-weather|Sandstorm|[upkeep]
|-damage|p2a: Milotic|94/100|[from] Sandstorm
|-heal|p2a: Milotic|100/100|[from] item: Leftovers
|-heal|p1a: Claydol|54/100 slp|[from] item: Leftovers
|upkeep
|turn|81
|
|t:|1730655405
|switch|p1a: Blissey|Blissey, F|94/100
|-damage|p1a: Blissey|82/100|[from] Spikes
|move|p2a: Milotic|Toxic|p1a: Blissey|[miss]
|-miss|p2a: Milotic|p1a: Blissey
|
|-weather|Sandstorm|[upkeep]
|-damage|p2a: Milotic|94/100|[from] Sandstorm
|-damage|p1a: Blissey|76/100|[from] Sandstorm
|-heal|p2a: Milotic|100/100|[from] item: Leftovers
|-heal|p1a: Blissey|82/100|[from] item: Leftovers
|upkeep
|turn|82
|
|t:|1730655410
|move|p2a: Milotic|Toxic|p1a: Blissey
|-status|p1a: Blissey|tox
|move|p1a: Blissey|Seismic Toss|p2a: Milotic
|-damage|p2a: Milotic|75/100
|
|-weather|Sandstorm|[upkeep]
|-damage|p2a: Milotic|69/100|[from] Sandstorm
|-damage|p1a: Blissey|76/100 tox|[from] Sandstorm
|-heal|p2a: Milotic|75/100|[from] item: Leftovers
|-heal|p1a: Blissey|82/100 tox|[from] item: Leftovers
|-damage|p1a: Blissey|76/100 tox|[from] psn
|upkeep
|turn|83
|
|t:|1730655424
|move|p2a: Milotic|Recover|p2a: Milotic
|-heal|p2a: Milotic|100/100
|move|p1a: Blissey|Seismic Toss|p2a: Milotic
|-damage|p2a: Milotic|75/100
|
|-weather|Sandstorm|[upkeep]
|-damage|p2a: Milotic|69/100|[from] Sandstorm
|-damage|p1a: Blissey|70/100 tox|[from] Sandstorm
|-heal|p2a: Milotic|75/100|[from] item: Leftovers
|-heal|p1a: Blissey|76/100 tox|[from] item: Leftovers
|-damage|p1a: Blissey|63/100 tox|[from] psn
|upkeep
|turn|84
|
|t:|1730655429
|switch|p2a: Dugtrio|Dugtrio, M|100/100
|move|p1a: Blissey|Soft-Boiled|p1a: Blissey
|-heal|p1a: Blissey|100/100 tox
|
|-weather|Sandstorm|[upkeep]
|-damage|p1a: Blissey|94/100 tox|[from] Sandstorm
|-heal|p1a: Blissey|100/100 tox|[from] item: Leftovers
|-damage|p1a: Blissey|82/100 tox|[from] psn
|upkeep
|turn|85
|
|t:|1730655432
|move|p2a: Dugtrio|Earthquake|p1a: Blissey
|-damage|p1a: Blissey|28/100 tox
|move|p1a: Blissey|Ice Beam|p2a: Dugtrio
|-supereffective|p2a: Dugtrio
|-damage|p2a: Dugtrio|0 fnt
|faint|p2a: Dugtrio
|
|t:|1730655438
|switch|p2a: Milotic|Milotic, F|75/100
|
|-weather|Sandstorm|[upkeep]
|-damage|p2a: Milotic|69/100|[from] Sandstorm
|-damage|p1a: Blissey|21/100 tox|[from] Sandstorm
|-heal|p2a: Milotic|75/100|[from] item: Leftovers
|-heal|p1a: Blissey|28/100 tox|[from] item: Leftovers
|-damage|p1a: Blissey|3/100 tox|[from] psn
|upkeep
|turn|86
|
|t:|1730655441
|move|p2a: Milotic|Surf|p1a: Blissey
|-damage|p1a: Blissey|0 fnt
|faint|p1a: Blissey
|
|t:|1730655443
|switch|p1a: Skarmory|Skarmory, M|50/100
|
|-weather|Sandstorm|[upkeep]
|-damage|p2a: Milotic|69/100|[from] Sandstorm
|-heal|p2a: Milotic|75/100|[from] item: Leftovers
|upkeep
|turn|87
|
|t:|1730655448
|move|p2a: Milotic|Surf|p1a: Skarmory
|-damage|p1a: Skarmory|18/100
|move|p1a: Skarmory|Drill Peck|p2a: Milotic
|-damage|p2a: Milotic|58/100
|
|-weather|Sandstorm|[upkeep]
|-damage|p2a: Milotic|52/100|[from] Sandstorm
|-heal|p2a: Milotic|58/100|[from] item: Leftovers
|upkeep
|turn|88
|
|t:|1730655451
|move|p2a: Milotic|Recover|p2a: Milotic
|-heal|p2a: Milotic|100/100
|move|p1a: Skarmory|Roar|p2a: Milotic
|drag|p2a: Blissey|Blissey, F|100/100
|
|-weather|Sandstorm|[upkeep]
|-damage|p2a: Blissey|94/100|[from] Sandstorm
|-heal|p2a: Blissey|100/100|[from] item: Leftovers
|upkeep
|turn|89
|
|t:|1730655454
|switch|p2a: Milotic|Milotic, F|100/100
|move|p1a: Skarmory|Spikes|p2a: Milotic
|-sidestart|p2: lax|Spikes
|
|-weather|Sandstorm|[upkeep]
|-damage|p2a: Milotic|94/100|[from] Sandstorm
|-heal|p2a: Milotic|100/100|[from] item: Leftovers
|upkeep
|turn|90
|
|t:|1730655457
|move|p2a: Milotic|Surf|p1a: Skarmory
|-damage|p1a: Skarmory|0 fnt
|faint|p1a: Skarmory
|
|t:|1730655460
|switch|p1a: Tyranitar|Tyranitar, F|90/100
|-damage|p1a: Tyranitar|78/100|[from] Spikes
|
|-weather|Sandstorm|[upkeep]
|-damage|p2a: Milotic|94/100|[from] Sandstorm
|-heal|p2a: Milotic|100/100|[from] item: Leftovers
|-heal|p1a: Tyranitar|84/100|[from] item: Leftovers
|upkeep
|turn|91
|
|t:|1730655461
|move|p2a: Milotic|Surf|p1a: Tyranitar
|-supereffective|p1a: Tyranitar
|-damage|p1a: Tyranitar|32/100
|move|p1a: Tyranitar|Rock Slide|p2a: Milotic
|-damage|p2a: Milotic|69/100
|
|-weather|Sandstorm|[upkeep]
|-damage|p2a: Milotic|62/100|[from] Sandstorm
|-heal|p2a: Milotic|69/100|[from] item: Leftovers
|-heal|p1a: Tyranitar|38/100|[from] item: Leftovers
|upkeep
|turn|92
|
|t:|1730655465
|move|p2a: Milotic|Recover|p2a: Milotic
|-heal|p2a: Milotic|100/100
|move|p1a: Tyranitar|Rock Slide|p2a: Milotic
|-damage|p2a: Milotic|68/100
|
|-weather|Sandstorm|[upkeep]
|-damage|p2a: Milotic|62/100|[from] Sandstorm
|-heal|p2a: Milotic|68/100|[from] item: Leftovers
|-heal|p1a: Tyranitar|44/100|[from] item: Leftovers
|upkeep
|turn|93
|
|t:|1730655467
|move|p2a: Milotic|Surf|p1a: Tyranitar
|-supereffective|p1a: Tyranitar
|-damage|p1a: Tyranitar|0 fnt
|faint|p1a: Tyranitar
|
|t:|1730655469
|switch|p1a: Dugtrio|Dugtrio, M|100/100
|-damage|p1a: Dugtrio|88/100|[from] Spikes
|
|-weather|Sandstorm|[upkeep]
|-damage|p2a: Milotic|62/100|[from] Sandstorm
|-heal|p2a: Milotic|68/100|[from] item: Leftovers
|upkeep
|turn|94
|
|t:|1730655471
|move|p1a: Dugtrio|Earthquake|p2a: Milotic
|-damage|p2a: Milotic|25/100
|move|p2a: Milotic|Surf|p1a: Dugtrio
|-supereffective|p1a: Dugtrio
|-damage|p1a: Dugtrio|0 fnt
|faint|p1a: Dugtrio
|
|t:|1730655474
|switch|p1a: Claydol|Claydol|54/100 slp
|
|-weather|Sandstorm|[upkeep]
|-damage|p2a: Milotic|19/100|[from] Sandstorm
|-heal|p2a: Milotic|25/100|[from] item: Leftovers
|-heal|p1a: Claydol|60/100 slp|[from] item: Leftovers
|upkeep
|turn|95
|
|t:|1730655475
|move|p2a: Milotic|Surf|p1a: Claydol
|-supereffective|p1a: Claydol
|-damage|p1a: Claydol|5/100 slp
|-curestatus|p1a: Claydol|slp|[msg]
|move|p1a: Claydol|Earthquake|p2a: Milotic
|-damage|p2a: Milotic|5/100
|
|-weather|Sandstorm|[upkeep]
|-damage|p2a: Milotic|0 fnt|[from] Sandstorm
|faint|p2a: Milotic
|-heal|p1a: Claydol|12/100|[from] item: Leftovers
|upkeep
|c|☆no more bad dreams|gg
|c|☆lax|ggs
|c|☆lax|/log lax made the replay of this battle unlisted.
|
|t:|1730655481
|switch|p2a: Blissey|Blissey, F|100/100
|-damage|p2a: Blissey|88/100|[from] Spikes
|turn|96
|
|t:|1730655484
|move|p1a: Claydol|Rest|p1a: Claydol
|-status|p1a: Claydol|slp|[from] move: Rest
|-heal|p1a: Claydol|100/100 slp|[silent]
|move|p2a: Blissey|Ice Beam|p1a: Claydol
|-supereffective|p1a: Claydol
|-damage|p1a: Claydol|60/100 slp
|
|-weather|Sandstorm|[upkeep]
|-damage|p2a: Blissey|82/100|[from] Sandstorm
|-heal|p1a: Claydol|67/100 slp|[from] item: Leftovers
|-heal|p2a: Blissey|88/100|[from] item: Leftovers
|upkeep
|turn|97
|
|t:|1730655486
|cant|p1a: Claydol|slp
|move|p2a: Blissey|Ice Beam|p1a: Claydol
|-supereffective|p1a: Claydol
|-damage|p1a: Claydol|29/100 slp
|
|-weather|Sandstorm|[upkeep]
|-damage|p2a: Blissey|82/100|[from] Sandstorm
|-heal|p1a: Claydol|35/100 slp|[from] item: Leftovers
|-heal|p2a: Blissey|88/100|[from] item: Leftovers
|upkeep
|turn|98
|
|t:|1730655487
|cant|p1a: Claydol|slp
|move|p2a: Blissey|Ice Beam|p1a: Claydol
|-supereffective|p1a: Claydol
|-damage|p1a: Claydol|0 fnt
|faint|p1a: Claydol
|
|win|lax

</script>
<script type="application/json" class="data" id="replaydata-smogtours-gen3ou-804422">
{"id":"smogtours-gen3ou-804422","format":"[Gen 3] OU","players":["no more bad dreams","lax"],"uploadtime":1730655487,"views":63,"formatid":"gen3ou","rating":null,"private":1,"password":null}
</script>

<script defer src="js/replays.js?9d40a366"></script>
