<!DOCTYPE html>
<meta charset="utf-8" />
<meta name="viewport" content="width=device-width" />

<title>[Gen 3] OU: Chrisjde vs. Kenava - Replays - Pok&eacute;mon Showdown!</title>

<meta name="description" content="Watch a replay of a Pok&eacute;mon battle between Chrisjde and Kenava! Format: [Gen 3] OU; Date: Oct 18, 2024" />
<!--

Hey, you! Looking in the source for the replay log?

You can find them in JSON format, just add `.json` at the end of a replay URL.

https://replay.pokemonshowdown.com/gen7randomdoublesbattle-865046831.json

Or, if you only need the log itself, add `.log` instead:

https://replay.pokemonshowdown.com/gen7randomdoublesbattle-865046831.log

-->

<link rel="stylesheet" href="//pokemonshowdown.com/style/global.css?0.767286132409787" />
<link rel="stylesheet" href="//play.pokemonshowdown.com/style/font-awesome.css?0.9266228007934947" />
<link rel="stylesheet" href="//play.pokemonshowdown.com/style/battle.css?0.7924700842790926" />
<link rel="stylesheet" href="//play.pokemonshowdown.com/style/utilichart.css?0.8777417872839479" />

<!-- Global site tag (gtag.js) - Google Analytics -->
<script async src="https://www.googletagmanager.com/gtag/js?id=UA-26211653-1"></script>
<script>
  window.dataLayer = window.dataLayer || [];
  function gtag(){dataLayer.push(arguments);}
  gtag('js', new Date());

  gtag('config', 'UA-26211653-1');
</script>
<!-- End Google Analytics -->
<!-- Venatus Ad Manager - Install in <HEAD> of page -->
	<script src="https://hb.vntsm.com/v3/live/ad-manager.min.js" type="text/javascript" data-site-id="642aba63ec9a7b11c3c9c1be" data-mode="scan" async></script>
<!-- / Venatus Ad Manager -->

<style>
	@media (max-width:820px) {
		.battle {
			margin: 0 auto;
		}
		.battle-log {
			margin: 7px auto 0;
			max-width: 640px;
			height: 300px;
			position: static;
		}
	}
	.optgroup {
		display: inline-block;
		line-height: 22px;
		font-size: 10pt;
	}
	.optgroup .button {
		height: 25px;
		padding-top: 0;
		padding-bottom: 0;
	}
	.optgroup button.button {
		padding-left: 12px;
		padding-right: 12px;
	}
	.linklist {
		list-style: none;
		margin: 0.5em 0;
		padding: 0;
	}
	.linklist li {
		padding: 2px 0;
	}
	.sidebar {
		float: left;
		width: 320px;
	}
	.bar-wrapper {
		max-width: 1100px;
		margin: 0 auto;
	}
	.bar-wrapper.has-sidebar {
		max-width: 1430px;
	}
	.mainbar {
		margin: 0;
		padding-right: 1px;
	}
	.mainbar.has-sidebar {
		margin-left: 330px;
	}
	@media (min-width: 1511px) {
		.sidebar {
			width: 400px;
		}
		.bar-wrapper.has-sidebar {
			max-width: 1510px;
		}
		.mainbar.has-sidebar {
			margin-left: 410px;
		}
	}
	.section.first-section {
		margin-top: 9px;
	}
	.blocklink small {
		white-space: normal;
	}
	.button {
		vertical-align: middle;
	}
	.replay-controls {
		padding-top: 10px;
	}
	.replay-controls h1 {
		font-size: 16pt;
		font-weight: normal;
		color: #CCC;
	}
	.pagelink {
		text-align: center;
	}
	.pagelink a {
		width: 150px;
	}
	.textbox, .button {
		font-size: 11pt;
		vertical-align: middle;
	}
	@media (max-width: 450px) {
		.button {
			font-size: 9pt;
		}
	}
</style>

<div>

	<header>
		<div class="nav-wrapper"><ul class="nav">
			<li><a class="button nav-first" href="//pokemonshowdown.com/"><img src="//pokemonshowdown.com/images/pokemonshowdownbeta.png" srcset="//pokemonshowdown.com/images/pokemonshowdownbeta.png 1x, //pokemonshowdown.com/images/pokemonshowdownbeta@2x.png 2x" alt="Pok&eacute;mon Showdown" width="146" height="44" /> Home</a></li>
			<li><a class="button" href="//pokemonshowdown.com/dex/">Pok&eacute;dex</a></li>
			<li><a class="button cur" href="/">Replays</a></li>
			<li><a class="button" href="//pokemonshowdown.com/ladder/">Ladder</a></li>
			<li><a class="button nav-last" href="//pokemonshowdown.com/forums/">Forum</a></li>
			<li><a class="button greenbutton nav-first nav-last" href="//play.pokemonshowdown.com/">Play</a></li>
		</ul></div>
	</header>

	<div class="main" id="main">

		<noscript><section class="section">You need to enable JavaScript to use this page; sorry!</section></noscript>

	</div>

</div>

<script defer nomodule src="//play.pokemonshowdown.com/js/lib/ps-polyfill.js"></script>
<script defer src="//play.pokemonshowdown.com/js/lib/preact.min.js"></script>

<script defer src="//play.pokemonshowdown.com/config/config.js?6dec07f6"></script>
<script defer src="//play.pokemonshowdown.com/js/lib/jquery-1.11.0.min.js"></script>
<script defer src="//play.pokemonshowdown.com/js/lib/html-sanitizer-minified.js"></script>
<script defer src="//play.pokemonshowdown.com/js/battle-sound.js"></script>
<script defer src="//play.pokemonshowdown.com/js/battledata.js?0.6315294753075389"></script>
<script defer src="//play.pokemonshowdown.com/data/pokedex-mini.js?0.7603743185311358"></script>
<script defer src="//play.pokemonshowdown.com/data/pokedex-mini-bw.js?0.030888842834281283"></script>
<script defer src="//play.pokemonshowdown.com/data/graphics.js?0.05593094747507488"></script>
<script defer src="//play.pokemonshowdown.com/data/pokedex.js?0.47064822249611904"></script>
<script defer src="//play.pokemonshowdown.com/data/moves.js?0.8583693120512459"></script>
<script defer src="//play.pokemonshowdown.com/data/abilities.js?0.16017181182386842"></script>
<script defer src="//play.pokemonshowdown.com/data/items.js?0.4163379185673943"></script>
<script defer src="//play.pokemonshowdown.com/data/teambuilder-tables.js?0.31075597372830477"></script>
<script defer src="//play.pokemonshowdown.com/js/battle-tooltips.js?0.6536193500708172"></script>
<script defer src="//play.pokemonshowdown.com/js/battle.js?0.1916591943277901"></script>

<script defer src="js/utils.js?e31f9a17"></script>
<script defer src="js/replays-battle.js?7008c182"></script>

<!-- don't scrape this data! just add .json or .log after the URL!
Full API docs: https://github.com/smogon/pokemon-showdown-client/blob/master/WEB-API.md -->
<script type="text/plain" class="log" id="replaylog-smogtours-gen3ou-799656">
|inactive|Battle timer is ON: inactive players will automatically lose when time's up.
|t:|1729281150
|gametype|singles
|player|p1|Chrisjde|rocketgrunt|
|player|p2|Kenava|265|
|teamsize|p1|6
|teamsize|p2|6
|gen|3
|tier|[Gen 3] OU
|rule|Sleep Clause Mod: Limit one foe put to sleep
|rule|Switch Priority Clause Mod: Faster Pokémon switch first
|rule|Species Clause: Limit one of each Pokémon
|rule|OHKO Clause: OHKO moves are banned
|rule|Evasion Items Clause: Evasion items are banned
|rule|Evasion Moves Clause: Evasion moves are banned
|rule|Endless Battle Clause: Forcing endless battles is banned
|rule|HP Percentage Mod: HP is shown in percentages
|rule|One Boost Passer Clause: Limit one Baton Passer that has a way to boost its stats
|rule|Freeze Clause Mod: Limit one foe frozen
|
|t:|1729281150
|start
|switch|p1a: Zapdos|Zapdos|100/100
|switch|p2a: Salamence|Salamence, M|100/100
|-ability|p2a: Salamence|Intimidate|boost
|-unboost|p1a: Zapdos|atk|1
|turn|1
|inactive|Kenava also wants the timer to be on.
|c|☆Chrisjde|Glhf
|c|☆Kenava|glhf
|inactive|Kenava has 270 seconds left.
|
|t:|1729281186
|move|p1a: Zapdos|Substitute|p1a: Zapdos
|-start|p1a: Zapdos|Substitute
|-damage|p1a: Zapdos|76/100
|move|p2a: Salamence|Rock Slide|p1a: Zapdos
|-supereffective|p1a: Zapdos
|-crit|p1a: Zapdos
|-end|p1a: Zapdos|Substitute
|
|-heal|p1a: Zapdos|82/100|[from] item: Leftovers
|upkeep
|turn|2
|
|t:|1729281201
|switch|p1a: Starmie|Starmie|100/100
|move|p2a: Salamence|Rock Slide|p1a: Starmie
|-damage|p1a: Starmie|32/100
|
|-heal|p1a: Starmie|38/100|[from] item: Leftovers
|upkeep
|turn|3
|
|t:|1729281230
|switch|p2a: Metagross|Metagross|100/100
|move|p1a: Starmie|Ice Beam|p2a: Metagross
|-resisted|p2a: Metagross
|-damage|p2a: Metagross|86/100
|
|-heal|p1a: Starmie|44/100|[from] item: Leftovers
|-heal|p2a: Metagross|92/100|[from] item: Leftovers
|upkeep
|turn|4
|
|t:|1729281239
|switch|p1a: Zapdos|Zapdos|82/100
|move|p2a: Metagross|Earthquake|p1a: Zapdos
|-immune|p1a: Zapdos
|
|-heal|p1a: Zapdos|88/100|[from] item: Leftovers
|-heal|p2a: Metagross|98/100|[from] item: Leftovers
|upkeep
|turn|5
|
|t:|1729281244
|switch|p2a: Celebi|Celebi|100/100
|move|p1a: Zapdos|Thunderbolt|p2a: Celebi
|-resisted|p2a: Celebi
|-damage|p2a: Celebi|83/100
|
|-heal|p1a: Zapdos|94/100|[from] item: Leftovers
|-heal|p2a: Celebi|89/100|[from] item: Leftovers
|upkeep
|turn|6
|
|t:|1729281249
|move|p1a: Zapdos|Substitute|p1a: Zapdos
|-start|p1a: Zapdos|Substitute
|-damage|p1a: Zapdos|69/100
|move|p2a: Celebi|Psychic|p1a: Zapdos
|-end|p1a: Zapdos|Substitute
|
|-heal|p1a: Zapdos|76/100|[from] item: Leftovers
|-heal|p2a: Celebi|95/100|[from] item: Leftovers
|upkeep
|turn|7
|
|t:|1729281255
|switch|p1a: Regice|Regice|100/100
|move|p2a: Celebi|Leech Seed|p1a: Regice
|-start|p1a: Regice|move: Leech Seed
|
|-heal|p2a: Celebi|100/100|[from] item: Leftovers
|-damage|p1a: Regice|88/100|[from] Leech Seed|[of] p2a: Celebi
|upkeep
|turn|8
|
|t:|1729281264
|switch|p2a: Metagross|Metagross|98/100
|move|p1a: Regice|Thunder Wave|p2a: Metagross
|-status|p2a: Metagross|par
|
|-heal|p1a: Regice|94/100|[from] item: Leftovers
|-damage|p1a: Regice|82/100|[from] Leech Seed|[of] p2a: Metagross
|-heal|p2a: Metagross|100/100 par|[silent]
|upkeep
|turn|9
|
|t:|1729281270
|switch|p1a: Zapdos|Zapdos|76/100
|move|p2a: Metagross|Meteor Mash|p1a: Zapdos
|-resisted|p1a: Zapdos
|-damage|p1a: Zapdos|41/100
|
|-heal|p1a: Zapdos|47/100|[from] item: Leftovers
|upkeep
|turn|10
|
|t:|1729281278
|switch|p2a: Celebi|Celebi|100/100
|move|p1a: Zapdos|Thunderbolt|p2a: Celebi
|-resisted|p2a: Celebi
|-damage|p2a: Celebi|83/100
|
|-heal|p1a: Zapdos|53/100|[from] item: Leftovers
|-heal|p2a: Celebi|89/100|[from] item: Leftovers
|upkeep
|turn|11
|
|t:|1729281283
|move|p1a: Zapdos|Substitute|p1a: Zapdos
|-start|p1a: Zapdos|Substitute
|-damage|p1a: Zapdos|28/100
|move|p2a: Celebi|Psychic|p1a: Zapdos
|-end|p1a: Zapdos|Substitute
|
|-heal|p1a: Zapdos|34/100|[from] item: Leftovers
|-heal|p2a: Celebi|95/100|[from] item: Leftovers
|upkeep
|turn|12
|
|t:|1729281285
|move|p1a: Zapdos|Substitute|p1a: Zapdos
|-start|p1a: Zapdos|Substitute
|-damage|p1a: Zapdos|10/100
|move|p2a: Celebi|Psychic|p1a: Zapdos
|-end|p1a: Zapdos|Substitute
|
|-heal|p1a: Zapdos|16/100|[from] item: Leftovers
|-heal|p2a: Celebi|100/100|[from] item: Leftovers
|upkeep
|turn|13
|
|t:|1729281293
|switch|p1a: Regice|Regice|82/100
|move|p2a: Celebi|Leech Seed|p1a: Regice
|-start|p1a: Regice|move: Leech Seed
|
|-heal|p1a: Regice|88/100|[from] item: Leftovers
|-damage|p1a: Regice|75/100|[from] Leech Seed|[of] p2a: Celebi
|upkeep
|turn|14
|
|t:|1729281299
|switch|p2a: Metagross|Metagross|100/100 par
|switch|p1a: Dugtrio|Dugtrio, M|100/100
|
|upkeep
|turn|15
|
|t:|1729281305
|move|p1a: Dugtrio|Earthquake|p2a: Metagross
|-supereffective|p2a: Metagross
|-damage|p2a: Metagross|34/100 par
|cant|p2a: Metagross|par
|
|-heal|p2a: Metagross|40/100 par|[from] item: Leftovers
|upkeep
|turn|16
|
|t:|1729281311
|move|p1a: Dugtrio|Earthquake|p2a: Metagross
|-supereffective|p2a: Metagross
|-damage|p2a: Metagross|0 fnt
|faint|p2a: Metagross
|
|t:|1729281329
|switch|p2a: Salamence|Salamence, M|100/100
|-ability|p2a: Salamence|Intimidate|boost
|-unboost|p1a: Dugtrio|atk|1
|
|upkeep
|turn|17
|
|t:|1729281336
|switch|p1a: Zapdos|Zapdos|16/100
|move|p2a: Salamence|Hidden Power|p1a: Zapdos
|-resisted|p1a: Zapdos
|-damage|p1a: Zapdos|0 fnt
|faint|p1a: Zapdos
|
|t:|1729281339
|switch|p1a: Starmie|Starmie|44/100
|
|-heal|p1a: Starmie|50/100|[from] item: Leftovers
|upkeep
|turn|18
|
|t:|1729281357
|switch|p2a: Magneton|Magneton|100/100
|move|p1a: Starmie|Ice Beam|p2a: Magneton
|-resisted|p2a: Magneton
|-damage|p2a: Magneton|74/100
|
|-heal|p1a: Starmie|57/100|[from] item: Leftovers
|upkeep
|turn|19
|
|t:|1729281374
|switch|p2a: Celebi|Celebi|100/100
|move|p1a: Starmie|Hydro Pump|p2a: Celebi
|-resisted|p2a: Celebi
|-damage|p2a: Celebi|78/100
|
|-heal|p1a: Starmie|63/100|[from] item: Leftovers
|-heal|p2a: Celebi|84/100|[from] item: Leftovers
|upkeep
|turn|20
|
|t:|1729281392
|switch|p1a: Dugtrio|Dugtrio, M|100/100
|move|p2a: Celebi|Hidden Power|p1a: Dugtrio
|-supereffective|p1a: Dugtrio
|-damage|p1a: Dugtrio|24/100
|
|-heal|p2a: Celebi|90/100|[from] item: Leftovers
|upkeep
|turn|21
|
|t:|1729281396
|move|p1a: Dugtrio|Hidden Power|p2a: Celebi
|-supereffective|p2a: Celebi
|-damage|p2a: Celebi|30/100
|move|p2a: Celebi|Hidden Power|p1a: Dugtrio
|-supereffective|p1a: Dugtrio
|-damage|p1a: Dugtrio|0 fnt
|faint|p1a: Dugtrio
|
|t:|1729281399
|switch|p1a: Starmie|Starmie|63/100
|
|-heal|p1a: Starmie|69/100|[from] item: Leftovers
|-heal|p2a: Celebi|36/100|[from] item: Leftovers
|upkeep
|turn|22
|
|t:|1729281417
|switch|p2a: Magneton|Magneton|74/100
|move|p1a: Starmie|Ice Beam|p2a: Magneton
|-resisted|p2a: Magneton
|-damage|p2a: Magneton|50/100
|
|-heal|p1a: Starmie|75/100|[from] item: Leftovers
|upkeep
|turn|23
|
|t:|1729281421
|move|p2a: Magneton|Endure|p2a: Magneton
|-singleturn|p2a: Magneton|move: Endure
|move|p1a: Starmie|Hydro Pump|p2a: Magneton|[miss]
|-miss|p1a: Starmie|p2a: Magneton
|
|-heal|p1a: Starmie|81/100|[from] item: Leftovers
|upkeep
|turn|24
|
|t:|1729281429
|switch|p1a: Regice|Regice|75/100
|move|p2a: Magneton|Thunderbolt|p1a: Regice
|-crit|p1a: Regice
|-damage|p1a: Regice|26/100
|
|-heal|p1a: Regice|32/100|[from] item: Leftovers
|upkeep
|turn|25
|
|t:|1729281452
|switch|p2a: Claydol|Claydol|100/100
|move|p1a: Regice|Thunder Wave|p2a: Claydol
|-immune|p2a: Claydol
|
|-heal|p1a: Regice|38/100|[from] item: Leftovers
|upkeep
|turn|26
|
|t:|1729281460
|move|p2a: Claydol|Earthquake|p1a: Regice
|-damage|p1a: Regice|4/100
|move|p1a: Regice|Ice Beam|p2a: Claydol
|-supereffective|p2a: Claydol
|-damage|p2a: Claydol|20/100
|
|-heal|p2a: Claydol|26/100|[from] item: Leftovers
|-heal|p1a: Regice|10/100|[from] item: Leftovers
|upkeep
|turn|27
|
|t:|1729281464
|switch|p1a: Gengar|Gengar, M|100/100
|move|p2a: Claydol|Earthquake|p1a: Gengar
|-immune|p1a: Gengar
|
|-heal|p2a: Claydol|32/100|[from] item: Leftovers
|upkeep
|turn|28
|
|t:|1729281471
|switch|p2a: Magneton|Magneton|50/100
|move|p1a: Gengar|Ice Punch|p2a: Magneton
|-resisted|p2a: Magneton
|-damage|p2a: Magneton|24/100
|
|-enditem|p2a: Magneton|Salac Berry|[eat]
|-boost|p2a: Magneton|spe|1|[from] item: Salac Berry
|upkeep
|turn|29
|
|t:|1729281481
|switch|p1a: Regice|Regice|10/100
|move|p2a: Magneton|Thunderbolt|p1a: Regice
|-damage|p1a: Regice|0 fnt
|faint|p1a: Regice
|
|t:|1729281483
|switch|p1a: Metagross|Metagross|100/100
|
|upkeep
|turn|30
|
|t:|1729281490
|move|p2a: Magneton|Thunderbolt|p1a: Metagross
|-damage|p1a: Metagross|37/100
|move|p1a: Metagross|Hidden Power|p2a: Magneton
|-supereffective|p2a: Magneton
|-damage|p2a: Magneton|0 fnt
|faint|p2a: Magneton
|inactive|Kenava has 270 seconds left.
|inactive|Kenava has 240 seconds left.
|
|t:|1729281563
|switch|p2a: Gyarados|Gyarados, M|100/100
|-ability|p2a: Gyarados|Intimidate|boost
|-fail|p1a: Metagross|unboost|[from] ability: Clear Body|[of] p1a: Metagross
|
|-heal|p1a: Metagross|43/100|[from] item: Leftovers
|upkeep
|turn|31
|
|t:|1729281568
|move|p2a: Gyarados|Dragon Dance|p2a: Gyarados
|-boost|p2a: Gyarados|atk|1
|-boost|p2a: Gyarados|spe|1
|move|p1a: Metagross|Explosion|p2a: Gyarados
|-damage|p2a: Gyarados|0 fnt
|faint|p1a: Metagross
|faint|p2a: Gyarados
|
|t:|1729281577
|switch|p2a: Celebi|Celebi|36/100
|switch|p1a: Gengar|Gengar, M|100/100
|
|-heal|p2a: Celebi|42/100|[from] item: Leftovers
|upkeep
|turn|32
|
|t:|1729281590
|move|p1a: Gengar|Ice Punch|p2a: Celebi
|-supereffective|p2a: Celebi
|-damage|p2a: Celebi|2/100
|move|p2a: Celebi|Recover|p2a: Celebi
|-heal|p2a: Celebi|52/100
|
|-heal|p2a: Celebi|58/100|[from] item: Leftovers
|upkeep
|turn|33
|
|t:|1729281603
|move|p1a: Gengar|Explosion|p2a: Celebi
|-crit|p2a: Celebi
|-damage|p2a: Celebi|0 fnt
|faint|p1a: Gengar
|faint|p2a: Celebi
|
|t:|1729281625
|switch|p1a: Starmie|Starmie|81/100
|switch|p2a: Claydol|Claydol|32/100
|
|-heal|p1a: Starmie|87/100|[from] item: Leftovers
|-heal|p2a: Claydol|38/100|[from] item: Leftovers
|upkeep
|turn|34
|
|t:|1729281628
|switch|p2a: Salamence|Salamence, M|100/100
|-ability|p2a: Salamence|Intimidate|boost
|-unboost|p1a: Starmie|atk|1
|move|p1a: Starmie|Hydro Pump|p2a: Salamence
|-resisted|p2a: Salamence
|-damage|p2a: Salamence|65/100
|
|-heal|p1a: Starmie|93/100|[from] item: Leftovers
|upkeep
|turn|35
|
|t:|1729281633
|move|p1a: Starmie|Ice Beam|p2a: Salamence
|-supereffective|p2a: Salamence
|-damage|p2a: Salamence|0 fnt
|faint|p2a: Salamence
|
|t:|1729281635
|switch|p2a: Claydol|Claydol|38/100
|
|-heal|p1a: Starmie|99/100|[from] item: Leftovers
|-heal|p2a: Claydol|45/100|[from] item: Leftovers
|upkeep
|turn|36
|
|t:|1729281638
|move|p1a: Starmie|Hydro Pump|p2a: Claydol
|-supereffective|p2a: Claydol
|-damage|p2a: Claydol|0 fnt
|faint|p2a: Claydol
|
|win|Chrisjde
|c|☆Chrisjde|Gg
|c|☆Kenava|gg
|player|p2|

</script>
<script type="application/json" class="data" id="replaydata-smogtours-gen3ou-799656">
{"id":"smogtours-gen3ou-799656","format":"[Gen 3] OU","players":["Chrisjde","Kenava"],"uploadtime":1729281638,"views":84,"formatid":"gen3ou","rating":null,"private":0,"password":null}
</script>

<script defer src="js/replays.js?9d40a366"></script>
