<!DOCTYPE html>
<meta charset="utf-8" />
<meta name="viewport" content="width=device-width" />

<title>[Gen 3] OU: mrsunsmash vs. VZR - Replays - Pok&eacute;mon Showdown!</title>

<meta name="description" content="Watch a replay of a Pok&eacute;mon battle between mrsunsmash and VZR! Format: [Gen 3] OU; Date: Oct 3, 2024" />
<!--

Hey, you! Looking in the source for the replay log?

You can find them in JSON format, just add `.json` at the end of a replay URL.

https://replay.pokemonshowdown.com/gen7randomdoublesbattle-865046831.json

Or, if you only need the log itself, add `.log` instead:

https://replay.pokemonshowdown.com/gen7randomdoublesbattle-865046831.log

-->

<link rel="stylesheet" href="//pokemonshowdown.com/style/global.css?0.767286132409787" />
<link rel="stylesheet" href="//play.pokemonshowdown.com/style/font-awesome.css?0.9266228007934947" />
<link rel="stylesheet" href="//play.pokemonshowdown.com/style/battle.css?0.7924700842790926" />
<link rel="stylesheet" href="//play.pokemonshowdown.com/style/utilichart.css?0.8777417872839479" />

<!-- Global site tag (gtag.js) - Google Analytics -->
<script async src="https://www.googletagmanager.com/gtag/js?id=UA-26211653-1"></script>
<script>
  window.dataLayer = window.dataLayer || [];
  function gtag(){dataLayer.push(arguments);}
  gtag('js', new Date());

  gtag('config', 'UA-26211653-1');
</script>
<!-- End Google Analytics -->
<!-- Venatus Ad Manager - Install in <HEAD> of page -->
	<script src="https://hb.vntsm.com/v3/live/ad-manager.min.js" type="text/javascript" data-site-id="642aba63ec9a7b11c3c9c1be" data-mode="scan" async></script>
<!-- / Venatus Ad Manager -->

<style>
	@media (max-width:820px) {
		.battle {
			margin: 0 auto;
		}
		.battle-log {
			margin: 7px auto 0;
			max-width: 640px;
			height: 300px;
			position: static;
		}
	}
	.optgroup {
		display: inline-block;
		line-height: 22px;
		font-size: 10pt;
	}
	.optgroup .button {
		height: 25px;
		padding-top: 0;
		padding-bottom: 0;
	}
	.optgroup button.button {
		padding-left: 12px;
		padding-right: 12px;
	}
	.linklist {
		list-style: none;
		margin: 0.5em 0;
		padding: 0;
	}
	.linklist li {
		padding: 2px 0;
	}
	.sidebar {
		float: left;
		width: 320px;
	}
	.bar-wrapper {
		max-width: 1100px;
		margin: 0 auto;
	}
	.bar-wrapper.has-sidebar {
		max-width: 1430px;
	}
	.mainbar {
		margin: 0;
		padding-right: 1px;
	}
	.mainbar.has-sidebar {
		margin-left: 330px;
	}
	@media (min-width: 1511px) {
		.sidebar {
			width: 400px;
		}
		.bar-wrapper.has-sidebar {
			max-width: 1510px;
		}
		.mainbar.has-sidebar {
			margin-left: 410px;
		}
	}
	.section.first-section {
		margin-top: 9px;
	}
	.blocklink small {
		white-space: normal;
	}
	.button {
		vertical-align: middle;
	}
	.replay-controls {
		padding-top: 10px;
	}
	.replay-controls h1 {
		font-size: 16pt;
		font-weight: normal;
		color: #CCC;
	}
	.pagelink {
		text-align: center;
	}
	.pagelink a {
		width: 150px;
	}
	.textbox, .button {
		font-size: 11pt;
		vertical-align: middle;
	}
	@media (max-width: 450px) {
		.button {
			font-size: 9pt;
		}
	}
</style>

<div>

	<header>
		<div class="nav-wrapper"><ul class="nav">
			<li><a class="button nav-first" href="//pokemonshowdown.com/"><img src="//pokemonshowdown.com/images/pokemonshowdownbeta.png" srcset="//pokemonshowdown.com/images/pokemonshowdownbeta.png 1x, //pokemonshowdown.com/images/pokemonshowdownbeta@2x.png 2x" alt="Pok&eacute;mon Showdown" width="146" height="44" /> Home</a></li>
			<li><a class="button" href="//pokemonshowdown.com/dex/">Pok&eacute;dex</a></li>
			<li><a class="button cur" href="/">Replays</a></li>
			<li><a class="button" href="//pokemonshowdown.com/ladder/">Ladder</a></li>
			<li><a class="button nav-last" href="//pokemonshowdown.com/forums/">Forum</a></li>
			<li><a class="button greenbutton nav-first nav-last" href="//play.pokemonshowdown.com/">Play</a></li>
		</ul></div>
	</header>

	<div class="main" id="main">

		<noscript><section class="section">You need to enable JavaScript to use this page; sorry!</section></noscript>

	</div>

</div>

<script defer nomodule src="//play.pokemonshowdown.com/js/lib/ps-polyfill.js"></script>
<script defer src="//play.pokemonshowdown.com/js/lib/preact.min.js"></script>

<script defer src="//play.pokemonshowdown.com/config/config.js?6dec07f6"></script>
<script defer src="//play.pokemonshowdown.com/js/lib/jquery-1.11.0.min.js"></script>
<script defer src="//play.pokemonshowdown.com/js/lib/html-sanitizer-minified.js"></script>
<script defer src="//play.pokemonshowdown.com/js/battle-sound.js"></script>
<script defer src="//play.pokemonshowdown.com/js/battledata.js?0.6315294753075389"></script>
<script defer src="//play.pokemonshowdown.com/data/pokedex-mini.js?0.7603743185311358"></script>
<script defer src="//play.pokemonshowdown.com/data/pokedex-mini-bw.js?0.030888842834281283"></script>
<script defer src="//play.pokemonshowdown.com/data/graphics.js?0.05593094747507488"></script>
<script defer src="//play.pokemonshowdown.com/data/pokedex.js?0.47064822249611904"></script>
<script defer src="//play.pokemonshowdown.com/data/moves.js?0.8583693120512459"></script>
<script defer src="//play.pokemonshowdown.com/data/abilities.js?0.16017181182386842"></script>
<script defer src="//play.pokemonshowdown.com/data/items.js?0.4163379185673943"></script>
<script defer src="//play.pokemonshowdown.com/data/teambuilder-tables.js?0.31075597372830477"></script>
<script defer src="//play.pokemonshowdown.com/js/battle-tooltips.js?0.6536193500708172"></script>
<script defer src="//play.pokemonshowdown.com/js/battle.js?0.1916591943277901"></script>

<script defer src="js/utils.js?e31f9a17"></script>
<script defer src="js/replays-battle.js?7008c182"></script>

<!-- don't scrape this data! just add .json or .log after the URL!
Full API docs: https://github.com/smogon/pokemon-showdown-client/blob/master/WEB-API.md -->
<script type="text/plain" class="log" id="replaylog-smogtours-gen3ou-794374">
|inactive|Battle timer is ON: inactive players will automatically lose when time's up.
|t:|1727989258
|gametype|singles
|player|p1|mrsunsmash|169|
|player|p2|VZR|169|
|teamsize|p1|6
|teamsize|p2|6
|gen|3
|tier|[Gen 3] OU
|rule|Sleep Clause Mod: Limit one foe put to sleep
|rule|Switch Priority Clause Mod: Faster Pokémon switch first
|rule|Species Clause: Limit one of each Pokémon
|rule|OHKO Clause: OHKO moves are banned
|rule|Evasion Items Clause: Evasion items are banned
|rule|Evasion Moves Clause: Evasion moves are banned
|rule|Endless Battle Clause: Forcing endless battles is banned
|rule|HP Percentage Mod: HP is shown in percentages
|rule|One Boost Passer Clause: Limit one Baton Passer that has a way to boost its stats
|rule|Freeze Clause Mod: Limit one foe frozen
|
|t:|1727989258
|start
|switch|p1a: Raikou|Raikou|100/100
|switch|p2a: 마기라스|Tyranitar, M|100/100
|-weather|Sandstorm|[from] ability: Sand Stream|[of] p2a: 마기라스
|turn|1
|c|☆VZR|hf
|c|☆mrsunsmash|glhf
|inactive|VZR has 270 seconds left.
|
|t:|1727989289
|move|p1a: Raikou|Thunderbolt|p2a: 마기라스
|-damage|p2a: 마기라스|56/100
|-status|p2a: 마기라스|par
|cant|p2a: 마기라스|par
|
|-weather|Sandstorm|[upkeep]
|-damage|p1a: Raikou|94/100|[from] Sandstorm
|-heal|p1a: Raikou|100/100|[from] item: Leftovers
|-heal|p2a: 마기라스|63/100 par|[from] item: Leftovers
|upkeep
|turn|2
|c|☆mrsunsmash|mb
|inactive|mrsunsmash has 270 seconds left.
|c|☆VZR|happens
|
|t:|1727989336
|move|p1a: Raikou|Thunderbolt|p2a: 마기라스
|-damage|p2a: 마기라스|19/100 par
|cant|p2a: 마기라스|par
|
|-weather|Sandstorm|[upkeep]
|-damage|p1a: Raikou|94/100|[from] Sandstorm
|-heal|p1a: Raikou|100/100|[from] item: Leftovers
|-heal|p2a: 마기라스|26/100 par|[from] item: Leftovers
|upkeep
|turn|3
|inactive|VZR has 270 seconds left.
|
|t:|1727989361
|move|p1a: Raikou|Thunderbolt|p2a: 마기라스
|-damage|p2a: 마기라스|0 fnt
|faint|p2a: 마기라스
|inactive|VZR has 270 seconds left.
|
|t:|1727989383
|switch|p2a: 점토도리|Claydol|100/100
|
|-weather|Sandstorm|[upkeep]
|-damage|p1a: Raikou|94/100|[from] Sandstorm
|-heal|p1a: Raikou|100/100|[from] item: Leftovers
|upkeep
|turn|4
|
|t:|1727989391
|switch|p1a: Zapdos|Zapdos|100/100
|move|p2a: 점토도리|Earthquake|p1a: Zapdos
|-immune|p1a: Zapdos
|
|-weather|Sandstorm|[upkeep]
|-damage|p1a: Zapdos|94/100|[from] Sandstorm
|-heal|p1a: Zapdos|100/100|[from] item: Leftovers
|upkeep
|turn|5
|inactive|VZR has 270 seconds left.
|
|t:|1727989404
|move|p1a: Zapdos|Hidden Power|p2a: 점토도리
|-supereffective|p2a: 점토도리
|-damage|p2a: 점토도리|61/100
|move|p2a: 점토도리|Psychic|p1a: Zapdos
|-damage|p1a: Zapdos|72/100
|
|-weather|Sandstorm|[upkeep]
|-damage|p1a: Zapdos|66/100|[from] Sandstorm
|-heal|p1a: Zapdos|72/100|[from] item: Leftovers
|-heal|p2a: 점토도리|67/100|[from] item: Leftovers
|upkeep
|turn|6
|inactive|VZR has 270 seconds left.
|
|t:|1727989415
|switch|p2a: 해피너스|Blissey, F, shiny|100/100
|move|p1a: Zapdos|Hidden Power|p2a: 해피너스
|-damage|p2a: 해피너스|90/100
|
|-weather|Sandstorm|[upkeep]
|-damage|p1a: Zapdos|66/100|[from] Sandstorm
|-damage|p2a: 해피너스|83/100|[from] Sandstorm
|-heal|p1a: Zapdos|72/100|[from] item: Leftovers
|-heal|p2a: 해피너스|90/100|[from] item: Leftovers
|upkeep
|turn|7
|inactive|VZR has 270 seconds left.
|
|t:|1727989427
|move|p1a: Zapdos|Baton Pass|p1a: Zapdos
|
|t:|1727989434
|switch|p1a: Dugtrio|Dugtrio, F|100/100|[from] Baton Pass
|move|p2a: 해피너스|Seismic Toss|p1a: Dugtrio
|-damage|p1a: Dugtrio|53/100
|
|-weather|Sandstorm|[upkeep]
|-damage|p2a: 해피너스|83/100|[from] Sandstorm
|-heal|p2a: 해피너스|90/100|[from] item: Leftovers
|upkeep
|turn|8
|
|t:|1727989439
|move|p1a: Dugtrio|Earthquake|p2a: 해피너스
|-damage|p2a: 해피너스|34/100
|move|p2a: 해피너스|Ice Beam|p1a: Dugtrio
|-supereffective|p1a: Dugtrio
|-damage|p1a: Dugtrio|0 fnt
|faint|p1a: Dugtrio
|
|t:|1727989453
|switch|p1a: Regice|Regice|100/100
|
|-weather|Sandstorm|[upkeep]
|-damage|p2a: 해피너스|28/100|[from] Sandstorm
|-damage|p1a: Regice|94/100|[from] Sandstorm
|-heal|p2a: 해피너스|34/100|[from] item: Leftovers
|-heal|p1a: Regice|100/100|[from] item: Leftovers
|upkeep
|turn|9
|inactive|mrsunsmash has 270 seconds left.
|
|t:|1727989486
|switch|p2a: 무장조|Skarmory, M|100/100
|move|p1a: Regice|Ice Beam|p2a: 무장조
|-damage|p2a: 무장조|59/100
|
|-weather|Sandstorm|[upkeep]
|-damage|p1a: Regice|94/100|[from] Sandstorm
|-heal|p2a: 무장조|65/100|[from] item: Leftovers
|-heal|p1a: Regice|100/100|[from] item: Leftovers
|upkeep
|turn|10
|inactive|mrsunsmash has 270 seconds left.
|
|t:|1727989497
|move|p2a: 무장조|Spikes|p1a: Regice
|-sidestart|p1: mrsunsmash|Spikes
|move|p1a: Regice|Thunderbolt|p2a: 무장조
|-supereffective|p2a: 무장조
|-damage|p2a: 무장조|11/100
|
|-weather|Sandstorm|[upkeep]
|-damage|p1a: Regice|94/100|[from] Sandstorm
|-heal|p2a: 무장조|17/100|[from] item: Leftovers
|-heal|p1a: Regice|100/100|[from] item: Leftovers
|upkeep
|turn|11
|
|t:|1727989502
|move|p2a: 무장조|Protect|p2a: 무장조
|-singleturn|p2a: 무장조|Protect
|move|p1a: Regice|Ice Beam|p2a: 무장조
|-activate|p2a: 무장조|Protect
|
|-weather|Sandstorm|[upkeep]
|-damage|p1a: Regice|94/100|[from] Sandstorm
|-heal|p2a: 무장조|23/100|[from] item: Leftovers
|-heal|p1a: Regice|100/100|[from] item: Leftovers
|upkeep
|turn|12
|
|t:|1727989520
|move|p2a: 무장조|Drill Peck|p1a: Regice
|-damage|p1a: Regice|79/100
|move|p1a: Regice|Ice Beam|p2a: 무장조
|-damage|p2a: 무장조|0 fnt
|faint|p2a: 무장조
|
|t:|1727989528
|switch|p2a: 세레비|Aerodactyl, M|100/100
|
|-weather|Sandstorm|[upkeep]
|-damage|p1a: Regice|73/100|[from] Sandstorm
|-heal|p1a: Regice|79/100|[from] item: Leftovers
|upkeep
|turn|13
|
|t:|1727989533
|switch|p1a: Jirachi|Jirachi|100/100
|-damage|p1a: Jirachi|88/100|[from] Spikes
|move|p2a: 세레비|Rock Slide|p1a: Jirachi
|-resisted|p1a: Jirachi
|-damage|p1a: Jirachi|67/100
|
|-weather|Sandstorm|[upkeep]
|-heal|p1a: Jirachi|74/100|[from] item: Leftovers
|upkeep
|turn|14
|inactive|VZR has 270 seconds left.
|
|t:|1727989586
|switch|p2a: 점토도리|Claydol|67/100
|move|p1a: Jirachi|Calm Mind|p1a: Jirachi
|-boost|p1a: Jirachi|spa|1
|-boost|p1a: Jirachi|spd|1
|
|-weather|Sandstorm|[upkeep]
|-heal|p1a: Jirachi|80/100|[from] item: Leftovers
|-heal|p2a: 점토도리|73/100|[from] item: Leftovers
|upkeep
|turn|15
|
|t:|1727989593
|move|p1a: Jirachi|Ice Punch|p2a: 점토도리
|-supereffective|p2a: 점토도리
|-damage|p2a: 점토도리|29/100
|move|p2a: 점토도리|Earthquake|p1a: Jirachi
|-supereffective|p1a: Jirachi
|-damage|p1a: Jirachi|34/100
|
|-weather|Sandstorm|[upkeep]
|-heal|p1a: Jirachi|40/100|[from] item: Leftovers
|-heal|p2a: 점토도리|35/100|[from] item: Leftovers
|upkeep
|turn|16
|
|t:|1727989604
|move|p1a: Jirachi|Ice Punch|p2a: 점토도리
|-supereffective|p2a: 점토도리
|-damage|p2a: 점토도리|0 fnt
|faint|p2a: 점토도리
|
|t:|1727989607
|switch|p2a: 세레비|Aerodactyl, M|100/100
|
|-weather|Sandstorm|[upkeep]
|-heal|p1a: Jirachi|46/100|[from] item: Leftovers
|upkeep
|turn|17
|inactive|VZR has 270 seconds left.
|
|t:|1727989623
|switch|p2a: 해피너스|Blissey, F, shiny|34/100
|switch|p1a: Zapdos|Zapdos|72/100
|
|-weather|Sandstorm|[upkeep]
|-damage|p1a: Zapdos|66/100|[from] Sandstorm
|-damage|p2a: 해피너스|28/100|[from] Sandstorm
|-heal|p1a: Zapdos|72/100|[from] item: Leftovers
|-heal|p2a: 해피너스|34/100|[from] item: Leftovers
|upkeep
|turn|18
|inactive|VZR has 270 seconds left.
|
|t:|1727989652
|move|p1a: Zapdos|Substitute|p1a: Zapdos
|-start|p1a: Zapdos|Substitute
|-damage|p1a: Zapdos|47/100
|move|p2a: 해피너스|Soft-Boiled|p2a: 해피너스
|-heal|p2a: 해피너스|84/100
|
|-weather|Sandstorm|[upkeep]
|-damage|p1a: Zapdos|41/100|[from] Sandstorm
|-damage|p2a: 해피너스|78/100|[from] Sandstorm
|-heal|p1a: Zapdos|47/100|[from] item: Leftovers
|-heal|p2a: 해피너스|84/100|[from] item: Leftovers
|upkeep
|turn|19
|
|t:|1727989661
|move|p1a: Zapdos|Baton Pass|p1a: Zapdos
|inactive|mrsunsmash has 270 seconds left.
|
|t:|1727989680
|switch|p1a: Regice|Regice|79/100|[from] Baton Pass
|-damage|p1a: Regice|67/100|[from] Spikes
|move|p2a: 해피너스|Seismic Toss|p1a: Regice
|-end|p1a: Regice|Substitute
|
|-weather|Sandstorm|[upkeep]
|-damage|p2a: 해피너스|78/100|[from] Sandstorm
|-damage|p1a: Regice|61/100|[from] Sandstorm
|-heal|p2a: 해피너스|84/100|[from] item: Leftovers
|-heal|p1a: Regice|67/100|[from] item: Leftovers
|upkeep
|turn|20
|inactive|mrsunsmash has 270 seconds left.
|
|t:|1727989696
|switch|p2a: 밀로틱|Milotic, M|100/100
|move|p1a: Regice|Counter|p2a: 밀로틱
|
|-weather|Sandstorm|[upkeep]
|-damage|p2a: 밀로틱|94/100|[from] Sandstorm
|-damage|p1a: Regice|61/100|[from] Sandstorm
|-heal|p2a: 밀로틱|100/100|[from] item: Leftovers
|-heal|p1a: Regice|67/100|[from] item: Leftovers
|upkeep
|turn|21
|inactive|mrsunsmash has 270 seconds left.
|
|t:|1727989710
|switch|p1a: Zapdos|Zapdos|47/100
|move|p2a: 밀로틱|Toxic|p1a: Zapdos
|-status|p1a: Zapdos|tox
|
|-weather|Sandstorm|[upkeep]
|-damage|p1a: Zapdos|41/100 tox|[from] Sandstorm
|-damage|p2a: 밀로틱|94/100|[from] Sandstorm
|-heal|p1a: Zapdos|47/100 tox|[from] item: Leftovers
|-damage|p1a: Zapdos|41/100 tox|[from] psn
|-heal|p2a: 밀로틱|100/100|[from] item: Leftovers
|upkeep
|turn|22
|inactive|mrsunsmash has 270 seconds left.
|
|t:|1727989716
|switch|p2a: 해피너스|Blissey, F, shiny|84/100
|move|p1a: Zapdos|Thunderbolt|p2a: 해피너스
|-damage|p2a: 해피너스|64/100
|-status|p2a: 해피너스|par
|
|-weather|Sandstorm|[upkeep]
|-damage|p1a: Zapdos|35/100 tox|[from] Sandstorm
|-damage|p2a: 해피너스|58/100 par|[from] Sandstorm
|-heal|p1a: Zapdos|41/100 tox|[from] item: Leftovers
|-damage|p1a: Zapdos|29/100 tox|[from] psn
|-heal|p2a: 해피너스|64/100 par|[from] item: Leftovers
|upkeep
|turn|23
|inactive|mrsunsmash has 270 seconds left.
|
|t:|1727989728
|move|p1a: Zapdos|Baton Pass|p1a: Zapdos
|
|t:|1727989731
|switch|p1a: Jirachi|Jirachi|46/100|[from] Baton Pass
|-damage|p1a: Jirachi|34/100|[from] Spikes
|move|p2a: 해피너스|Soft-Boiled|p2a: 해피너스
|-heal|p2a: 해피너스|100/100 par
|
|-weather|Sandstorm|[upkeep]
|-damage|p2a: 해피너스|94/100 par|[from] Sandstorm
|-heal|p1a: Jirachi|40/100|[from] item: Leftovers
|-heal|p2a: 해피너스|100/100 par|[from] item: Leftovers
|upkeep
|turn|24
|inactive|mrsunsmash has 270 seconds left.
|
|t:|1727989767
|move|p1a: Jirachi|Substitute|p1a: Jirachi
|-start|p1a: Jirachi|Substitute
|-damage|p1a: Jirachi|15/100
|move|p2a: 해피너스|Seismic Toss|p1a: Jirachi
|-activate|p1a: Jirachi|Substitute|[damage]
|
|-weather|Sandstorm|[upkeep]
|-damage|p2a: 해피너스|94/100 par|[from] Sandstorm
|-heal|p1a: Jirachi|21/100|[from] item: Leftovers
|-heal|p2a: 해피너스|100/100 par|[from] item: Leftovers
|upkeep
|turn|25
|
|t:|1727989773
|move|p1a: Jirachi|Calm Mind|p1a: Jirachi
|-boost|p1a: Jirachi|spa|1
|-boost|p1a: Jirachi|spd|1
|move|p2a: 해피너스|Seismic Toss|p1a: Jirachi
|-end|p1a: Jirachi|Substitute
|
|-weather|Sandstorm|[upkeep]
|-damage|p2a: 해피너스|94/100 par|[from] Sandstorm
|-heal|p1a: Jirachi|27/100|[from] item: Leftovers
|-heal|p2a: 해피너스|100/100 par|[from] item: Leftovers
|upkeep
|turn|26
|
|t:|1727989776
|move|p1a: Jirachi|Substitute|p1a: Jirachi
|-start|p1a: Jirachi|Substitute
|-damage|p1a: Jirachi|2/100
|move|p2a: 해피너스|Seismic Toss|p1a: Jirachi
|-activate|p1a: Jirachi|Substitute|[damage]
|
|-weather|Sandstorm|[upkeep]
|-damage|p2a: 해피너스|94/100 par|[from] Sandstorm
|-heal|p1a: Jirachi|8/100|[from] item: Leftovers
|-heal|p2a: 해피너스|100/100 par|[from] item: Leftovers
|upkeep
|turn|27
|
|t:|1727989779
|move|p1a: Jirachi|Psychic|p2a: 해피너스
|-damage|p2a: 해피너스|80/100 par
|move|p2a: 해피너스|Seismic Toss|p1a: Jirachi
|-end|p1a: Jirachi|Substitute
|
|-weather|Sandstorm|[upkeep]
|-damage|p2a: 해피너스|73/100 par|[from] Sandstorm
|-heal|p1a: Jirachi|15/100|[from] item: Leftovers
|-heal|p2a: 해피너스|80/100 par|[from] item: Leftovers
|upkeep
|turn|28
|
|t:|1727989782
|move|p1a: Jirachi|Psychic|p2a: 해피너스
|-damage|p2a: 해피너스|60/100 par
|move|p2a: 해피너스|Seismic Toss|p1a: Jirachi
|-damage|p1a: Jirachi|0 fnt
|faint|p1a: Jirachi
|
|t:|1727989792
|switch|p1a: Regice|Regice|67/100
|-damage|p1a: Regice|55/100|[from] Spikes
|
|-weather|Sandstorm|[upkeep]
|-damage|p1a: Regice|49/100|[from] Sandstorm
|-damage|p2a: 해피너스|54/100 par|[from] Sandstorm
|-heal|p1a: Regice|55/100|[from] item: Leftovers
|-heal|p2a: 해피너스|60/100 par|[from] item: Leftovers
|upkeep
|turn|29
|
|t:|1727989797
|-curestatus|p2a: 해피너스|par|[from] ability: Natural Cure
|switch|p2a: 밀로틱|Milotic, M|100/100
|move|p1a: Regice|Explosion|p2a: 밀로틱
|-damage|p2a: 밀로틱|49/100
|faint|p1a: Regice
|
|t:|1727989810
|switch|p1a: Zapdos|Zapdos|29/100 tox
|
|-weather|Sandstorm|[upkeep]
|-damage|p1a: Zapdos|22/100 tox|[from] Sandstorm
|-damage|p2a: 밀로틱|43/100|[from] Sandstorm
|-heal|p1a: Zapdos|29/100 tox|[from] item: Leftovers
|-damage|p1a: Zapdos|22/100 tox|[from] psn
|-heal|p2a: 밀로틱|49/100|[from] item: Leftovers
|upkeep
|turn|30
|
|t:|1727989816
|switch|p2a: 해피너스|Blissey, F, shiny|60/100
|move|p1a: Zapdos|Thunderbolt|p2a: 해피너스
|-damage|p2a: 해피너스|40/100
|
|-weather|Sandstorm|[upkeep]
|-damage|p1a: Zapdos|16/100 tox|[from] Sandstorm
|-damage|p2a: 해피너스|34/100|[from] Sandstorm
|-heal|p1a: Zapdos|22/100 tox|[from] item: Leftovers
|-damage|p1a: Zapdos|10/100 tox|[from] psn
|-heal|p2a: 해피너스|40/100|[from] item: Leftovers
|upkeep
|turn|31
|
|t:|1727989829
|move|p1a: Zapdos|Thunderbolt|p2a: 해피너스
|-damage|p2a: 해피너스|19/100
|move|p2a: 해피너스|Soft-Boiled|p2a: 해피너스
|-heal|p2a: 해피너스|69/100
|
|-weather|Sandstorm|[upkeep]
|-damage|p1a: Zapdos|4/100 tox|[from] Sandstorm
|-damage|p2a: 해피너스|63/100|[from] Sandstorm
|-heal|p1a: Zapdos|10/100 tox|[from] item: Leftovers
|-damage|p1a: Zapdos|0 fnt|[from] psn
|faint|p1a: Zapdos
|-heal|p2a: 해피너스|69/100|[from] item: Leftovers
|upkeep
|
|t:|1727989833
|switch|p1a: Suicune|Suicune|100/100
|-damage|p1a: Suicune|88/100|[from] Spikes
|turn|32
|
|t:|1727989842
|move|p1a: Suicune|Calm Mind|p1a: Suicune
|-boost|p1a: Suicune|spa|1
|-boost|p1a: Suicune|spd|1
|move|p2a: 해피너스|Thunder Wave|p1a: Suicune
|-status|p1a: Suicune|par
|
|-weather|Sandstorm|[upkeep]
|-damage|p2a: 해피너스|63/100|[from] Sandstorm
|-damage|p1a: Suicune|82/100 par|[from] Sandstorm
|-heal|p2a: 해피너스|69/100|[from] item: Leftovers
|-heal|p1a: Suicune|88/100 par|[from] item: Leftovers
|upkeep
|turn|33
|
|t:|1727989851
|move|p2a: 해피너스|Seismic Toss|p1a: Suicune
|-damage|p1a: Suicune|63/100 par
|move|p1a: Suicune|Calm Mind|p1a: Suicune
|-boost|p1a: Suicune|spa|1
|-boost|p1a: Suicune|spd|1
|
|-weather|Sandstorm|[upkeep]
|-damage|p2a: 해피너스|63/100|[from] Sandstorm
|-damage|p1a: Suicune|57/100 par|[from] Sandstorm
|-heal|p2a: 해피너스|69/100|[from] item: Leftovers
|-heal|p1a: Suicune|63/100 par|[from] item: Leftovers
|upkeep
|turn|34
|
|t:|1727989856
|move|p2a: 해피너스|Seismic Toss|p1a: Suicune
|-damage|p1a: Suicune|39/100 par
|cant|p1a: Suicune|par
|
|-weather|Sandstorm|[upkeep]
|-damage|p2a: 해피너스|63/100|[from] Sandstorm
|-damage|p1a: Suicune|32/100 par|[from] Sandstorm
|-heal|p2a: 해피너스|69/100|[from] item: Leftovers
|-heal|p1a: Suicune|39/100 par|[from] item: Leftovers
|upkeep
|turn|35
|
|t:|1727989862
|move|p2a: 해피너스|Seismic Toss|p1a: Suicune
|-damage|p1a: Suicune|14/100 par
|move|p1a: Suicune|Rest|p1a: Suicune
|-status|p1a: Suicune|slp|[from] move: Rest
|-heal|p1a: Suicune|100/100 slp|[silent]
|
|-weather|Sandstorm|[upkeep]
|-damage|p1a: Suicune|94/100 slp|[from] Sandstorm
|-damage|p2a: 해피너스|63/100|[from] Sandstorm
|-heal|p1a: Suicune|100/100 slp|[from] item: Leftovers
|-heal|p2a: 해피너스|69/100|[from] item: Leftovers
|upkeep
|turn|36
|
|t:|1727989868
|switch|p2a: 세레비|Aerodactyl, M|100/100
|cant|p1a: Suicune|slp
|
|-weather|Sandstorm|[upkeep]
|-damage|p1a: Suicune|94/100 slp|[from] Sandstorm
|-heal|p1a: Suicune|100/100 slp|[from] item: Leftovers
|upkeep
|turn|37
|
|t:|1727989876
|move|p2a: 세레비|Double-Edge|p1a: Suicune
|-damage|p1a: Suicune|62/100 slp
|cant|p1a: Suicune|slp
|
|-weather|Sandstorm|[upkeep]
|-damage|p1a: Suicune|55/100 slp|[from] Sandstorm
|-heal|p1a: Suicune|62/100 slp|[from] item: Leftovers
|upkeep
|turn|38
|
|t:|1727989890
|switch|p2a: 밀로틱|Milotic, M|49/100
|-curestatus|p1a: Suicune|slp|[msg]
|move|p1a: Suicune|Surf|p2a: 밀로틱
|-resisted|p2a: 밀로틱
|-damage|p2a: 밀로틱|23/100
|
|-weather|Sandstorm|[upkeep]
|-damage|p1a: Suicune|55/100|[from] Sandstorm
|-damage|p2a: 밀로틱|17/100|[from] Sandstorm
|-heal|p1a: Suicune|62/100|[from] item: Leftovers
|-heal|p2a: 밀로틱|23/100|[from] item: Leftovers
|upkeep
|turn|39
|
|t:|1727989899
|move|p1a: Suicune|Surf|p2a: 밀로틱
|-resisted|p2a: 밀로틱
|-damage|p2a: 밀로틱|0 fnt
|faint|p2a: 밀로틱
|
|t:|1727989901
|switch|p2a: 해피너스|Blissey, F, shiny|69/100
|
|-weather|Sandstorm|[upkeep]
|-damage|p1a: Suicune|55/100|[from] Sandstorm
|-damage|p2a: 해피너스|63/100|[from] Sandstorm
|-heal|p1a: Suicune|62/100|[from] item: Leftovers
|-heal|p2a: 해피너스|69/100|[from] item: Leftovers
|upkeep
|turn|40
|
|t:|1727989919
|move|p1a: Suicune|Ice Beam|p2a: 해피너스
|-damage|p2a: 해피너스|51/100
|move|p2a: 해피너스|Thunder Wave|p1a: Suicune
|-status|p1a: Suicune|par
|
|-weather|Sandstorm|[upkeep]
|-damage|p2a: 해피너스|45/100|[from] Sandstorm
|-damage|p1a: Suicune|55/100 par|[from] Sandstorm
|-heal|p2a: 해피너스|51/100|[from] item: Leftovers
|-heal|p1a: Suicune|62/100 par|[from] item: Leftovers
|upkeep
|turn|41
|
|t:|1727989924
|move|p2a: 해피너스|Soft-Boiled|p2a: 해피너스
|-heal|p2a: 해피너스|100/100
|cant|p1a: Suicune|par
|
|-weather|Sandstorm|[upkeep]
|-damage|p2a: 해피너스|94/100|[from] Sandstorm
|-damage|p1a: Suicune|55/100 par|[from] Sandstorm
|-heal|p2a: 해피너스|100/100|[from] item: Leftovers
|-heal|p1a: Suicune|62/100 par|[from] item: Leftovers
|upkeep
|turn|42
|
|t:|1727989928
|move|p2a: 해피너스|Seismic Toss|p1a: Suicune
|-damage|p1a: Suicune|37/100 par
|cant|p1a: Suicune|par
|
|-weather|Sandstorm|[upkeep]
|-damage|p2a: 해피너스|94/100|[from] Sandstorm
|-damage|p1a: Suicune|31/100 par|[from] Sandstorm
|-heal|p2a: 해피너스|100/100|[from] item: Leftovers
|-heal|p1a: Suicune|37/100 par|[from] item: Leftovers
|upkeep
|turn|43
|
|t:|1727989933
|switch|p2a: 세레비|Aerodactyl, M|100/100
|move|p1a: Suicune|Rest|p1a: Suicune
|-status|p1a: Suicune|slp|[from] move: Rest
|-heal|p1a: Suicune|100/100 slp|[silent]
|
|-weather|Sandstorm|[upkeep]
|-damage|p1a: Suicune|94/100 slp|[from] Sandstorm
|-heal|p1a: Suicune|100/100 slp|[from] item: Leftovers
|upkeep
|turn|44
|
|t:|1727989953
|move|p2a: 세레비|Double-Edge|p1a: Suicune
|-damage|p1a: Suicune|58/100 slp
|cant|p1a: Suicune|slp
|
|-weather|Sandstorm|[upkeep]
|-damage|p1a: Suicune|51/100 slp|[from] Sandstorm
|-heal|p1a: Suicune|58/100 slp|[from] item: Leftovers
|upkeep
|turn|45
|
|t:|1727989959
|move|p2a: 세레비|Double-Edge|p1a: Suicune
|-damage|p1a: Suicune|19/100 slp
|cant|p1a: Suicune|slp
|
|-weather|Sandstorm|[upkeep]
|-damage|p1a: Suicune|13/100 slp|[from] Sandstorm
|-heal|p1a: Suicune|19/100 slp|[from] item: Leftovers
|upkeep
|turn|46
|
|t:|1727989963
|move|p2a: 세레비|Double-Edge|p1a: Suicune
|-damage|p1a: Suicune|0 fnt
|faint|p1a: Suicune
|
|t:|1727989965
|switch|p1a: Raikou|Raikou|100/100
|-damage|p1a: Raikou|88/100|[from] Spikes
|
|-weather|Sandstorm|[upkeep]
|-damage|p1a: Raikou|82/100|[from] Sandstorm
|-heal|p1a: Raikou|88/100|[from] item: Leftovers
|upkeep
|turn|47
|
|t:|1727989970
|switch|p2a: 해피너스|Blissey, F, shiny|100/100
|move|p1a: Raikou|Thunderbolt|p2a: 해피너스
|-damage|p2a: 해피너스|82/100
|
|-weather|Sandstorm|[upkeep]
|-damage|p1a: Raikou|82/100|[from] Sandstorm
|-damage|p2a: 해피너스|76/100|[from] Sandstorm
|-heal|p1a: Raikou|88/100|[from] item: Leftovers
|-heal|p2a: 해피너스|82/100|[from] item: Leftovers
|upkeep
|turn|48
|
|t:|1727989975
|move|p1a: Raikou|Substitute|p1a: Raikou
|-start|p1a: Raikou|Substitute
|-damage|p1a: Raikou|63/100
|move|p2a: 해피너스|Seismic Toss|p1a: Raikou
|-end|p1a: Raikou|Substitute
|
|-weather|Sandstorm|[upkeep]
|-damage|p1a: Raikou|57/100|[from] Sandstorm
|-damage|p2a: 해피너스|76/100|[from] Sandstorm
|-heal|p1a: Raikou|63/100|[from] item: Leftovers
|-heal|p2a: 해피너스|82/100|[from] item: Leftovers
|upkeep
|turn|49
|
|t:|1727989977
|move|p1a: Raikou|Thunderbolt|p2a: 해피너스
|-damage|p2a: 해피너스|60/100
|move|p2a: 해피너스|Seismic Toss|p1a: Raikou
|-damage|p1a: Raikou|32/100
|
|-weather|Sandstorm|[upkeep]
|-damage|p1a: Raikou|26/100|[from] Sandstorm
|-damage|p2a: 해피너스|54/100|[from] Sandstorm
|-heal|p1a: Raikou|32/100|[from] item: Leftovers
|-heal|p2a: 해피너스|60/100|[from] item: Leftovers
|upkeep
|turn|50
|
|t:|1727989982
|move|p1a: Raikou|Thunderbolt|p2a: 해피너스
|-damage|p2a: 해피너스|41/100
|move|p2a: 해피너스|Seismic Toss|p1a: Raikou
|-damage|p1a: Raikou|1/100
|
|-weather|Sandstorm|[upkeep]
|-damage|p1a: Raikou|0 fnt|[from] Sandstorm
|-damage|p2a: 해피너스|35/100|[from] Sandstorm
|faint|p1a: Raikou
|
|win|VZR
|upkeep
|c|☆mrsunsmash|gg
|c|☆VZR|gg
|player|p1|
|player|p2|
|player|p1|mrsunsmash|169|

</script>
<script type="application/json" class="data" id="replaydata-smogtours-gen3ou-794374">
{"id":"smogtours-gen3ou-794374","format":"[Gen 3] OU","players":["mrsunsmash","VZR"],"uploadtime":1727989982,"views":146,"formatid":"gen3ou","rating":null,"private":0,"password":null}
</script>

<script defer src="js/replays.js?9d40a366"></script>
