<!DOCTYPE html>
<meta charset="utf-8" />
<meta name="viewport" content="width=device-width" />

<title>[Gen 3] OU: GreenCatKid vs. UDM31 - Replays - Pok&eacute;mon Showdown!</title>

<meta name="description" content="Watch a replay of a Pok&eacute;mon battle between GreenCatKid and UDM31! Format: [Gen 3] OU; Date: Nov 3, 2024" />
<!--

Hey, you! Looking in the source for the replay log?

You can find them in JSON format, just add `.json` at the end of a replay URL.

https://replay.pokemonshowdown.com/gen7randomdoublesbattle-865046831.json

Or, if you only need the log itself, add `.log` instead:

https://replay.pokemonshowdown.com/gen7randomdoublesbattle-865046831.log

-->

<link rel="stylesheet" href="//pokemonshowdown.com/style/global.css?0.023195364461161105" />
<link rel="stylesheet" href="//play.pokemonshowdown.com/style/font-awesome.css?0.13261647063804238" />
<link rel="stylesheet" href="//play.pokemonshowdown.com/style/battle.css?0.8753245789963631" />
<link rel="stylesheet" href="//play.pokemonshowdown.com/style/utilichart.css?0.8627959624976733" />

<!-- Global site tag (gtag.js) - Google Analytics -->
<script async src="https://www.googletagmanager.com/gtag/js?id=UA-26211653-1"></script>
<script>
  window.dataLayer = window.dataLayer || [];
  function gtag(){dataLayer.push(arguments);}
  gtag('js', new Date());

  gtag('config', 'UA-26211653-1');
</script>
<!-- End Google Analytics -->
<!-- Venatus Ad Manager - Install in <HEAD> of page -->
	<script src="https://hb.vntsm.com/v3/live/ad-manager.min.js" type="text/javascript" data-site-id="642aba63ec9a7b11c3c9c1be" data-mode="scan" async></script>
<!-- / Venatus Ad Manager -->

<style>
	@media (max-width:820px) {
		.battle {
			margin: 0 auto;
		}
		.battle-log {
			margin: 7px auto 0;
			max-width: 640px;
			height: 300px;
			position: static;
		}
	}
	.optgroup {
		display: inline-block;
		line-height: 22px;
		font-size: 10pt;
	}
	.optgroup .button {
		height: 25px;
		padding-top: 0;
		padding-bottom: 0;
	}
	.optgroup button.button {
		padding-left: 12px;
		padding-right: 12px;
	}
	.linklist {
		list-style: none;
		margin: 0.5em 0;
		padding: 0;
	}
	.linklist li {
		padding: 2px 0;
	}
	.sidebar {
		float: left;
		width: 320px;
	}
	.bar-wrapper {
		max-width: 1100px;
		margin: 0 auto;
	}
	.bar-wrapper.has-sidebar {
		max-width: 1430px;
	}
	.mainbar {
		margin: 0;
		padding-right: 1px;
	}
	.mainbar.has-sidebar {
		margin-left: 330px;
	}
	@media (min-width: 1511px) {
		.sidebar {
			width: 400px;
		}
		.bar-wrapper.has-sidebar {
			max-width: 1510px;
		}
		.mainbar.has-sidebar {
			margin-left: 410px;
		}
	}
	.section.first-section {
		margin-top: 9px;
	}
	.blocklink small {
		white-space: normal;
	}
	.button {
		vertical-align: middle;
	}
	.replay-controls {
		padding-top: 10px;
	}
	.replay-controls h1 {
		font-size: 16pt;
		font-weight: normal;
		color: #CCC;
	}
	.pagelink {
		text-align: center;
	}
	.pagelink a {
		width: 150px;
	}
	.textbox, .button {
		font-size: 11pt;
		vertical-align: middle;
	}
	@media (max-width: 450px) {
		.button {
			font-size: 9pt;
		}
	}
</style>

<div>

	<header>
		<div class="nav-wrapper"><ul class="nav">
			<li><a class="button nav-first" href="//pokemonshowdown.com/"><img src="//pokemonshowdown.com/images/pokemonshowdownbeta.png" srcset="//pokemonshowdown.com/images/pokemonshowdownbeta.png 1x, //pokemonshowdown.com/images/pokemonshowdownbeta@2x.png 2x" alt="Pok&eacute;mon Showdown" width="146" height="44" /> Home</a></li>
			<li><a class="button" href="//pokemonshowdown.com/dex/">Pok&eacute;dex</a></li>
			<li><a class="button cur" href="/">Replays</a></li>
			<li><a class="button" href="//pokemonshowdown.com/ladder/">Ladder</a></li>
			<li><a class="button nav-last" href="//pokemonshowdown.com/forums/">Forum</a></li>
			<li><a class="button greenbutton nav-first nav-last" href="//play.pokemonshowdown.com/">Play</a></li>
		</ul></div>
	</header>

	<div class="main" id="main">

		<noscript><section class="section">You need to enable JavaScript to use this page; sorry!</section></noscript>

	</div>

</div>

<script defer nomodule src="//play.pokemonshowdown.com/js/lib/ps-polyfill.js"></script>
<script defer src="//play.pokemonshowdown.com/js/lib/preact.min.js"></script>

<script defer src="//play.pokemonshowdown.com/config/config.js?2bddbc15"></script>
<script defer src="//play.pokemonshowdown.com/js/lib/jquery-1.11.0.min.js"></script>
<script defer src="//play.pokemonshowdown.com/js/lib/html-sanitizer-minified.js"></script>
<script defer src="//play.pokemonshowdown.com/js/battle-sound.js"></script>
<script defer src="//play.pokemonshowdown.com/js/battledata.js?0.7209276989879541"></script>
<script defer src="//play.pokemonshowdown.com/data/pokedex-mini.js?0.6111056340867951"></script>
<script defer src="//play.pokemonshowdown.com/data/pokedex-mini-bw.js?0.3532142036491459"></script>
<script defer src="//play.pokemonshowdown.com/data/graphics.js?0.24223875632456182"></script>
<script defer src="//play.pokemonshowdown.com/data/pokedex.js?0.38839984266356864"></script>
<script defer src="//play.pokemonshowdown.com/data/moves.js?0.21866028504024015"></script>
<script defer src="//play.pokemonshowdown.com/data/abilities.js?0.2005157953846628"></script>
<script defer src="//play.pokemonshowdown.com/data/items.js?0.9894211263848525"></script>
<script defer src="//play.pokemonshowdown.com/data/teambuilder-tables.js?0.6008791140282215"></script>
<script defer src="//play.pokemonshowdown.com/js/battle-tooltips.js?0.7580118955022959"></script>
<script defer src="//play.pokemonshowdown.com/js/battle.js?0.6057722274234274"></script>

<script defer src="js/utils.js?e31f9a17"></script>
<script defer src="js/replays-battle.js?7008c182"></script>

<!-- don't scrape this data! just add .json or .log after the URL!
Full API docs: https://github.com/smogon/pokemon-showdown-client/blob/master/WEB-API.md -->
<script type="text/plain" class="log" id="replaylog-smogtours-gen3ou-804573">
|inactive|Battle timer is ON: inactive players will automatically lose when time's up.
|t:|1730666741
|gametype|singles
|player|p1|GreenCatKid|fisherman-gen4|
|player|p2|UDM31|lucas|
|teamsize|p1|6
|teamsize|p2|6
|gen|3
|tier|[Gen 3] OU
|rule|Sleep Clause Mod: Limit one foe put to sleep
|rule|Switch Priority Clause Mod: Faster Pokémon switch first
|rule|Species Clause: Limit one of each Pokémon
|rule|OHKO Clause: OHKO moves are banned
|rule|Evasion Items Clause: Evasion items are banned
|rule|Evasion Moves Clause: Evasion moves are banned
|rule|Endless Battle Clause: Forcing endless battles is banned
|rule|HP Percentage Mod: HP is shown in percentages
|rule|One Boost Passer Clause: Limit one Baton Passer that has a way to boost its stats
|rule|Freeze Clause Mod: Limit one foe frozen
|
|t:|1730666741
|start
|switch|p1a: Hector|Salamence, M|100/100
|switch|p2a: Zapdos|Zapdos|100/100
|-ability|p1a: Hector|Intimidate|boost
|-unboost|p2a: Zapdos|atk|1
|turn|1
|inactive|GreenCatKid also wants the timer to be on.
|
|t:|1730666767
|switch|p1a: Momo|Blissey, F|100/100
|move|p2a: Zapdos|Substitute|p2a: Zapdos
|-start|p2a: Zapdos|Substitute
|-damage|p2a: Zapdos|76/100
|
|-heal|p2a: Zapdos|82/100|[from] item: Leftovers
|upkeep
|turn|2
|
|t:|1730666774
|switch|p1a: Soos|Zapdos|100/100
|move|p2a: Zapdos|Baton Pass|p2a: Zapdos
|inactive|UDM31 has 270 seconds left.
|
|t:|1730666810
|switch|p2a: Jirachi|Jirachi|100/100|[from] Baton Pass
|
|upkeep
|turn|3
|
|t:|1730666814
|move|p2a: Jirachi|Ice Punch|p1a: Soos
|-supereffective|p1a: Soos
|-damage|p1a: Soos|71/100
|move|p1a: Soos|Roar|p2a: Jirachi
|drag|p2a: Dugtrio|Dugtrio, M|100/100
|
|-heal|p1a: Soos|77/100|[from] item: Leftovers
|upkeep
|turn|4
|inactive|UDM31 has 270 seconds left.
|inactive|GreenCatKid has 270 seconds left.
|
|t:|1730666865
|switch|p2a: Jirachi|Jirachi|100/100
|move|p1a: Soos|Toxic|p2a: Jirachi
|-immune|p2a: Jirachi
|
|-heal|p1a: Soos|83/100|[from] item: Leftovers
|upkeep
|turn|5
|inactive|UDM31 has 240 seconds left.
|
|t:|1730666890
|move|p2a: Jirachi|Ice Punch|p1a: Soos
|-supereffective|p1a: Soos
|-damage|p1a: Soos|52/100
|move|p1a: Soos|Roar|p2a: Jirachi
|drag|p2a: Claydol|Claydol|100/100
|
|-heal|p1a: Soos|58/100|[from] item: Leftovers
|upkeep
|turn|6
|
|t:|1730666910
|switch|p1a: Serious Sam 2 HD|Skarmory, F|100/100
|switch|p2a: Jirachi|Jirachi|100/100
|
|upkeep
|turn|7
|inactive|GreenCatKid has 240 seconds left.
|
|t:|1730666948
|switch|p1a: Momo|Blissey, F|100/100
|move|p2a: Jirachi|Fire Punch|p1a: Momo
|-damage|p1a: Momo|91/100
|
|-heal|p1a: Momo|97/100|[from] item: Leftovers
|upkeep
|turn|8
|inactive|UDM31 has 240 seconds left.
|inactive|UDM31 has 210 seconds left.
|
|t:|1730666991
|switch|p2a: Metagross|Metagross|100/100
|move|p1a: Momo|Wish|p1a: Momo
|
|-heal|p1a: Momo|100/100|[from] item: Leftovers
|upkeep
|turn|9
|inactive|GreenCatKid has 240 seconds left.
|inactive|UDM31 has 210 seconds left.
|
|t:|1730667017
|switch|p2a: Zapdos|Zapdos|82/100
|switch|p1a: Serious Sam 2 HD|Skarmory, F|100/100
|
|-heal|p2a: Zapdos|88/100|[from] item: Leftovers
|upkeep
|turn|10
|inactive|GreenCatKid has 210 seconds left.
|inactive|UDM31 has 180 seconds left.
|
|t:|1730667053
|switch|p1a: Soos|Zapdos|58/100
|move|p2a: Zapdos|Thunderbolt|p1a: Soos
|-damage|p1a: Soos|26/100
|-status|p1a: Soos|par
|
|-heal|p2a: Zapdos|94/100|[from] item: Leftovers
|-heal|p1a: Soos|32/100 par|[from] item: Leftovers
|upkeep
|turn|11
|c|☆UDM31|sorry
|inactive|UDM31 has 180 seconds left.
|inactive|GreenCatKid has 180 seconds left.
|
|t:|1730667097
|switch|p1a: Momo|Blissey, F|100/100
|move|p2a: Zapdos|Substitute|p2a: Zapdos
|-start|p2a: Zapdos|Substitute
|-damage|p2a: Zapdos|69/100
|
|-heal|p2a: Zapdos|75/100|[from] item: Leftovers
|upkeep
|turn|12
|
|t:|1730667118
|switch|p1a: Soos|Zapdos|32/100 par
|move|p2a: Zapdos|Thunderbolt|p1a: Soos
|-damage|p1a: Soos|0 fnt
|faint|p1a: Soos
|inactive|GreenCatKid has 150 seconds left.
|inactive|GreenCatKid has 120 seconds left.
|
|t:|1730667173
|switch|p1a: plznohpground|Magneton|100/100
|
|-heal|p2a: Zapdos|81/100|[from] item: Leftovers
|upkeep
|turn|13
|inactive|UDM31 has 180 seconds left.
|inactive|UDM31 has 150 seconds left.
|
|t:|1730667224
|move|p2a: Zapdos|Baton Pass|p2a: Zapdos
|
|t:|1730667227
|switch|p2a: Claydol|Claydol|100/100|[from] Baton Pass
|move|p1a: plznohpground|Thunderbolt|p2a: Claydol
|-immune|p2a: Claydol
|
|upkeep
|turn|14
|
|t:|1730667239
|move|p1a: plznohpground|Protect|p1a: plznohpground
|-singleturn|p1a: plznohpground|Protect
|move|p2a: Claydol|Earthquake|p1a: plznohpground
|-activate|p1a: plznohpground|Protect
|
|upkeep
|turn|15
|inactive|GreenCatKid has 120 seconds left.
|
|t:|1730667265
|move|p1a: plznohpground|Toxic||[still]
|-fail|p1a: plznohpground
|move|p2a: Claydol|Earthquake|p1a: plznohpground
|-supereffective|p1a: plznohpground
|-damage|p1a: plznohpground|0 fnt
|faint|p1a: plznohpground
|
|t:|1730667268
|switch|p1a: Serious Sam 2 HD|Skarmory, F|100/100
|
|upkeep
|turn|16
|inactive|UDM31 has 150 seconds left.
|
|t:|1730667275
|move|p2a: Claydol|Psychic|p1a: Serious Sam 2 HD
|-resisted|p1a: Serious Sam 2 HD
|-damage|p1a: Serious Sam 2 HD|91/100
|-unboost|p1a: Serious Sam 2 HD|spd|1
|move|p1a: Serious Sam 2 HD|Spikes|p2a: Claydol
|-sidestart|p2: UDM31|Spikes
|
|-heal|p1a: Serious Sam 2 HD|97/100|[from] item: Leftovers
|upkeep
|turn|17
|
|t:|1730667285
|move|p1a: Serious Sam 2 HD|Protect|p1a: Serious Sam 2 HD
|-singleturn|p1a: Serious Sam 2 HD|Protect
|move|p2a: Claydol|Rapid Spin|p1a: Serious Sam 2 HD
|-activate|p1a: Serious Sam 2 HD|Protect
|
|-heal|p1a: Serious Sam 2 HD|100/100|[from] item: Leftovers
|upkeep
|turn|18
|
|t:|1730667290
|move|p2a: Claydol|Rapid Spin|p1a: Serious Sam 2 HD
|-resisted|p1a: Serious Sam 2 HD
|-damage|p1a: Serious Sam 2 HD|99/100
|-sideend|p2: UDM31|Spikes|[from] move: Rapid Spin|[of] p2a: Claydol
|move|p1a: Serious Sam 2 HD|Roar|p2a: Claydol
|drag|p2a: Zapdos|Zapdos|81/100
|
|-heal|p2a: Zapdos|87/100|[from] item: Leftovers
|-heal|p1a: Serious Sam 2 HD|100/100|[from] item: Leftovers
|upkeep
|turn|19
|
|t:|1730667319
|switch|p1a: Momo|Blissey, F|100/100
|move|p2a: Zapdos|Thunderbolt|p1a: Momo
|-damage|p1a: Momo|82/100
|
|-heal|p2a: Zapdos|93/100|[from] item: Leftovers
|-heal|p1a: Momo|89/100|[from] item: Leftovers
|upkeep
|turn|20
|inactive|UDM31 has 150 seconds left.
|
|t:|1730667351
|move|p2a: Zapdos|Baton Pass|p2a: Zapdos
|
|t:|1730667357
|switch|p2a: Metagross|Metagross|100/100|[from] Baton Pass
|move|p1a: Momo|Ice Beam|p2a: Metagross
|-resisted|p2a: Metagross
|-damage|p2a: Metagross|88/100
|
|-heal|p1a: Momo|95/100|[from] item: Leftovers
|upkeep
|turn|21
|
|t:|1730667378
|switch|p2a: Zapdos|Zapdos|93/100
|switch|p1a: Skipper|Swampert, M|100/100
|
|-heal|p2a: Zapdos|99/100|[from] item: Leftovers
|upkeep
|turn|22
|inactive|GreenCatKid has 120 seconds left.
|
|t:|1730667398
|move|p2a: Zapdos|Substitute|p2a: Zapdos
|-start|p2a: Zapdos|Substitute
|-damage|p2a: Zapdos|74/100
|move|p1a: Skipper|Rock Slide|p2a: Zapdos
|-supereffective|p2a: Zapdos
|-end|p2a: Zapdos|Substitute
|
|-heal|p2a: Zapdos|80/100|[from] item: Leftovers
|upkeep
|turn|23
|inactive|GreenCatKid has 120 seconds left.
|
|t:|1730667420
|switch|p1a: Hector|Salamence, M|100/100
|-ability|p1a: Hector|Intimidate|boost
|-unboost|p2a: Zapdos|atk|1
|move|p2a: Zapdos|Substitute|p2a: Zapdos
|-start|p2a: Zapdos|Substitute
|-damage|p2a: Zapdos|55/100
|
|-heal|p2a: Zapdos|61/100|[from] item: Leftovers
|upkeep
|turn|24
|inactive|UDM31 has 120 seconds left.
|
|t:|1730667457
|move|p1a: Hector|Rock Slide|p2a: Zapdos
|-supereffective|p2a: Zapdos
|-end|p2a: Zapdos|Substitute
|move|p2a: Zapdos|Thunderbolt|p1a: Hector
|-damage|p1a: Hector|38/100
|
|-heal|p2a: Zapdos|67/100|[from] item: Leftovers
|upkeep
|turn|25
|inactive|UDM31 has 120 seconds left.
|
|t:|1730667484
|switch|p2a: Jirachi|Jirachi|100/100
|move|p1a: Hector|Rock Slide|p2a: Jirachi
|-resisted|p2a: Jirachi
|-damage|p2a: Jirachi|78/100
|
|-heal|p2a: Jirachi|84/100|[from] item: Leftovers
|upkeep
|turn|26
|inactive|UDM31 has 120 seconds left.
|
|t:|1730667499
|switch|p2a: Metagross|Metagross|88/100
|switch|p1a: Momo|Blissey, F|95/100
|
|-heal|p1a: Momo|100/100|[from] item: Leftovers
|upkeep
|turn|27
|
|t:|1730667510
|switch|p1a: Serious Sam 2 HD|Skarmory, F|100/100
|move|p2a: Metagross|Meteor Mash|p1a: Serious Sam 2 HD
|-resisted|p1a: Serious Sam 2 HD
|-damage|p1a: Serious Sam 2 HD|69/100
|
|-heal|p1a: Serious Sam 2 HD|75/100|[from] item: Leftovers
|upkeep
|turn|28
|inactive|UDM31 has 120 seconds left.
|
|t:|1730667517
|move|p2a: Metagross|Meteor Mash|p1a: Serious Sam 2 HD
|-resisted|p1a: Serious Sam 2 HD
|-damage|p1a: Serious Sam 2 HD|41/100
|move|p1a: Serious Sam 2 HD|Toxic|p2a: Metagross
|-immune|p2a: Metagross
|
|-heal|p1a: Serious Sam 2 HD|47/100|[from] item: Leftovers
|upkeep
|turn|29
|inactive|GreenCatKid has 120 seconds left.
|inactive|UDM31 has 120 seconds left.
|
|t:|1730667533
|move|p2a: Metagross|Meteor Mash|p1a: Serious Sam 2 HD
|-resisted|p1a: Serious Sam 2 HD
|-damage|p1a: Serious Sam 2 HD|12/100
|move|p1a: Serious Sam 2 HD|Spikes|p2a: Metagross
|-sidestart|p2: UDM31|Spikes
|
|-heal|p1a: Serious Sam 2 HD|18/100|[from] item: Leftovers
|upkeep
|turn|30
|inactive|GreenCatKid has 120 seconds left.
|
|t:|1730667570
|move|p1a: Serious Sam 2 HD|Protect|p1a: Serious Sam 2 HD
|-singleturn|p1a: Serious Sam 2 HD|Protect
|move|p2a: Metagross|Meteor Mash|p1a: Serious Sam 2 HD
|-activate|p1a: Serious Sam 2 HD|Protect
|
|-heal|p1a: Serious Sam 2 HD|24/100|[from] item: Leftovers
|upkeep
|turn|31
|
|t:|1730667576
|switch|p1a: Skipper|Swampert, M|100/100
|move|p2a: Metagross|Meteor Mash|p1a: Skipper
|-resisted|p1a: Skipper
|-damage|p1a: Skipper|68/100
|
|-heal|p1a: Skipper|74/100|[from] item: Leftovers
|upkeep
|turn|32
|inactive|GreenCatKid has 90 seconds left.
|inactive|UDM31 has 120 seconds left.
|inactive|GreenCatKid has 60 seconds left.
|inactive|UDM31 has 90 seconds left.
|
|t:|1730667628
|switch|p2a: Zapdos|Zapdos|67/100
|move|p1a: Skipper|Protect||[still]
|-fail|p1a: Skipper
|
|-heal|p2a: Zapdos|73/100|[from] item: Leftovers
|-heal|p1a: Skipper|81/100|[from] item: Leftovers
|upkeep
|turn|33
|inactive|GreenCatKid has 60 seconds left.
|inactive|UDM31 has 90 seconds left.
|
|t:|1730667651
|switch|p1a: Momo|Blissey, F|100/100
|move|p2a: Zapdos|Hidden Power|p1a: Momo
|-crit|p1a: Momo
|-damage|p1a: Momo|80/100
|
|-heal|p2a: Zapdos|79/100|[from] item: Leftovers
|-heal|p1a: Momo|87/100|[from] item: Leftovers
|upkeep
|turn|34
|inactive|GreenCatKid has 60 seconds left.
|
|t:|1730667668
|move|p2a: Zapdos|Substitute|p2a: Zapdos
|-start|p2a: Zapdos|Substitute
|-damage|p2a: Zapdos|54/100
|move|p1a: Momo|Wish|p1a: Momo
|
|-heal|p2a: Zapdos|60/100|[from] item: Leftovers
|-heal|p1a: Momo|93/100|[from] item: Leftovers
|upkeep
|turn|35
|inactive|GreenCatKid has 60 seconds left.
|inactive|UDM31 has 90 seconds left.
|inactive|UDM31 has 60 seconds left.
|
|t:|1730667707
|switch|p1a: Skipper|Swampert, M|81/100
|move|p2a: Zapdos|Thunderbolt|p1a: Skipper
|-immune|p1a: Skipper
|
|-heal|p1a: Skipper|100/100|[from] move: Wish|[wisher] Momo
|-heal|p2a: Zapdos|66/100|[from] item: Leftovers
|upkeep
|turn|36
|inactive|UDM31 has 60 seconds left.
|inactive|GreenCatKid has 60 seconds left.
|inactive|GreenCatKid has 30 seconds left.
|
|t:|1730667761
|switch|p1a: Hector|Salamence, M|38/100
|move|p2a: Zapdos|Hidden Power|p1a: Hector
|-resisted|p1a: Hector
|-damage|p1a: Hector|31/100
|
|-heal|p2a: Zapdos|72/100|[from] item: Leftovers
|upkeep
|turn|37
|
|t:|1730667775
|move|p1a: Hector|Rock Slide|p2a: Zapdos
|-supereffective|p2a: Zapdos
|-end|p2a: Zapdos|Substitute
|move|p2a: Zapdos|Thunderbolt|p1a: Hector
|-damage|p1a: Hector|0 fnt
|faint|p1a: Hector
|
|t:|1730667780
|switch|p1a: Momo|Blissey, F|93/100
|
|-heal|p2a: Zapdos|78/100|[from] item: Leftovers
|-heal|p1a: Momo|99/100|[from] item: Leftovers
|upkeep
|turn|38
|inactive|UDM31 has 60 seconds left.
|
|t:|1730667807
|move|p2a: Zapdos|Baton Pass|p2a: Zapdos
|
|t:|1730667816
|switch|p2a: Claydol|Claydol|100/100|[from] Baton Pass
|move|p1a: Momo|Ice Beam|p2a: Claydol
|-supereffective|p2a: Claydol
|-damage|p2a: Claydol|56/100
|
|-heal|p2a: Claydol|62/100|[from] item: Leftovers
|-heal|p1a: Momo|100/100|[from] item: Leftovers
|upkeep
|turn|39
|inactive|GreenCatKid has 60 seconds left.
|
|t:|1730667828
|switch|p1a: Serious Sam 2 HD|Skarmory, F|24/100
|move|p2a: Claydol|Rapid Spin|p1a: Serious Sam 2 HD
|-resisted|p1a: Serious Sam 2 HD
|-damage|p1a: Serious Sam 2 HD|22/100
|-sideend|p2: UDM31|Spikes|[from] move: Rapid Spin|[of] p2a: Claydol
|
|-heal|p2a: Claydol|68/100|[from] item: Leftovers
|-heal|p1a: Serious Sam 2 HD|28/100|[from] item: Leftovers
|upkeep
|turn|40
|inactive|GreenCatKid has 60 seconds left.
|
|t:|1730667852
|switch|p2a: Metagross|Metagross|88/100
|move|p1a: Serious Sam 2 HD|Spikes|p2a: Metagross
|-sidestart|p2: UDM31|Spikes
|
|-heal|p1a: Serious Sam 2 HD|34/100|[from] item: Leftovers
|upkeep
|turn|41
|inactive|GreenCatKid has 60 seconds left.
|
|t:|1730667861
|move|p1a: Serious Sam 2 HD|Protect|p1a: Serious Sam 2 HD
|-singleturn|p1a: Serious Sam 2 HD|Protect
|move|p2a: Metagross|Meteor Mash|p1a: Serious Sam 2 HD
|-activate|p1a: Serious Sam 2 HD|Protect
|
|-heal|p1a: Serious Sam 2 HD|40/100|[from] item: Leftovers
|upkeep
|turn|42
|
|t:|1730667872
|move|p2a: Metagross|Meteor Mash|p1a: Serious Sam 2 HD
|-resisted|p1a: Serious Sam 2 HD
|-damage|p1a: Serious Sam 2 HD|6/100
|move|p1a: Serious Sam 2 HD|Spikes|p2a: Metagross
|-sidestart|p2: UDM31|Spikes
|
|-heal|p1a: Serious Sam 2 HD|12/100|[from] item: Leftovers
|upkeep
|turn|43
|
|t:|1730667882
|move|p1a: Serious Sam 2 HD|Protect|p1a: Serious Sam 2 HD
|-singleturn|p1a: Serious Sam 2 HD|Protect
|move|p2a: Metagross|Meteor Mash|p1a: Serious Sam 2 HD
|-activate|p1a: Serious Sam 2 HD|Protect
|
|-heal|p1a: Serious Sam 2 HD|18/100|[from] item: Leftovers
|upkeep
|turn|44
|
|t:|1730667902
|move|p2a: Metagross|Meteor Mash|p1a: Serious Sam 2 HD
|-resisted|p1a: Serious Sam 2 HD
|-damage|p1a: Serious Sam 2 HD|0 fnt
|faint|p1a: Serious Sam 2 HD
|
|t:|1730667915
|switch|p1a: Skipper|Swampert, M|100/100
|
|upkeep
|turn|45
|
|t:|1730667926
|switch|p2a: Zapdos|Zapdos|78/100
|move|p1a: Skipper|Curse|p1a: Skipper
|-unboost|p1a: Skipper|spe|1
|-boost|p1a: Skipper|atk|1
|-boost|p1a: Skipper|def|1
|
|-heal|p2a: Zapdos|84/100|[from] item: Leftovers
|upkeep
|turn|46
|
|t:|1730667942
|move|p2a: Zapdos|Hidden Power|p1a: Skipper
|-supereffective|p1a: Skipper
|-damage|p1a: Skipper|9/100
|move|p1a: Skipper|Rock Slide|p2a: Zapdos
|-supereffective|p2a: Zapdos
|-damage|p2a: Zapdos|22/100
|
|-heal|p2a: Zapdos|28/100|[from] item: Leftovers
|-heal|p1a: Skipper|15/100|[from] item: Leftovers
|upkeep
|turn|47
|c|☆GreenCatKid|gg
|
|t:|1730667952
|move|p2a: Zapdos|Hidden Power|p1a: Skipper
|-supereffective|p1a: Skipper
|-damage|p1a: Skipper|0 fnt
|faint|p1a: Skipper
|
|t:|1730667954
|switch|p1a: Momo|Blissey, F|100/100
|
|-heal|p2a: Zapdos|34/100|[from] item: Leftovers
|upkeep
|turn|48
|inactive|UDM31 has 60 seconds left.
|c|☆UDM31|gg
|
|t:|1730667974
|move|p2a: Zapdos|Baton Pass|p2a: Zapdos
|
|t:|1730667981
|switch|p2a: Metagross|Metagross|88/100|[from] Baton Pass
|-damage|p2a: Metagross|71/100|[from] Spikes
|move|p1a: Momo|Ice Beam|p2a: Metagross
|-resisted|p2a: Metagross
|-damage|p2a: Metagross|57/100
|-status|p2a: Metagross|frz
|
|upkeep
|turn|49
|
|t:|1730667988
|switch|p2a: Suicune|Suicune|100/100
|-damage|p2a: Suicune|84/100|[from] Spikes
|move|p1a: Momo|Seismic Toss|p2a: Suicune
|-damage|p2a: Suicune|59/100
|
|-heal|p2a: Suicune|65/100|[from] item: Leftovers
|upkeep
|turn|50
|inactive|UDM31 has 60 seconds left.
|
|t:|1730668001
|move|p2a: Suicune|Calm Mind|p2a: Suicune
|-boost|p2a: Suicune|spa|1
|-boost|p2a: Suicune|spd|1
|move|p1a: Momo|Seismic Toss|p2a: Suicune
|-damage|p2a: Suicune|40/100
|
|-heal|p2a: Suicune|47/100|[from] item: Leftovers
|upkeep
|turn|51
|inactive|UDM31 has 60 seconds left.
|
|t:|1730668008
|move|p2a: Suicune|Calm Mind|p2a: Suicune
|-boost|p2a: Suicune|spa|1
|-boost|p2a: Suicune|spd|1
|move|p1a: Momo|Seismic Toss|p2a: Suicune
|-damage|p2a: Suicune|22/100
|
|-heal|p2a: Suicune|28/100|[from] item: Leftovers
|upkeep
|turn|52
|inactive|UDM31 has 60 seconds left.
|
|t:|1730668021
|move|p2a: Suicune|Calm Mind|p2a: Suicune
|-boost|p2a: Suicune|spa|1
|-boost|p2a: Suicune|spd|1
|move|p1a: Momo|Seismic Toss|p2a: Suicune
|-damage|p2a: Suicune|3/100
|
|-heal|p2a: Suicune|9/100|[from] item: Leftovers
|upkeep
|turn|53
|
|t:|1730668028
|move|p2a: Suicune|Rest|p2a: Suicune
|-status|p2a: Suicune|slp|[from] move: Rest
|-heal|p2a: Suicune|100/100 slp|[silent]
|move|p1a: Momo|Seismic Toss|p2a: Suicune
|-damage|p2a: Suicune|76/100 slp
|
|-heal|p2a: Suicune|82/100 slp|[from] item: Leftovers
|upkeep
|turn|54
|c|☆GreenCatKid|ok yeah
|-message|GreenCatKid forfeited.
|
|win|UDM31
|c|☆GreenCatKid|im pretty satisficed with my run this year
|c|☆UDM31|I'm glad, I was a bit nervous
|c|☆GreenCatKid|gl rest of the tourny
|c|☆GreenCatKid|I beat my record of 2-3
|c|☆GreenCatKid|so im happy :D
|c|☆GreenCatKid|zap getting paraed i think uber fucked me ngl
|c|☆UDM31|I mean you were in range of another
|c|☆UDM31|it's just with para going for another sub is slightly better odds wise

</script>
<script type="application/json" class="data" id="replaydata-smogtours-gen3ou-804573">
{"id":"smogtours-gen3ou-804573","format":"[Gen 3] OU","players":["GreenCatKid","UDM31"],"uploadtime":1730668039,"views":62,"formatid":"gen3ou","rating":null,"private":1,"password":null}
</script>

<script defer src="js/replays.js?9d40a366"></script>
