<!DOCTYPE html>
<meta charset="utf-8" />
<meta name="viewport" content="width=device-width" />

<title>[Gen 3] OU: Thebadger1230 vs. DancingAlong - Replays - Pok&eacute;mon Showdown!</title>

<meta name="description" content="Watch a replay of a Pok&eacute;mon battle between Thebadger1230 and DancingAlong! Format: [Gen 3] OU; Date: Oct 23, 2024" />
<!--

Hey, you! Looking in the source for the replay log?

You can find them in JSON format, just add `.json` at the end of a replay URL.

https://replay.pokemonshowdown.com/gen7randomdoublesbattle-865046831.json

Or, if you only need the log itself, add `.log` instead:

https://replay.pokemonshowdown.com/gen7randomdoublesbattle-865046831.log

-->

<link rel="stylesheet" href="//pokemonshowdown.com/style/global.css?0.767286132409787" />
<link rel="stylesheet" href="//play.pokemonshowdown.com/style/font-awesome.css?0.9266228007934947" />
<link rel="stylesheet" href="//play.pokemonshowdown.com/style/battle.css?0.7924700842790926" />
<link rel="stylesheet" href="//play.pokemonshowdown.com/style/utilichart.css?0.8777417872839479" />

<!-- Global site tag (gtag.js) - Google Analytics -->
<script async src="https://www.googletagmanager.com/gtag/js?id=UA-26211653-1"></script>
<script>
  window.dataLayer = window.dataLayer || [];
  function gtag(){dataLayer.push(arguments);}
  gtag('js', new Date());

  gtag('config', 'UA-26211653-1');
</script>
<!-- End Google Analytics -->
<!-- Venatus Ad Manager - Install in <HEAD> of page -->
	<script src="https://hb.vntsm.com/v3/live/ad-manager.min.js" type="text/javascript" data-site-id="642aba63ec9a7b11c3c9c1be" data-mode="scan" async></script>
<!-- / Venatus Ad Manager -->

<style>
	@media (max-width:820px) {
		.battle {
			margin: 0 auto;
		}
		.battle-log {
			margin: 7px auto 0;
			max-width: 640px;
			height: 300px;
			position: static;
		}
	}
	.optgroup {
		display: inline-block;
		line-height: 22px;
		font-size: 10pt;
	}
	.optgroup .button {
		height: 25px;
		padding-top: 0;
		padding-bottom: 0;
	}
	.optgroup button.button {
		padding-left: 12px;
		padding-right: 12px;
	}
	.linklist {
		list-style: none;
		margin: 0.5em 0;
		padding: 0;
	}
	.linklist li {
		padding: 2px 0;
	}
	.sidebar {
		float: left;
		width: 320px;
	}
	.bar-wrapper {
		max-width: 1100px;
		margin: 0 auto;
	}
	.bar-wrapper.has-sidebar {
		max-width: 1430px;
	}
	.mainbar {
		margin: 0;
		padding-right: 1px;
	}
	.mainbar.has-sidebar {
		margin-left: 330px;
	}
	@media (min-width: 1511px) {
		.sidebar {
			width: 400px;
		}
		.bar-wrapper.has-sidebar {
			max-width: 1510px;
		}
		.mainbar.has-sidebar {
			margin-left: 410px;
		}
	}
	.section.first-section {
		margin-top: 9px;
	}
	.blocklink small {
		white-space: normal;
	}
	.button {
		vertical-align: middle;
	}
	.replay-controls {
		padding-top: 10px;
	}
	.replay-controls h1 {
		font-size: 16pt;
		font-weight: normal;
		color: #CCC;
	}
	.pagelink {
		text-align: center;
	}
	.pagelink a {
		width: 150px;
	}
	.textbox, .button {
		font-size: 11pt;
		vertical-align: middle;
	}
	@media (max-width: 450px) {
		.button {
			font-size: 9pt;
		}
	}
</style>

<div>

	<header>
		<div class="nav-wrapper"><ul class="nav">
			<li><a class="button nav-first" href="//pokemonshowdown.com/"><img src="//pokemonshowdown.com/images/pokemonshowdownbeta.png" srcset="//pokemonshowdown.com/images/pokemonshowdownbeta.png 1x, //pokemonshowdown.com/images/pokemonshowdownbeta@2x.png 2x" alt="Pok&eacute;mon Showdown" width="146" height="44" /> Home</a></li>
			<li><a class="button" href="//pokemonshowdown.com/dex/">Pok&eacute;dex</a></li>
			<li><a class="button cur" href="/">Replays</a></li>
			<li><a class="button" href="//pokemonshowdown.com/ladder/">Ladder</a></li>
			<li><a class="button nav-last" href="//pokemonshowdown.com/forums/">Forum</a></li>
			<li><a class="button greenbutton nav-first nav-last" href="//play.pokemonshowdown.com/">Play</a></li>
		</ul></div>
	</header>

	<div class="main" id="main">

		<noscript><section class="section">You need to enable JavaScript to use this page; sorry!</section></noscript>

	</div>

</div>

<script defer nomodule src="//play.pokemonshowdown.com/js/lib/ps-polyfill.js"></script>
<script defer src="//play.pokemonshowdown.com/js/lib/preact.min.js"></script>

<script defer src="//play.pokemonshowdown.com/config/config.js?6dec07f6"></script>
<script defer src="//play.pokemonshowdown.com/js/lib/jquery-1.11.0.min.js"></script>
<script defer src="//play.pokemonshowdown.com/js/lib/html-sanitizer-minified.js"></script>
<script defer src="//play.pokemonshowdown.com/js/battle-sound.js"></script>
<script defer src="//play.pokemonshowdown.com/js/battledata.js?0.6315294753075389"></script>
<script defer src="//play.pokemonshowdown.com/data/pokedex-mini.js?0.7603743185311358"></script>
<script defer src="//play.pokemonshowdown.com/data/pokedex-mini-bw.js?0.030888842834281283"></script>
<script defer src="//play.pokemonshowdown.com/data/graphics.js?0.05593094747507488"></script>
<script defer src="//play.pokemonshowdown.com/data/pokedex.js?0.47064822249611904"></script>
<script defer src="//play.pokemonshowdown.com/data/moves.js?0.8583693120512459"></script>
<script defer src="//play.pokemonshowdown.com/data/abilities.js?0.16017181182386842"></script>
<script defer src="//play.pokemonshowdown.com/data/items.js?0.4163379185673943"></script>
<script defer src="//play.pokemonshowdown.com/data/teambuilder-tables.js?0.31075597372830477"></script>
<script defer src="//play.pokemonshowdown.com/js/battle-tooltips.js?0.6536193500708172"></script>
<script defer src="//play.pokemonshowdown.com/js/battle.js?0.1916591943277901"></script>

<script defer src="js/utils.js?e31f9a17"></script>
<script defer src="js/replays-battle.js?7008c182"></script>

<!-- don't scrape this data! just add .json or .log after the URL!
Full API docs: https://github.com/smogon/pokemon-showdown-client/blob/master/WEB-API.md -->
<script type="text/plain" class="log" id="replaylog-smogtours-gen3ou-801440">
|inactive|Battle timer is ON: inactive players will automatically lose when time's up.
|t:|1729721142
|gametype|singles
|player|p1|Thebadger1230|1|
|player|p2|DancingAlong|266|
|teamsize|p1|6
|teamsize|p2|6
|gen|3
|tier|[Gen 3] OU
|rule|Sleep Clause Mod: Limit one foe put to sleep
|rule|Switch Priority Clause Mod: Faster Pokémon switch first
|rule|Species Clause: Limit one of each Pokémon
|rule|OHKO Clause: OHKO moves are banned
|rule|Evasion Items Clause: Evasion items are banned
|rule|Evasion Moves Clause: Evasion moves are banned
|rule|Endless Battle Clause: Forcing endless battles is banned
|rule|HP Percentage Mod: HP is shown in percentages
|rule|One Boost Passer Clause: Limit one Baton Passer that has a way to boost its stats
|rule|Freeze Clause Mod: Limit one foe frozen
|
|t:|1729721142
|start
|switch|p1a: Gengar|Gengar, F|100/100
|switch|p2a: Bossy|Metagross|100/100
|turn|1
|c|☆DancingAlong|glhf
|
|t:|1729721168
|switch|p1a: Forretress|Forretress, F|100/100
|move|p2a: Bossy|Psychic|p1a: Forretress
|-resisted|p1a: Forretress
|-damage|p1a: Forretress|80/100
|
|-heal|p1a: Forretress|86/100|[from] item: Leftovers
|upkeep
|turn|2
|c|☆Thebadger1230|u2
|
|t:|1729721182
|switch|p1a: Moltres|Moltres|100/100
|move|p2a: Bossy|Hidden Power|p1a: Moltres
|-resisted|p1a: Moltres
|-damage|p1a: Moltres|88/100
|
|-heal|p1a: Moltres|95/100|[from] item: Leftovers
|upkeep
|turn|3
|inactive|DancingAlong has 270 seconds left.
|inactive|DancingAlong has 240 seconds left.
|
|t:|1729721252
|switch|p2a: Zabdos|Zapdos|100/100
|move|p1a: Moltres|Will-O-Wisp|p2a: Zabdos
|-status|p2a: Zabdos|brn
|
|-damage|p2a: Zabdos|88/100 brn|[from] brn
|-heal|p1a: Moltres|100/100|[from] item: Leftovers
|upkeep
|turn|4
|inactive|Thebadger1230 has 270 seconds left.
|inactive|Thebadger1230 has 240 seconds left.
|inactive|Thebadger1230 has 210 seconds left.
|
|t:|1729721353
|switch|p1a: Blissey|Blissey, F|100/100
|move|p2a: Zabdos|Substitute|p2a: Zabdos
|-start|p2a: Zabdos|Substitute
|-damage|p2a: Zabdos|63/100 brn
|
|-heal|p2a: Zabdos|70/100 brn|[from] item: Leftovers
|-damage|p2a: Zabdos|57/100 brn|[from] brn
|upkeep
|turn|5
|inactive|Thebadger1230 has 180 seconds left.
|
|t:|1729721403
|switch|p1a: Swampert|Swampert, F|100/100
|move|p2a: Zabdos|Baton Pass|p2a: Zabdos
|
|t:|1729721410
|switch|p2a: Sally|Breloom, F|100/100|[from] Baton Pass
|
|upkeep
|turn|6
|
|t:|1729721427
|move|p2a: Sally|Spore|p1a: Swampert
|-status|p1a: Swampert|slp|[from] move: Spore
|cant|p1a: Swampert|slp
|
|upkeep
|turn|7
|inactive|Thebadger1230 has 150 seconds left.
|
|t:|1729721457
|switch|p1a: Gengar|Gengar, F|100/100
|move|p2a: Sally|Hidden Power|p1a: Gengar
|-supereffective|p1a: Gengar
|-damage|p1a: Gengar|9/100
|
|-heal|p1a: Gengar|16/100|[from] item: Leftovers
|upkeep
|turn|8
|inactive|Thebadger1230 has 150 seconds left.
|inactive|Thebadger1230 has 120 seconds left.
|
|t:|1729721495
|move|p1a: Gengar|Ice Punch|p2a: Sally
|-supereffective|p2a: Sally
|-end|p2a: Sally|Substitute
|move|p2a: Sally|Hidden Power|p1a: Gengar
|-supereffective|p1a: Gengar
|-damage|p1a: Gengar|0 fnt
|faint|p1a: Gengar
|
|t:|1729721497
|switch|p1a: Moltres|Moltres|100/100
|
|upkeep
|turn|9
|inactive|DancingAlong has 240 seconds left.
|inactive|DancingAlong has 210 seconds left.
|
|t:|1729721554
|switch|p2a: Zabdos|Zapdos|57/100 brn
|move|p1a: Moltres|Flamethrower|p2a: Zabdos
|-damage|p2a: Zabdos|0 fnt
|faint|p2a: Zabdos
|inactive|DancingAlong has 180 seconds left.
|
|t:|1729721575
|switch|p2a: Terrore|Tyranitar, M|100/100
|-weather|Sandstorm|[from] ability: Sand Stream|[of] p2a: Terrore
|
|-weather|Sandstorm|[upkeep]
|-damage|p1a: Moltres|94/100|[from] Sandstorm
|-heal|p1a: Moltres|100/100|[from] item: Leftovers
|upkeep
|turn|10
|inactive|DancingAlong has 180 seconds left.
|inactive|Thebadger1230 has 120 seconds left.
|inactive|Thebadger1230 has 90 seconds left.
|inactive|Thebadger1230 has 60 seconds left.
|
|t:|1729721677
|switch|p1a: Tyranitar|Tyranitar, F|100/100
|move|p2a: Terrore|Rock Slide|p1a: Tyranitar
|-damage|p1a: Tyranitar|69/100
|
|-weather|Sandstorm|[upkeep]
|-heal|p1a: Tyranitar|75/100|[from] item: Leftovers
|upkeep
|turn|11
|inactive|DancingAlong has 180 seconds left.
|
|t:|1729721698
|move|p2a: Terrore|Dragon Dance|p2a: Terrore
|-boost|p2a: Terrore|atk|1
|-boost|p2a: Terrore|spe|1
|move|p1a: Tyranitar|Flamethrower|p2a: Terrore
|-resisted|p2a: Terrore
|-damage|p2a: Terrore|87/100
|
|-weather|Sandstorm|[upkeep]
|-heal|p2a: Terrore|93/100|[from] item: Leftovers
|-heal|p1a: Tyranitar|81/100|[from] item: Leftovers
|upkeep
|turn|12
|
|t:|1729721706
|move|p2a: Terrore|Dragon Dance|p2a: Terrore
|-boost|p2a: Terrore|atk|1
|-boost|p2a: Terrore|spe|1
|move|p1a: Tyranitar|Roar|p2a: Terrore
|drag|p2a: Sassy|Swampert, M|100/100
|
|-weather|Sandstorm|[upkeep]
|-heal|p1a: Tyranitar|87/100|[from] item: Leftovers
|upkeep
|turn|13
|
|t:|1729721721
|switch|p1a: Forretress|Forretress, F|86/100
|move|p2a: Sassy|Hydro Pump|p1a: Forretress
|-damage|p1a: Forretress|38/100
|
|-weather|Sandstorm|[upkeep]
|-heal|p1a: Forretress|44/100|[from] item: Leftovers
|upkeep
|turn|14
|
|t:|1729721732
|switch|p1a: Blissey|Blissey, F|100/100
|move|p2a: Sassy|Hydro Pump|p1a: Blissey
|-damage|p1a: Blissey|81/100
|
|-weather|Sandstorm|[upkeep]
|-damage|p1a: Blissey|75/100|[from] Sandstorm
|-heal|p1a: Blissey|81/100|[from] item: Leftovers
|upkeep
|turn|15
|
|t:|1729721738
|move|p1a: Blissey|Toxic|p2a: Sassy
|-status|p2a: Sassy|tox
|move|p2a: Sassy|Earthquake|p1a: Blissey
|-damage|p1a: Blissey|47/100
|
|-weather|Sandstorm|[upkeep]
|-damage|p1a: Blissey|41/100|[from] Sandstorm
|-heal|p1a: Blissey|47/100|[from] item: Leftovers
|-damage|p2a: Sassy|94/100 tox|[from] psn
|upkeep
|turn|16
|
|t:|1729721745
|-singleturn|p2a: Sassy|move: Focus Punch
|move|p1a: Blissey|Seismic Toss|p2a: Sassy
|-damage|p2a: Sassy|69/100 tox
|move|p2a: Sassy|Focus Punch||[still]
|cant|p2a: Sassy|Focus Punch|Focus Punch
|
|-weather|Sandstorm|[upkeep]
|-damage|p1a: Blissey|41/100|[from] Sandstorm
|-heal|p2a: Sassy|76/100 tox|[from] item: Leftovers
|-heal|p1a: Blissey|47/100|[from] item: Leftovers
|-damage|p2a: Sassy|63/100 tox|[from] psn
|upkeep
|turn|17
|
|t:|1729721759
|-singleturn|p2a: Sassy|move: Focus Punch
|switch|p1a: Moltres|Moltres|100/100
|move|p2a: Sassy|Focus Punch|p1a: Moltres
|-resisted|p1a: Moltres
|-damage|p1a: Moltres|79/100
|
|-weather|Sandstorm|[upkeep]
|-damage|p1a: Moltres|73/100|[from] Sandstorm
|-heal|p1a: Moltres|79/100|[from] item: Leftovers
|-heal|p2a: Sassy|69/100 tox|[from] item: Leftovers
|-damage|p2a: Sassy|51/100 tox|[from] psn
|upkeep
|turn|18
|
|t:|1729721771
|move|p1a: Moltres|Hidden Power|p2a: Sassy
|-supereffective|p2a: Sassy
|-damage|p2a: Sassy|0 fnt
|faint|p2a: Sassy
|
|t:|1729721775
|switch|p2a: Terrore|Tyranitar, M|93/100
|
|-weather|Sandstorm|[upkeep]
|-damage|p1a: Moltres|73/100|[from] Sandstorm
|-heal|p1a: Moltres|79/100|[from] item: Leftovers
|-heal|p2a: Terrore|99/100|[from] item: Leftovers
|upkeep
|turn|19
|inactive|Thebadger1230 has 60 seconds left.
|inactive|Thebadger1230 has 30 seconds left.
|
|t:|1729721813
|switch|p1a: Tyranitar|Tyranitar, F|87/100
|move|p2a: Terrore|Rock Slide|p1a: Tyranitar
|-damage|p1a: Tyranitar|56/100
|
|-weather|Sandstorm|[upkeep]
|-heal|p2a: Terrore|100/100|[from] item: Leftovers
|-heal|p1a: Tyranitar|62/100|[from] item: Leftovers
|upkeep
|turn|20
|
|t:|1729721823
|move|p2a: Terrore|Earthquake|p1a: Tyranitar
|-supereffective|p1a: Tyranitar
|-damage|p1a: Tyranitar|6/100
|move|p1a: Tyranitar|Crunch|p2a: Terrore
|-resisted|p2a: Terrore
|-damage|p2a: Terrore|82/100
|
|-weather|Sandstorm|[upkeep]
|-heal|p2a: Terrore|89/100|[from] item: Leftovers
|-heal|p1a: Tyranitar|12/100|[from] item: Leftovers
|upkeep
|turn|21
|inactive|DancingAlong has 240 seconds left.
|
|t:|1729721831
|move|p2a: Terrore|Earthquake|p1a: Tyranitar
|-supereffective|p1a: Tyranitar
|-damage|p1a: Tyranitar|0 fnt
|faint|p1a: Tyranitar
|inactive|Thebadger1230 has 30 seconds left.
|
|t:|1729721849
|switch|p1a: Swampert|Swampert, F|100/100 slp
|
|-weather|Sandstorm|[upkeep]
|-heal|p2a: Terrore|95/100|[from] item: Leftovers
|upkeep
|turn|22
|inactive|DancingAlong has 240 seconds left.
|
|t:|1729721866
|switch|p2a: Bossy|Metagross|100/100
|cant|p1a: Swampert|slp
|
|-weather|Sandstorm|[upkeep]
|upkeep
|turn|23
|
|t:|1729721875
|-curestatus|p1a: Swampert|slp|[msg]
|move|p1a: Swampert|Protect|p1a: Swampert
|-singleturn|p1a: Swampert|Protect
|move|p2a: Bossy|Psychic|p1a: Swampert
|-activate|p1a: Swampert|Protect
|
|-weather|Sandstorm|[upkeep]
|upkeep
|turn|24
|inactive|Thebadger1230 has 30 seconds left.
|inactive|DancingAlong has 240 seconds left.
|
|t:|1729721912
|switch|p1a: Forretress|Forretress, F|44/100
|move|p2a: Bossy|Explosion|p1a: Forretress
|-resisted|p1a: Forretress
|-damage|p1a: Forretress|0 fnt
|faint|p2a: Bossy
|faint|p1a: Forretress
|inactive|Thebadger1230 has 30 seconds left.
|inactive|DancingAlong has 240 seconds left.
|inactive|Thebadger1230 has 20 seconds left.
|
|t:|1729721929
|switch|p2a: Terrore|Tyranitar, M|95/100
|switch|p1a: Moltres|Moltres|79/100
|
|-weather|Sandstorm|[upkeep]
|-damage|p1a: Moltres|73/100|[from] Sandstorm
|-heal|p1a: Moltres|79/100|[from] item: Leftovers
|-heal|p2a: Terrore|100/100|[from] item: Leftovers
|upkeep
|turn|25
|inactive|Thebadger1230 has 30 seconds left this turn.
|inactive|Thebadger1230 has 20 seconds left.
|
|t:|1729721941
|switch|p1a: Swampert|Swampert, F|100/100
|switch|p2a: Sally|Breloom, F|100/100
|
|-weather|Sandstorm|[upkeep]
|-damage|p2a: Sally|94/100|[from] Sandstorm
|-heal|p2a: Sally|100/100|[from] item: Leftovers
|upkeep
|turn|26
|inactive|Thebadger1230 has 30 seconds left this turn.
|
|t:|1729721949
|switch|p1a: Moltres|Moltres|79/100
|move|p2a: Sally|Spore|p1a: Moltres
|-status|p1a: Moltres|slp|[from] move: Spore
|
|-weather|Sandstorm|[upkeep]
|-damage|p1a: Moltres|73/100 slp|[from] Sandstorm
|-damage|p2a: Sally|94/100|[from] Sandstorm
|-heal|p1a: Moltres|79/100 slp|[from] item: Leftovers
|-heal|p2a: Sally|100/100|[from] item: Leftovers
|upkeep
|turn|27
|
|t:|1729721952
|-singleturn|p2a: Sally|move: Focus Punch
|switch|p1a: Swampert|Swampert, F|100/100
|move|p2a: Sally|Focus Punch|p1a: Swampert
|-damage|p1a: Swampert|41/100
|
|-weather|Sandstorm|[upkeep]
|-damage|p2a: Sally|94/100|[from] Sandstorm
|-heal|p2a: Sally|100/100|[from] item: Leftovers
|-heal|p1a: Swampert|48/100|[from] item: Leftovers
|upkeep
|turn|28
|inactive|DancingAlong has 270 seconds left.
|
|t:|1729721958
|move|p2a: Sally|Sky Uppercut|p1a: Swampert
|-damage|p1a: Swampert|17/100
|move|p1a: Swampert|Ice Beam|p2a: Sally
|-supereffective|p2a: Sally
|-damage|p2a: Sally|16/100
|
|-weather|Sandstorm|[upkeep]
|-damage|p2a: Sally|10/100|[from] Sandstorm
|-heal|p2a: Sally|16/100|[from] item: Leftovers
|-heal|p1a: Swampert|24/100|[from] item: Leftovers
|upkeep
|turn|29
|
|t:|1729721964
|move|p1a: Swampert|Protect|p1a: Swampert
|-singleturn|p1a: Swampert|Protect
|move|p2a: Sally|Sky Uppercut|p1a: Swampert
|-activate|p1a: Swampert|Protect
|
|-weather|Sandstorm|[upkeep]
|-damage|p2a: Sally|10/100|[from] Sandstorm
|-heal|p2a: Sally|16/100|[from] item: Leftovers
|-heal|p1a: Swampert|30/100|[from] item: Leftovers
|upkeep
|turn|30
|inactive|Thebadger1230 has 60 seconds left.
|inactive|Thebadger1230 has 30 seconds left.
|
|t:|1729722004
|move|p1a: Swampert|Protect||[still]
|-fail|p1a: Swampert
|move|p2a: Sally|Sky Uppercut|p1a: Swampert
|-damage|p1a: Swampert|0 fnt
|faint|p1a: Swampert
|inactive|Thebadger1230 has 30 seconds left this turn.
|
|t:|1729722009
|switch|p1a: Moltres|Moltres|79/100 slp
|
|-weather|Sandstorm|[upkeep]
|-damage|p1a: Moltres|73/100 slp|[from] Sandstorm
|-damage|p2a: Sally|10/100|[from] Sandstorm
|-heal|p1a: Moltres|79/100 slp|[from] item: Leftovers
|-heal|p2a: Sally|16/100|[from] item: Leftovers
|upkeep
|turn|31
|
|t:|1729722015
|switch|p2a: Terrore|Tyranitar, M|100/100
|cant|p1a: Moltres|slp
|
|-weather|Sandstorm|[upkeep]
|-damage|p1a: Moltres|73/100 slp|[from] Sandstorm
|-heal|p1a: Moltres|79/100 slp|[from] item: Leftovers
|upkeep
|turn|32
|
|t:|1729722019
|-curestatus|p1a: Moltres|slp|[msg]
|move|p1a: Moltres|Will-O-Wisp|p2a: Terrore
|-status|p2a: Terrore|brn
|move|p2a: Terrore|Dragon Dance|p2a: Terrore
|-boost|p2a: Terrore|atk|1
|-boost|p2a: Terrore|spe|1
|
|-weather|Sandstorm|[upkeep]
|-damage|p1a: Moltres|73/100|[from] Sandstorm
|-damage|p2a: Terrore|88/100 brn|[from] brn
|-heal|p1a: Moltres|79/100|[from] item: Leftovers
|upkeep
|turn|33
|
|t:|1729722042
|move|p2a: Terrore|Dragon Dance|p2a: Terrore
|-boost|p2a: Terrore|atk|1
|-boost|p2a: Terrore|spe|1
|move|p1a: Moltres|Hidden Power|p2a: Terrore
|-supereffective|p2a: Terrore
|-damage|p2a: Terrore|36/100 brn
|
|-weather|Sandstorm|[upkeep]
|-damage|p1a: Moltres|73/100|[from] Sandstorm
|-heal|p2a: Terrore|42/100 brn|[from] item: Leftovers
|-damage|p2a: Terrore|30/100 brn|[from] brn
|-heal|p1a: Moltres|79/100|[from] item: Leftovers
|upkeep
|turn|34
|inactive|Thebadger1230 has 30 seconds left.
|
|t:|1729722062
|move|p2a: Terrore|Rock Slide|p1a: Moltres
|-supereffective|p1a: Moltres
|-damage|p1a: Moltres|0 fnt
|faint|p1a: Moltres
|
|t:|1729722064
|switch|p1a: Blissey|Blissey, F|47/100
|
|-weather|Sandstorm|[upkeep]
|-damage|p1a: Blissey|41/100|[from] Sandstorm
|-heal|p2a: Terrore|36/100 brn|[from] item: Leftovers
|-damage|p2a: Terrore|23/100 brn|[from] brn
|-heal|p1a: Blissey|47/100|[from] item: Leftovers
|upkeep
|turn|35
|
|t:|1729722082
|move|p2a: Terrore|Earthquake|p1a: Blissey
|-damage|p1a: Blissey|9/100
|move|p1a: Blissey|Soft-Boiled|p1a: Blissey
|-heal|p1a: Blissey|59/100
|
|-weather|Sandstorm|[upkeep]
|-damage|p1a: Blissey|52/100|[from] Sandstorm
|-heal|p2a: Terrore|30/100 brn|[from] item: Leftovers
|-damage|p2a: Terrore|17/100 brn|[from] brn
|-heal|p1a: Blissey|59/100|[from] item: Leftovers
|upkeep
|turn|36
|
|t:|1729722086
|move|p2a: Terrore|Rock Slide|p1a: Blissey
|-damage|p1a: Blissey|21/100
|move|p1a: Blissey|Soft-Boiled|p1a: Blissey
|-heal|p1a: Blissey|71/100
|
|-weather|Sandstorm|[upkeep]
|-damage|p1a: Blissey|65/100|[from] Sandstorm
|-heal|p2a: Terrore|23/100 brn|[from] item: Leftovers
|-damage|p2a: Terrore|11/100 brn|[from] brn
|-heal|p1a: Blissey|71/100|[from] item: Leftovers
|upkeep
|turn|37
|
|t:|1729722090
|move|p2a: Terrore|Rock Slide|p1a: Blissey
|-damage|p1a: Blissey|34/100
|move|p1a: Blissey|Soft-Boiled|p1a: Blissey
|-heal|p1a: Blissey|84/100
|
|-weather|Sandstorm|[upkeep]
|-damage|p1a: Blissey|78/100|[from] Sandstorm
|-heal|p2a: Terrore|17/100 brn|[from] item: Leftovers
|-damage|p2a: Terrore|5/100 brn|[from] brn
|-heal|p1a: Blissey|84/100|[from] item: Leftovers
|upkeep
|turn|38
|
|t:|1729722094
|move|p2a: Terrore|Rock Slide|p1a: Blissey
|-damage|p1a: Blissey|43/100
|cant|p1a: Blissey|flinch
|
|-weather|Sandstorm|[upkeep]
|-damage|p1a: Blissey|37/100|[from] Sandstorm
|-heal|p2a: Terrore|11/100 brn|[from] item: Leftovers
|-damage|p2a: Terrore|0 fnt|[from] brn
|faint|p2a: Terrore
|-heal|p1a: Blissey|43/100|[from] item: Leftovers
|upkeep
|
|t:|1729722098
|switch|p2a: Sally|Breloom, F|16/100
|turn|39
|
|t:|1729722104
|move|p2a: Sally|Spore|p1a: Blissey
|-status|p1a: Blissey|slp|[from] move: Spore
|cant|p1a: Blissey|slp
|
|-weather|Sandstorm|[upkeep]
|-damage|p2a: Sally|10/100|[from] Sandstorm
|-damage|p1a: Blissey|37/100 slp|[from] Sandstorm
|-heal|p2a: Sally|16/100|[from] item: Leftovers
|-heal|p1a: Blissey|43/100 slp|[from] item: Leftovers
|upkeep
|turn|40
|
|t:|1729722114
|move|p2a: Sally|Sky Uppercut|p1a: Blissey
|-supereffective|p1a: Blissey
|-damage|p1a: Blissey|0 fnt
|faint|p1a: Blissey
|
|win|DancingAlong
|c|☆DancingAlong|gg

</script>
<script type="application/json" class="data" id="replaydata-smogtours-gen3ou-801440">
{"id":"smogtours-gen3ou-801440","format":"[Gen 3] OU","players":["Thebadger1230","DancingAlong"],"uploadtime":1729722114,"views":100,"formatid":"gen3ou","rating":null,"private":0,"password":null}
</script>

<script defer src="js/replays.js?9d40a366"></script>
