<!DOCTYPE html>
<meta charset="utf-8" />
<meta name="viewport" content="width=device-width" />

<title>[Gen 3] OU: VZR vs. Eduardo Carapinga - Replays - Pok&eacute;mon Showdown!</title>

<meta name="description" content="Watch a replay of a Pok&eacute;mon battle between VZR and Eduardo Carapinga! Format: [Gen 3] OU; Date: Oct 20, 2024" />
<!--

Hey, you! Looking in the source for the replay log?

You can find them in JSON format, just add `.json` at the end of a replay URL.

https://replay.pokemonshowdown.com/gen7randomdoublesbattle-865046831.json

Or, if you only need the log itself, add `.log` instead:

https://replay.pokemonshowdown.com/gen7randomdoublesbattle-865046831.log

-->

<link rel="stylesheet" href="//pokemonshowdown.com/style/global.css?0.023195364461161105" />
<link rel="stylesheet" href="//play.pokemonshowdown.com/style/font-awesome.css?0.13261647063804238" />
<link rel="stylesheet" href="//play.pokemonshowdown.com/style/battle.css?0.8753245789963631" />
<link rel="stylesheet" href="//play.pokemonshowdown.com/style/utilichart.css?0.8627959624976733" />

<!-- Global site tag (gtag.js) - Google Analytics -->
<script async src="https://www.googletagmanager.com/gtag/js?id=UA-26211653-1"></script>
<script>
  window.dataLayer = window.dataLayer || [];
  function gtag(){dataLayer.push(arguments);}
  gtag('js', new Date());

  gtag('config', 'UA-26211653-1');
</script>
<!-- End Google Analytics -->
<!-- Venatus Ad Manager - Install in <HEAD> of page -->
	<script src="https://hb.vntsm.com/v3/live/ad-manager.min.js" type="text/javascript" data-site-id="642aba63ec9a7b11c3c9c1be" data-mode="scan" async></script>
<!-- / Venatus Ad Manager -->

<style>
	@media (max-width:820px) {
		.battle {
			margin: 0 auto;
		}
		.battle-log {
			margin: 7px auto 0;
			max-width: 640px;
			height: 300px;
			position: static;
		}
	}
	.optgroup {
		display: inline-block;
		line-height: 22px;
		font-size: 10pt;
	}
	.optgroup .button {
		height: 25px;
		padding-top: 0;
		padding-bottom: 0;
	}
	.optgroup button.button {
		padding-left: 12px;
		padding-right: 12px;
	}
	.linklist {
		list-style: none;
		margin: 0.5em 0;
		padding: 0;
	}
	.linklist li {
		padding: 2px 0;
	}
	.sidebar {
		float: left;
		width: 320px;
	}
	.bar-wrapper {
		max-width: 1100px;
		margin: 0 auto;
	}
	.bar-wrapper.has-sidebar {
		max-width: 1430px;
	}
	.mainbar {
		margin: 0;
		padding-right: 1px;
	}
	.mainbar.has-sidebar {
		margin-left: 330px;
	}
	@media (min-width: 1511px) {
		.sidebar {
			width: 400px;
		}
		.bar-wrapper.has-sidebar {
			max-width: 1510px;
		}
		.mainbar.has-sidebar {
			margin-left: 410px;
		}
	}
	.section.first-section {
		margin-top: 9px;
	}
	.blocklink small {
		white-space: normal;
	}
	.button {
		vertical-align: middle;
	}
	.replay-controls {
		padding-top: 10px;
	}
	.replay-controls h1 {
		font-size: 16pt;
		font-weight: normal;
		color: #CCC;
	}
	.pagelink {
		text-align: center;
	}
	.pagelink a {
		width: 150px;
	}
	.textbox, .button {
		font-size: 11pt;
		vertical-align: middle;
	}
	@media (max-width: 450px) {
		.button {
			font-size: 9pt;
		}
	}
</style>

<div>

	<header>
		<div class="nav-wrapper"><ul class="nav">
			<li><a class="button nav-first" href="//pokemonshowdown.com/"><img src="//pokemonshowdown.com/images/pokemonshowdownbeta.png" srcset="//pokemonshowdown.com/images/pokemonshowdownbeta.png 1x, //pokemonshowdown.com/images/pokemonshowdownbeta@2x.png 2x" alt="Pok&eacute;mon Showdown" width="146" height="44" /> Home</a></li>
			<li><a class="button" href="//pokemonshowdown.com/dex/">Pok&eacute;dex</a></li>
			<li><a class="button cur" href="/">Replays</a></li>
			<li><a class="button" href="//pokemonshowdown.com/ladder/">Ladder</a></li>
			<li><a class="button nav-last" href="//pokemonshowdown.com/forums/">Forum</a></li>
			<li><a class="button greenbutton nav-first nav-last" href="//play.pokemonshowdown.com/">Play</a></li>
		</ul></div>
	</header>

	<div class="main" id="main">

		<noscript><section class="section">You need to enable JavaScript to use this page; sorry!</section></noscript>

	</div>

</div>

<script defer nomodule src="//play.pokemonshowdown.com/js/lib/ps-polyfill.js"></script>
<script defer src="//play.pokemonshowdown.com/js/lib/preact.min.js"></script>

<script defer src="//play.pokemonshowdown.com/config/config.js?2bddbc15"></script>
<script defer src="//play.pokemonshowdown.com/js/lib/jquery-1.11.0.min.js"></script>
<script defer src="//play.pokemonshowdown.com/js/lib/html-sanitizer-minified.js"></script>
<script defer src="//play.pokemonshowdown.com/js/battle-sound.js"></script>
<script defer src="//play.pokemonshowdown.com/js/battledata.js?0.7209276989879541"></script>
<script defer src="//play.pokemonshowdown.com/data/pokedex-mini.js?0.6111056340867951"></script>
<script defer src="//play.pokemonshowdown.com/data/pokedex-mini-bw.js?0.3532142036491459"></script>
<script defer src="//play.pokemonshowdown.com/data/graphics.js?0.24223875632456182"></script>
<script defer src="//play.pokemonshowdown.com/data/pokedex.js?0.38839984266356864"></script>
<script defer src="//play.pokemonshowdown.com/data/moves.js?0.21866028504024015"></script>
<script defer src="//play.pokemonshowdown.com/data/abilities.js?0.2005157953846628"></script>
<script defer src="//play.pokemonshowdown.com/data/items.js?0.9894211263848525"></script>
<script defer src="//play.pokemonshowdown.com/data/teambuilder-tables.js?0.6008791140282215"></script>
<script defer src="//play.pokemonshowdown.com/js/battle-tooltips.js?0.7580118955022959"></script>
<script defer src="//play.pokemonshowdown.com/js/battle.js?0.6057722274234274"></script>

<script defer src="js/utils.js?e31f9a17"></script>
<script defer src="js/replays-battle.js?7008c182"></script>

<!-- don't scrape this data! just add .json or .log after the URL!
Full API docs: https://github.com/smogon/pokemon-showdown-client/blob/master/WEB-API.md -->
<script type="text/plain" class="log" id="replaylog-smogtours-gen3ou-800488">
|inactive|Battle timer is ON: inactive players will automatically lose when time's up.
|t:|1729440198
|gametype|singles
|player|p1|VZR|veteran|
|player|p2|Eduardo Carapinga|#splxvraiders|
|teamsize|p1|6
|teamsize|p2|6
|gen|3
|tier|[Gen 3] OU
|rule|Sleep Clause Mod: Limit one foe put to sleep
|rule|Switch Priority Clause Mod: Faster Pokémon switch first
|rule|Species Clause: Limit one of each Pokémon
|rule|OHKO Clause: OHKO moves are banned
|rule|Evasion Items Clause: Evasion items are banned
|rule|Evasion Moves Clause: Evasion moves are banned
|rule|Endless Battle Clause: Forcing endless battles is banned
|rule|HP Percentage Mod: HP is shown in percentages
|rule|One Boost Passer Clause: Limit one Baton Passer that has a way to boost its stats
|rule|Freeze Clause Mod: Limit one foe frozen
|
|t:|1729440198
|start
|switch|p1a: 보만다|Salamence, M|100/100
|switch|p2a: Thor|Zapdos|100/100
|-ability|p1a: 보만다|Intimidate|boost
|-unboost|p2a: Thor|atk|1
|turn|1
|inactive|VZR has 270 seconds left.
|
|t:|1729440235
|switch|p2a: Ironface|Metagross|100/100
|move|p1a: 보만다|Rock Slide|p2a: Ironface
|-resisted|p2a: Ironface
|-damage|p2a: Ironface|87/100
|
|upkeep
|turn|2
|
|t:|1729440260
|switch|p1a: 무장조|Skarmory, M|100/100
|move|p2a: Ironface|Meteor Mash|p1a: 무장조
|-resisted|p1a: 무장조
|-damage|p1a: 무장조|70/100
|
|-heal|p1a: 무장조|76/100|[from] item: Leftovers
|upkeep
|turn|3
|
|t:|1729440264
|move|p2a: Ironface|Meteor Mash|p1a: 무장조
|-resisted|p1a: 무장조
|-damage|p1a: 무장조|44/100
|move|p1a: 무장조|Spikes|p2a: Ironface
|-sidestart|p2: Eduardo Carapinga|Spikes
|
|-heal|p1a: 무장조|50/100|[from] item: Leftovers
|upkeep
|turn|4
|
|t:|1729440271
|switch|p2a: Thor|Zapdos|100/100
|move|p1a: 무장조|Roar|p2a: Thor
|drag|p2a: Ironface|Metagross|87/100
|-damage|p2a: Ironface|74/100|[from] Spikes
|
|-heal|p1a: 무장조|56/100|[from] item: Leftovers
|upkeep
|turn|5
|
|t:|1729440294
|move|p2a: Ironface|Rock Slide|p1a: 무장조
|-damage|p1a: 무장조|21/100
|move|p1a: 무장조|Roar|p2a: Ironface
|drag|p2a: Thor|Zapdos|100/100
|
|-heal|p1a: 무장조|27/100|[from] item: Leftovers
|upkeep
|turn|6
|
|t:|1729440302
|switch|p1a: 레지아이스|Regice|100/100
|move|p2a: Thor|Thunderbolt|p1a: 레지아이스
|-damage|p1a: 레지아이스|78/100
|
|-heal|p1a: 레지아이스|84/100|[from] item: Leftovers
|upkeep
|turn|7
|
|t:|1729440308
|switch|p2a: Ironface|Metagross|74/100
|-damage|p2a: Ironface|62/100|[from] Spikes
|move|p1a: 레지아이스|Thunder Wave|p2a: Ironface
|-status|p2a: Ironface|par
|
|-heal|p1a: 레지아이스|90/100|[from] item: Leftovers
|upkeep
|turn|8
|
|t:|1729440319
|switch|p1a: 메타그로스|Metagross|100/100
|move|p2a: Ironface|Explosion|p1a: 메타그로스
|-resisted|p1a: 메타그로스
|-damage|p1a: 메타그로스|2/100
|faint|p2a: Ironface
|
|t:|1729440322
|switch|p2a: Orion|Dugtrio, M|100/100
|-damage|p2a: Orion|88/100|[from] Spikes
|
|-heal|p1a: 메타그로스|8/100|[from] item: Leftovers
|upkeep
|turn|9
|
|t:|1729440325
|move|p2a: Orion|Earthquake|p1a: 메타그로스
|-supereffective|p1a: 메타그로스
|-damage|p1a: 메타그로스|0 fnt
|faint|p1a: 메타그로스
|
|t:|1729440330
|switch|p1a: 무장조|Skarmory, M|27/100
|
|-heal|p1a: 무장조|33/100|[from] item: Leftovers
|upkeep
|turn|10
|
|t:|1729440333
|switch|p2a: Thor|Zapdos|100/100
|move|p1a: 무장조|Spikes|p2a: Thor
|-sidestart|p2: Eduardo Carapinga|Spikes
|
|-heal|p1a: 무장조|39/100|[from] item: Leftovers
|upkeep
|turn|11
|
|t:|1729440337
|switch|p1a: 레지아이스|Regice|90/100
|move|p2a: Thor|Toxic|p1a: 레지아이스
|-status|p1a: 레지아이스|tox
|
|-heal|p1a: 레지아이스|96/100 tox|[from] item: Leftovers
|-damage|p1a: 레지아이스|90/100 tox|[from] psn
|upkeep
|turn|12
|
|t:|1729440344
|switch|p2a: Dinamita|Tyranitar, F|100/100
|-damage|p2a: Dinamita|84/100|[from] Spikes
|-weather|Sandstorm|[from] ability: Sand Stream|[of] p2a: Dinamita
|move|p1a: 레지아이스|Ice Beam|p2a: Dinamita
|-damage|p2a: Dinamita|50/100
|
|-weather|Sandstorm|[upkeep]
|-damage|p1a: 레지아이스|84/100 tox|[from] Sandstorm
|-heal|p1a: 레지아이스|90/100 tox|[from] item: Leftovers
|-damage|p1a: 레지아이스|78/100 tox|[from] psn
|upkeep
|turn|13
|
|t:|1729440352
|switch|p1a: 대짱이|Swampert, F|100/100
|move|p2a: Dinamita|Rock Slide|p1a: 대짱이
|-resisted|p1a: 대짱이
|-damage|p1a: 대짱이|78/100
|
|-weather|Sandstorm|[upkeep]
|-heal|p1a: 대짱이|84/100|[from] item: Leftovers
|upkeep
|turn|14
|
|t:|1729440362
|switch|p2a: Thor|Zapdos|100/100
|move|p1a: 대짱이|Hydro Pump|p2a: Thor
|-damage|p2a: Thor|77/100
|
|-weather|Sandstorm|[upkeep]
|-damage|p2a: Thor|70/100|[from] Sandstorm
|-heal|p2a: Thor|77/100|[from] item: Leftovers
|-heal|p1a: 대짱이|90/100|[from] item: Leftovers
|upkeep
|turn|15
|
|t:|1729440371
|switch|p2a: Dinamita|Tyranitar, F|50/100
|-damage|p2a: Dinamita|33/100|[from] Spikes
|switch|p1a: 레지아이스|Regice|78/100 tox
|
|-weather|Sandstorm|[upkeep]
|-damage|p1a: 레지아이스|72/100 tox|[from] Sandstorm
|-heal|p1a: 레지아이스|78/100 tox|[from] item: Leftovers
|-damage|p1a: 레지아이스|72/100 tox|[from] psn
|upkeep
|turn|16
|
|t:|1729440387
|-singleturn|p2a: Dinamita|move: Focus Punch
|switch|p1a: 대짱이|Swampert, F|90/100
|move|p2a: Dinamita|Focus Punch|p1a: 대짱이
|-damage|p1a: 대짱이|32/100
|
|-weather|Sandstorm|[upkeep]
|-heal|p1a: 대짱이|38/100|[from] item: Leftovers
|upkeep
|turn|17
|
|t:|1729440392
|switch|p2a: Thor|Zapdos|77/100
|move|p1a: 대짱이|Hydro Pump|p2a: Thor|[miss]
|-miss|p1a: 대짱이|p2a: Thor
|
|-weather|Sandstorm|[upkeep]
|-damage|p2a: Thor|70/100|[from] Sandstorm
|-heal|p2a: Thor|77/100|[from] item: Leftovers
|-heal|p1a: 대짱이|44/100|[from] item: Leftovers
|upkeep
|turn|18
|
|t:|1729440398
|switch|p2a: Dinamita|Tyranitar, F|33/100
|-damage|p2a: Dinamita|17/100|[from] Spikes
|move|p1a: 대짱이|Protect||[still]
|-fail|p1a: 대짱이
|
|-weather|Sandstorm|[upkeep]
|-heal|p1a: 대짱이|50/100|[from] item: Leftovers
|upkeep
|turn|19
|
|t:|1729440403
|move|p2a: Dinamita|Earthquake|p1a: 대짱이
|-damage|p1a: 대짱이|15/100
|move|p1a: 대짱이|Earthquake|p2a: Dinamita
|-supereffective|p2a: Dinamita
|-damage|p2a: Dinamita|0 fnt
|faint|p2a: Dinamita
|
|t:|1729440418
|switch|p2a: Imperius|Aerodactyl, M|100/100
|
|-weather|Sandstorm|[upkeep]
|-heal|p1a: 대짱이|21/100|[from] item: Leftovers
|upkeep
|turn|20
|
|t:|1729440421
|move|p1a: 대짱이|Protect|p1a: 대짱이
|-singleturn|p1a: 대짱이|Protect
|move|p2a: Imperius|Double-Edge|p1a: 대짱이
|-activate|p1a: 대짱이|Protect
|
|-weather|Sandstorm|[upkeep]
|-heal|p1a: 대짱이|27/100|[from] item: Leftovers
|upkeep
|turn|21
|
|t:|1729440425
|switch|p1a: 팬텀|Gengar, M, shiny|100/100
|move|p2a: Imperius|Double-Edge|p1a: 팬텀
|-immune|p1a: 팬텀
|
|-weather|Sandstorm|[upkeep]
|-damage|p1a: 팬텀|94/100|[from] Sandstorm
|-heal|p1a: 팬텀|100/100|[from] item: Leftovers
|upkeep
|turn|22
|
|t:|1729440429
|switch|p2a: Thor|Zapdos|77/100
|move|p1a: 팬텀|Will-O-Wisp|p2a: Thor
|-status|p2a: Thor|brn
|
|-weather|Sandstorm|[upkeep]
|-damage|p1a: 팬텀|94/100|[from] Sandstorm
|-damage|p2a: Thor|70/100 brn|[from] Sandstorm
|-heal|p1a: 팬텀|100/100|[from] item: Leftovers
|-heal|p2a: Thor|77/100 brn|[from] item: Leftovers
|-damage|p2a: Thor|64/100 brn|[from] brn
|upkeep
|turn|23
|
|t:|1729440435
|switch|p1a: 레지아이스|Regice|72/100 tox
|move|p2a: Thor|Thunderbolt|p1a: 레지아이스
|-damage|p1a: 레지아이스|51/100 tox
|
|-weather|Sandstorm|[upkeep]
|-damage|p2a: Thor|58/100 brn|[from] Sandstorm
|-damage|p1a: 레지아이스|45/100 tox|[from] Sandstorm
|-heal|p2a: Thor|64/100 brn|[from] item: Leftovers
|-damage|p2a: Thor|52/100 brn|[from] brn
|-heal|p1a: 레지아이스|51/100 tox|[from] item: Leftovers
|-damage|p1a: 레지아이스|45/100 tox|[from] psn
|upkeep
|turn|24
|
|t:|1729440441
|switch|p2a: Lodoso|Swampert, F|100/100
|-damage|p2a: Lodoso|84/100|[from] Spikes
|move|p1a: 레지아이스|Ice Beam|p2a: Lodoso
|-damage|p2a: Lodoso|44/100
|
|-weather|Sandstorm|[upkeep]
|-damage|p1a: 레지아이스|39/100 tox|[from] Sandstorm
|-heal|p2a: Lodoso|50/100|[from] item: Leftovers
|-heal|p1a: 레지아이스|45/100 tox|[from] item: Leftovers
|-damage|p1a: 레지아이스|33/100 tox|[from] psn
|upkeep
|turn|25
|
|t:|1729440458
|move|p2a: Lodoso|Surf|p1a: 레지아이스
|-crit|p1a: 레지아이스
|-damage|p1a: 레지아이스|4/100 tox
|move|p1a: 레지아이스|Explosion|p2a: Lodoso
|-crit|p2a: Lodoso
|-damage|p2a: Lodoso|0 fnt
|faint|p1a: 레지아이스
|faint|p2a: Lodoso
|
|t:|1729440474
|switch|p2a: Imperius|Aerodactyl, M|100/100
|switch|p1a: 무장조|Skarmory, M|39/100
|
|-weather|Sandstorm|[upkeep]
|-heal|p1a: 무장조|45/100|[from] item: Leftovers
|upkeep
|turn|26
|
|t:|1729440483
|move|p2a: Imperius|Rock Slide|p1a: 무장조
|-damage|p1a: 무장조|5/100
|move|p1a: 무장조|Roar|p2a: Imperius
|drag|p2a: Orion|Dugtrio, M|88/100
|-damage|p2a: Orion|72/100|[from] Spikes
|
|-weather|Sandstorm|[upkeep]
|-heal|p1a: 무장조|11/100|[from] item: Leftovers
|upkeep
|turn|27
|
|t:|1729440502
|move|p2a: Orion|Rock Slide|p1a: 무장조
|-damage|p1a: 무장조|0 fnt
|faint|p1a: 무장조
|
|t:|1729440507
|switch|p1a: 팬텀|Gengar, M, shiny|100/100
|
|-weather|Sandstorm|[upkeep]
|-damage|p1a: 팬텀|94/100|[from] Sandstorm
|-heal|p1a: 팬텀|100/100|[from] item: Leftovers
|upkeep
|turn|28
|
|t:|1729440519
|move|p2a: Orion|Rock Slide|p1a: 팬텀
|-crit|p1a: 팬텀
|-damage|p1a: 팬텀|20/100
|move|p1a: 팬텀|Ice Punch|p2a: Orion
|-supereffective|p2a: Orion
|-damage|p2a: Orion|0 fnt
|faint|p2a: Orion
|
|t:|1729440521
|switch|p2a: Imperius|Aerodactyl, M|100/100
|
|-weather|Sandstorm|[upkeep]
|-damage|p1a: 팬텀|14/100|[from] Sandstorm
|-heal|p1a: 팬텀|20/100|[from] item: Leftovers
|upkeep
|turn|29
|
|t:|1729440531
|move|p2a: Imperius|Rock Slide|p1a: 팬텀
|-damage|p1a: 팬텀|0 fnt
|faint|p1a: 팬텀
|
|t:|1729440533
|switch|p1a: 대짱이|Swampert, F|27/100
|
|-weather|Sandstorm|[upkeep]
|-heal|p1a: 대짱이|34/100|[from] item: Leftovers
|upkeep
|turn|30
|
|t:|1729440548
|switch|p2a: Thor|Zapdos|52/100 brn
|move|p1a: 대짱이|Ice Beam|p2a: Thor
|-supereffective|p2a: Thor
|-crit|p2a: Thor
|-damage|p2a: Thor|0 fnt
|faint|p2a: Thor
|
|t:|1729440555
|switch|p2a: Imperius|Aerodactyl, M|100/100
|
|-weather|Sandstorm|[upkeep]
|-heal|p1a: 대짱이|40/100|[from] item: Leftovers
|upkeep
|turn|31
|
|t:|1729440558
|move|p1a: 대짱이|Protect|p1a: 대짱이
|-singleturn|p1a: 대짱이|Protect
|move|p2a: Imperius|Double-Edge|p1a: 대짱이
|-activate|p1a: 대짱이|Protect
|
|-weather|Sandstorm|[upkeep]
|-heal|p1a: 대짱이|46/100|[from] item: Leftovers
|upkeep
|turn|32
|c|☆Eduardo Carapinga|/log Eduardo Carapinga made the replay of this battle unlisted.
|
|t:|1729440576
|move|p2a: Imperius|Double-Edge|p1a: 대짱이
|-damage|p1a: 대짱이|11/100
|move|p1a: 대짱이|Ice Beam|p2a: Imperius
|-supereffective|p2a: Imperius
|-damage|p2a: Imperius|49/100
|
|-weather|Sandstorm|[upkeep]
|-heal|p1a: 대짱이|17/100|[from] item: Leftovers
|upkeep
|turn|33
|
|t:|1729440583
|move|p1a: 대짱이|Protect|p1a: 대짱이
|-singleturn|p1a: 대짱이|Protect
|move|p2a: Imperius|Double-Edge|p1a: 대짱이
|-activate|p1a: 대짱이|Protect
|
|-weather|Sandstorm|[upkeep]
|-heal|p1a: 대짱이|24/100|[from] item: Leftovers
|upkeep
|turn|34
|
|t:|1729440586
|move|p1a: 대짱이|Protect||[still]
|-fail|p1a: 대짱이
|move|p2a: Imperius|Double-Edge|p1a: 대짱이
|-damage|p1a: 대짱이|0 fnt
|faint|p1a: 대짱이
|
|t:|1729440588
|switch|p1a: 보만다|Salamence, M|100/100
|-ability|p1a: 보만다|Intimidate|boost
|-unboost|p2a: Imperius|atk|1
|
|-weather|Sandstorm|[upkeep]
|-damage|p1a: 보만다|94/100|[from] Sandstorm
|upkeep
|turn|35
|
|t:|1729440592
|move|p2a: Imperius|Double-Edge|p1a: 보만다
|-damage|p1a: 보만다|49/100
|move|p1a: 보만다|Brick Break|p2a: Imperius
|-damage|p2a: Imperius|0 fnt
|faint|p2a: Imperius
|
|win|VZR
|c|☆VZR|gg
|player|p1|

</script>
<script type="application/json" class="data" id="replaydata-smogtours-gen3ou-800488">
{"id":"smogtours-gen3ou-800488","format":"[Gen 3] OU","players":["VZR","Eduardo Carapinga"],"uploadtime":1729440592,"views":100,"formatid":"gen3ou","rating":null,"private":1,"password":null}
</script>

<script defer src="js/replays.js?9d40a366"></script>
