<!DOCTYPE html>
<meta charset="utf-8" />
<meta name="viewport" content="width=device-width" />

<title>[Gen 3] OU: SqueamishCube vs. funhouse3 - Replays - Pok&eacute;mon Showdown!</title>

<meta name="description" content="Watch a replay of a Pok&eacute;mon battle between SqueamishCube and funhouse3! Format: [Gen 3] OU; Date: Oct 5, 2024" />
<!--

Hey, you! Looking in the source for the replay log?

You can find them in JSON format, just add `.json` at the end of a replay URL.

https://replay.pokemonshowdown.com/gen7randomdoublesbattle-865046831.json

Or, if you only need the log itself, add `.log` instead:

https://replay.pokemonshowdown.com/gen7randomdoublesbattle-865046831.log

-->

<link rel="stylesheet" href="//pokemonshowdown.com/style/global.css?0.767286132409787" />
<link rel="stylesheet" href="//play.pokemonshowdown.com/style/font-awesome.css?0.9266228007934947" />
<link rel="stylesheet" href="//play.pokemonshowdown.com/style/battle.css?0.7924700842790926" />
<link rel="stylesheet" href="//play.pokemonshowdown.com/style/utilichart.css?0.8777417872839479" />

<!-- Global site tag (gtag.js) - Google Analytics -->
<script async src="https://www.googletagmanager.com/gtag/js?id=UA-26211653-1"></script>
<script>
  window.dataLayer = window.dataLayer || [];
  function gtag(){dataLayer.push(arguments);}
  gtag('js', new Date());

  gtag('config', 'UA-26211653-1');
</script>
<!-- End Google Analytics -->
<!-- Venatus Ad Manager - Install in <HEAD> of page -->
	<script src="https://hb.vntsm.com/v3/live/ad-manager.min.js" type="text/javascript" data-site-id="642aba63ec9a7b11c3c9c1be" data-mode="scan" async></script>
<!-- / Venatus Ad Manager -->

<style>
	@media (max-width:820px) {
		.battle {
			margin: 0 auto;
		}
		.battle-log {
			margin: 7px auto 0;
			max-width: 640px;
			height: 300px;
			position: static;
		}
	}
	.optgroup {
		display: inline-block;
		line-height: 22px;
		font-size: 10pt;
	}
	.optgroup .button {
		height: 25px;
		padding-top: 0;
		padding-bottom: 0;
	}
	.optgroup button.button {
		padding-left: 12px;
		padding-right: 12px;
	}
	.linklist {
		list-style: none;
		margin: 0.5em 0;
		padding: 0;
	}
	.linklist li {
		padding: 2px 0;
	}
	.sidebar {
		float: left;
		width: 320px;
	}
	.bar-wrapper {
		max-width: 1100px;
		margin: 0 auto;
	}
	.bar-wrapper.has-sidebar {
		max-width: 1430px;
	}
	.mainbar {
		margin: 0;
		padding-right: 1px;
	}
	.mainbar.has-sidebar {
		margin-left: 330px;
	}
	@media (min-width: 1511px) {
		.sidebar {
			width: 400px;
		}
		.bar-wrapper.has-sidebar {
			max-width: 1510px;
		}
		.mainbar.has-sidebar {
			margin-left: 410px;
		}
	}
	.section.first-section {
		margin-top: 9px;
	}
	.blocklink small {
		white-space: normal;
	}
	.button {
		vertical-align: middle;
	}
	.replay-controls {
		padding-top: 10px;
	}
	.replay-controls h1 {
		font-size: 16pt;
		font-weight: normal;
		color: #CCC;
	}
	.pagelink {
		text-align: center;
	}
	.pagelink a {
		width: 150px;
	}
	.textbox, .button {
		font-size: 11pt;
		vertical-align: middle;
	}
	@media (max-width: 450px) {
		.button {
			font-size: 9pt;
		}
	}
</style>

<div>

	<header>
		<div class="nav-wrapper"><ul class="nav">
			<li><a class="button nav-first" href="//pokemonshowdown.com/"><img src="//pokemonshowdown.com/images/pokemonshowdownbeta.png" srcset="//pokemonshowdown.com/images/pokemonshowdownbeta.png 1x, //pokemonshowdown.com/images/pokemonshowdownbeta@2x.png 2x" alt="Pok&eacute;mon Showdown" width="146" height="44" /> Home</a></li>
			<li><a class="button" href="//pokemonshowdown.com/dex/">Pok&eacute;dex</a></li>
			<li><a class="button cur" href="/">Replays</a></li>
			<li><a class="button" href="//pokemonshowdown.com/ladder/">Ladder</a></li>
			<li><a class="button nav-last" href="//pokemonshowdown.com/forums/">Forum</a></li>
			<li><a class="button greenbutton nav-first nav-last" href="//play.pokemonshowdown.com/">Play</a></li>
		</ul></div>
	</header>

	<div class="main" id="main">

		<noscript><section class="section">You need to enable JavaScript to use this page; sorry!</section></noscript>

	</div>

</div>

<script defer nomodule src="//play.pokemonshowdown.com/js/lib/ps-polyfill.js"></script>
<script defer src="//play.pokemonshowdown.com/js/lib/preact.min.js"></script>

<script defer src="//play.pokemonshowdown.com/config/config.js?6dec07f6"></script>
<script defer src="//play.pokemonshowdown.com/js/lib/jquery-1.11.0.min.js"></script>
<script defer src="//play.pokemonshowdown.com/js/lib/html-sanitizer-minified.js"></script>
<script defer src="//play.pokemonshowdown.com/js/battle-sound.js"></script>
<script defer src="//play.pokemonshowdown.com/js/battledata.js?0.6315294753075389"></script>
<script defer src="//play.pokemonshowdown.com/data/pokedex-mini.js?0.7603743185311358"></script>
<script defer src="//play.pokemonshowdown.com/data/pokedex-mini-bw.js?0.030888842834281283"></script>
<script defer src="//play.pokemonshowdown.com/data/graphics.js?0.05593094747507488"></script>
<script defer src="//play.pokemonshowdown.com/data/pokedex.js?0.47064822249611904"></script>
<script defer src="//play.pokemonshowdown.com/data/moves.js?0.8583693120512459"></script>
<script defer src="//play.pokemonshowdown.com/data/abilities.js?0.16017181182386842"></script>
<script defer src="//play.pokemonshowdown.com/data/items.js?0.4163379185673943"></script>
<script defer src="//play.pokemonshowdown.com/data/teambuilder-tables.js?0.31075597372830477"></script>
<script defer src="//play.pokemonshowdown.com/js/battle-tooltips.js?0.6536193500708172"></script>
<script defer src="//play.pokemonshowdown.com/js/battle.js?0.1916591943277901"></script>

<script defer src="js/utils.js?e31f9a17"></script>
<script defer src="js/replays-battle.js?7008c182"></script>

<!-- don't scrape this data! just add .json or .log after the URL!
Full API docs: https://github.com/smogon/pokemon-showdown-client/blob/master/WEB-API.md -->
<script type="text/plain" class="log" id="replaylog-smogtours-gen3ou-795104">
|inactive|Battle timer is ON: inactive players will automatically lose when time's up.
|t:|1728153913
|gametype|singles
|player|p1|SqueamishCube|265|
|player|p2|funhouse3|102|
|teamsize|p1|6
|teamsize|p2|6
|gen|3
|tier|[Gen 3] OU
|rule|Sleep Clause Mod: Limit one foe put to sleep
|rule|Switch Priority Clause Mod: Faster Pokémon switch first
|rule|Species Clause: Limit one of each Pokémon
|rule|OHKO Clause: OHKO moves are banned
|rule|Evasion Items Clause: Evasion items are banned
|rule|Evasion Moves Clause: Evasion moves are banned
|rule|Endless Battle Clause: Forcing endless battles is banned
|rule|HP Percentage Mod: HP is shown in percentages
|rule|One Boost Passer Clause: Limit one Baton Passer that has a way to boost its stats
|rule|Freeze Clause Mod: Limit one foe frozen
|
|t:|1728153913
|start
|switch|p1a: Skarmory|Skarmory, F|100/100
|switch|p2a: Skarmory|Skarmory, M|100/100
|turn|1
|inactive|funhouse3 has 270 seconds left.
|c|☆SqueamishCube|Glhf dude
|
|t:|1728153969
|move|p2a: Skarmory|Spikes|p1a: Skarmory
|-sidestart|p1: SqueamishCube|Spikes
|move|p1a: Skarmory|Spikes|p2a: Skarmory
|-sidestart|p2: funhouse3|Spikes
|
|upkeep
|turn|2
|
|t:|1728153978
|switch|p1a: Gengar|Gengar, F|100/100
|move|p2a: Skarmory|Spikes|p1a: Gengar
|-sidestart|p1: SqueamishCube|Spikes
|
|upkeep
|turn|3
|
|t:|1728153986
|move|p1a: Gengar|Thunderbolt|p2a: Skarmory
|-supereffective|p2a: Skarmory
|-damage|p2a: Skarmory|46/100
|move|p2a: Skarmory|Spikes|p1a: Gengar
|-sidestart|p1: SqueamishCube|Spikes
|
|-heal|p2a: Skarmory|52/100|[from] item: Leftovers
|upkeep
|turn|4
|
|t:|1728153997
|move|p2a: Skarmory|Protect|p2a: Skarmory
|-singleturn|p2a: Skarmory|Protect
|move|p1a: Gengar|Thunderbolt|p2a: Skarmory
|-activate|p2a: Skarmory|Protect
|
|-heal|p2a: Skarmory|58/100|[from] item: Leftovers
|upkeep
|turn|5
|
|t:|1728154005
|switch|p2a: Jolteon|Jolteon, F|100/100
|-damage|p2a: Jolteon|88/100|[from] Spikes
|move|p1a: Gengar|Will-O-Wisp|p2a: Jolteon|[miss]
|-miss|p1a: Gengar|p2a: Jolteon
|
|-heal|p2a: Jolteon|94/100|[from] item: Leftovers
|upkeep
|turn|6
|
|t:|1728154021
|move|p1a: Gengar|Will-O-Wisp|p2a: Jolteon
|-status|p2a: Jolteon|brn
|move|p2a: Jolteon|Roar|p1a: Gengar
|drag|p1a: Skarmory|Skarmory, F|100/100
|
|-heal|p2a: Jolteon|99/100 brn|[from] item: Leftovers
|-damage|p2a: Jolteon|88/100 brn|[from] brn
|upkeep
|turn|7
|
|t:|1728154031
|move|p1a: Skarmory|Protect|p1a: Skarmory
|-singleturn|p1a: Skarmory|Protect
|move|p2a: Jolteon|Thunderbolt|p1a: Skarmory
|-activate|p1a: Skarmory|Protect
|
|-heal|p2a: Jolteon|94/100 brn|[from] item: Leftovers
|-damage|p2a: Jolteon|82/100 brn|[from] brn
|upkeep
|turn|8
|
|t:|1728154038
|switch|p1a: Swampert|Swampert, F|100/100
|-damage|p1a: Swampert|76/100|[from] Spikes
|move|p2a: Jolteon|Thunderbolt|p1a: Swampert
|-immune|p1a: Swampert
|
|-heal|p2a: Jolteon|88/100 brn|[from] item: Leftovers
|-damage|p2a: Jolteon|75/100 brn|[from] brn
|-heal|p1a: Swampert|82/100|[from] item: Leftovers
|upkeep
|turn|9
|
|t:|1728154057
|move|p1a: Swampert|Hydro Pump|p2a: Jolteon
|-damage|p2a: Jolteon|22/100 brn
|move|p2a: Jolteon|Roar|p1a: Swampert
|drag|p1a: Blissey|Blissey, F, shiny|100/100
|-damage|p1a: Blissey|76/100|[from] Spikes
|
|-heal|p2a: Jolteon|28/100 brn|[from] item: Leftovers
|-damage|p2a: Jolteon|16/100 brn|[from] brn
|-heal|p1a: Blissey|82/100|[from] item: Leftovers
|upkeep
|turn|10
|
|t:|1728154072
|switch|p2a: Metagross|Metagross|100/100
|-damage|p2a: Metagross|88/100|[from] Spikes
|move|p1a: Blissey|Ice Beam|p2a: Metagross
|-resisted|p2a: Metagross
|-damage|p2a: Metagross|75/100
|-status|p2a: Metagross|frz
|
|-heal|p2a: Metagross|81/100 frz|[from] item: Leftovers
|-heal|p1a: Blissey|88/100|[from] item: Leftovers
|upkeep
|turn|11
|
|t:|1728154084
|cant|p2a: Metagross|frz
|move|p1a: Blissey|Fire Blast|p2a: Metagross
|-supereffective|p2a: Metagross
|-damage|p2a: Metagross|9/100 frz
|-curestatus|p2a: Metagross|frz|[msg]
|
|-heal|p2a: Metagross|15/100|[from] item: Leftovers
|-heal|p1a: Blissey|94/100|[from] item: Leftovers
|upkeep
|turn|12
|inactive|funhouse3 has 270 seconds left.
|
|t:|1728154104
|move|p2a: Metagross|Meteor Mash|p1a: Blissey
|-damage|p1a: Blissey|31/100
|move|p1a: Blissey|Fire Blast|p2a: Metagross
|-supereffective|p2a: Metagross
|-damage|p2a: Metagross|0 fnt
|faint|p2a: Metagross
|inactive|funhouse3 has 270 seconds left.
|
|t:|1728154117
|switch|p2a: Aerodactyl|Aerodactyl, M|100/100
|
|-heal|p1a: Blissey|38/100|[from] item: Leftovers
|upkeep
|turn|13
|inactive|funhouse3 has 270 seconds left.
|
|t:|1728154130
|switch|p1a: Skarmory|Skarmory, F|100/100
|move|p2a: Aerodactyl|Rock Slide|p1a: Skarmory
|-damage|p1a: Skarmory|61/100
|
|-heal|p1a: Skarmory|67/100|[from] item: Leftovers
|upkeep
|turn|14
|inactive|funhouse3 has 270 seconds left.
|
|t:|1728154137
|move|p2a: Aerodactyl|Rock Slide|p1a: Skarmory
|-crit|p1a: Skarmory
|-damage|p1a: Skarmory|0 fnt
|faint|p1a: Skarmory
|c|☆funhouse3|oof
|
|t:|1728154145
|switch|p1a: Starmie|Starmie|100/100
|-damage|p1a: Starmie|76/100|[from] Spikes
|
|-heal|p1a: Starmie|82/100|[from] item: Leftovers
|upkeep
|turn|15
|
|t:|1728154152
|switch|p2a: Gengar|Gengar, M|100/100
|move|p1a: Starmie|Hydro Pump|p2a: Gengar
|-damage|p2a: Gengar|41/100
|
|-heal|p1a: Starmie|88/100|[from] item: Leftovers
|-heal|p2a: Gengar|47/100|[from] item: Leftovers
|upkeep
|turn|16
|
|t:|1728154161
|move|p1a: Starmie|Hydro Pump|p2a: Gengar
|-damage|p2a: Gengar|0 fnt
|faint|p2a: Gengar
|
|t:|1728154175
|switch|p2a: Jolteon|Jolteon, F|16/100 brn
|-damage|p2a: Jolteon|3/100 brn|[from] Spikes
|
|-heal|p2a: Jolteon|9/100 brn|[from] item: Leftovers
|-damage|p2a: Jolteon|0 fnt|[from] brn
|faint|p2a: Jolteon
|-heal|p1a: Starmie|94/100|[from] item: Leftovers
|upkeep
|inactive|funhouse3 has 270 seconds left.
|
|t:|1728154191
|switch|p2a: Aerodactyl|Aerodactyl, M|100/100
|turn|17
|
|t:|1728154211
|switch|p1a: Swampert|Swampert, F|82/100
|-damage|p1a: Swampert|57/100|[from] Spikes
|move|p2a: Aerodactyl|Hidden Power|p1a: Swampert
|-damage|p1a: Swampert|35/100
|
|-heal|p1a: Swampert|41/100|[from] item: Leftovers
|upkeep
|turn|18
|
|t:|1728154222
|switch|p2a: Skarmory|Skarmory, M|58/100
|move|p1a: Swampert|Protect||[still]
|-fail|p1a: Swampert
|
|-heal|p2a: Skarmory|64/100|[from] item: Leftovers
|-heal|p1a: Swampert|47/100|[from] item: Leftovers
|upkeep
|turn|19
|
|t:|1728154233
|switch|p1a: Tyranitar|Tyranitar, F|100/100
|-damage|p1a: Tyranitar|76/100|[from] Spikes
|-weather|Sandstorm|[from] ability: Sand Stream|[of] p1a: Tyranitar
|move|p2a: Skarmory|Toxic|p1a: Tyranitar
|-status|p1a: Tyranitar|tox
|
|-weather|Sandstorm|[upkeep]
|-heal|p2a: Skarmory|70/100|[from] item: Leftovers
|-heal|p1a: Tyranitar|82/100 tox|[from] item: Leftovers
|-damage|p1a: Tyranitar|76/100 tox|[from] psn
|upkeep
|turn|20
|
|t:|1728154248
|-singleturn|p1a: Tyranitar|move: Focus Punch
|switch|p2a: Swampert|Swampert, M|100/100
|-damage|p2a: Swampert|88/100|[from] Spikes
|move|p1a: Tyranitar|Focus Punch|p2a: Swampert
|-damage|p2a: Swampert|36/100
|
|-weather|Sandstorm|[upkeep]
|-heal|p2a: Swampert|42/100|[from] item: Leftovers
|-heal|p1a: Tyranitar|82/100 tox|[from] item: Leftovers
|-damage|p1a: Tyranitar|69/100 tox|[from] psn
|upkeep
|turn|21
|inactive|funhouse3 has 270 seconds left.
|
|t:|1728154274
|move|p2a: Swampert|Hydro Pump|p1a: Tyranitar
|-supereffective|p1a: Tyranitar
|-crit|p1a: Tyranitar
|-damage|p1a: Tyranitar|0 fnt
|faint|p1a: Tyranitar
|
|t:|1728154280
|switch|p1a: Gengar|Gengar, F|100/100
|
|-weather|Sandstorm|[upkeep]
|-damage|p1a: Gengar|95/100|[from] Sandstorm
|-heal|p1a: Gengar|100/100|[from] item: Leftovers
|-heal|p2a: Swampert|49/100|[from] item: Leftovers
|upkeep
|turn|22
|
|t:|1728154288
|move|p1a: Gengar|Will-O-Wisp|p2a: Swampert
|-status|p2a: Swampert|brn
|move|p2a: Swampert|Hydro Pump|p1a: Gengar
|-damage|p1a: Gengar|35/100
|
|-weather|Sandstorm|[upkeep]
|-damage|p1a: Gengar|29/100|[from] Sandstorm
|-heal|p1a: Gengar|35/100|[from] item: Leftovers
|-heal|p2a: Swampert|55/100 brn|[from] item: Leftovers
|-damage|p2a: Swampert|42/100 brn|[from] brn
|upkeep
|turn|23
|
|t:|1728154300
|switch|p1a: Starmie|Starmie|94/100
|-damage|p1a: Starmie|69/100|[from] Spikes
|move|p2a: Swampert|Hydro Pump|p1a: Starmie
|-resisted|p1a: Starmie
|-damage|p1a: Starmie|33/100
|
|-weather|Sandstorm|[upkeep]
|-damage|p1a: Starmie|27/100|[from] Sandstorm
|-heal|p1a: Starmie|33/100|[from] item: Leftovers
|-heal|p2a: Swampert|49/100 brn|[from] item: Leftovers
|-damage|p2a: Swampert|36/100 brn|[from] brn
|upkeep
|turn|24
|
|t:|1728154314
|move|p1a: Starmie|Rapid Spin|p2a: Swampert
|-damage|p2a: Swampert|33/100 brn
|-sideend|p1: SqueamishCube|Spikes|[from] move: Rapid Spin|[of] p1a: Starmie
|move|p2a: Swampert|Hydro Pump|p1a: Starmie
|-resisted|p1a: Starmie
|-damage|p1a: Starmie|0 fnt
|faint|p1a: Starmie
|
|t:|1728154318
|switch|p1a: Blissey|Blissey, F, shiny|38/100
|
|-weather|Sandstorm|[upkeep]
|-damage|p1a: Blissey|31/100|[from] Sandstorm
|-heal|p2a: Swampert|40/100 brn|[from] item: Leftovers
|-damage|p2a: Swampert|27/100 brn|[from] brn
|-heal|p1a: Blissey|38/100|[from] item: Leftovers
|upkeep
|turn|25
|
|t:|1728154327
|move|p2a: Swampert|Earthquake|p1a: Blissey
|-damage|p1a: Blissey|19/100
|move|p1a: Blissey|Soft-Boiled|p1a: Blissey
|-heal|p1a: Blissey|69/100
|
|-weather|Sandstorm|[upkeep]
|-damage|p1a: Blissey|63/100|[from] Sandstorm
|-heal|p2a: Swampert|33/100 brn|[from] item: Leftovers
|-damage|p2a: Swampert|21/100 brn|[from] brn
|-heal|p1a: Blissey|69/100|[from] item: Leftovers
|upkeep
|turn|26
|
|t:|1728154338
|-singleturn|p2a: Swampert|move: Focus Punch
|move|p1a: Blissey|Ice Beam|p2a: Swampert
|-damage|p2a: Swampert|0 fnt
|faint|p2a: Swampert
|
|t:|1728154344
|switch|p2a: Aerodactyl|Aerodactyl, M|100/100
|
|-weather|Sandstorm|[upkeep]
|-damage|p1a: Blissey|63/100|[from] Sandstorm
|-heal|p1a: Blissey|69/100|[from] item: Leftovers
|upkeep
|turn|27
|
|t:|1728154353
|move|p2a: Aerodactyl|Rock Slide|p1a: Blissey
|-damage|p1a: Blissey|19/100
|move|p1a: Blissey|Ice Beam|p2a: Aerodactyl
|-supereffective|p2a: Aerodactyl
|-damage|p2a: Aerodactyl|22/100
|
|-weather|Sandstorm|[upkeep]
|-damage|p1a: Blissey|13/100|[from] Sandstorm
|-heal|p1a: Blissey|19/100|[from] item: Leftovers
|upkeep
|turn|28
|
|t:|1728154362
|move|p2a: Aerodactyl|Rock Slide|p1a: Blissey
|-damage|p1a: Blissey|0 fnt
|faint|p1a: Blissey
|
|t:|1728154364
|switch|p1a: Swampert|Swampert, F|47/100
|
|-weather|Sandstorm|[upkeep]
|-heal|p1a: Swampert|54/100|[from] item: Leftovers
|upkeep
|turn|29
|
|t:|1728154372
|move|p2a: Aerodactyl|Rock Slide|p1a: Swampert
|-resisted|p1a: Swampert
|-damage|p1a: Swampert|34/100
|cant|p1a: Swampert|flinch
|
|-weather|Sandstorm|[upkeep]
|-heal|p1a: Swampert|40/100|[from] item: Leftovers
|upkeep
|turn|30
|
|t:|1728154380
|switch|p2a: Skarmory|Skarmory, M|70/100
|move|p1a: Swampert|Ice Beam|p2a: Skarmory
|-damage|p2a: Skarmory|50/100
|
|-weather|Sandstorm|[upkeep]
|-heal|p2a: Skarmory|56/100|[from] item: Leftovers
|-heal|p1a: Swampert|46/100|[from] item: Leftovers
|upkeep
|turn|31
|
|t:|1728154394
|move|p1a: Swampert|Protect|p1a: Swampert
|-singleturn|p1a: Swampert|Protect
|move|p2a: Skarmory|Spikes|p1a: Swampert
|-sidestart|p1: SqueamishCube|Spikes
|
|-weather|Sandstorm|[upkeep]
|-heal|p2a: Skarmory|62/100|[from] item: Leftovers
|-heal|p1a: Swampert|52/100|[from] item: Leftovers
|upkeep
|turn|32
|
|t:|1728154407
|move|p2a: Skarmory|Toxic|p1a: Swampert
|-status|p1a: Swampert|tox
|move|p1a: Swampert|Hydro Pump|p2a: Skarmory
|-damage|p2a: Skarmory|28/100
|
|-weather|Sandstorm|[upkeep]
|-heal|p2a: Skarmory|34/100|[from] item: Leftovers
|-heal|p1a: Swampert|59/100 tox|[from] item: Leftovers
|-damage|p1a: Swampert|52/100 tox|[from] psn
|upkeep
|turn|33
|
|t:|1728154428
|move|p2a: Skarmory|Protect|p2a: Skarmory
|-singleturn|p2a: Skarmory|Protect
|move|p1a: Swampert|Refresh|p1a: Swampert
|-curestatus|p1a: Swampert|tox|[msg]
|
|-weather|Sandstorm|[upkeep]
|-heal|p2a: Skarmory|40/100|[from] item: Leftovers
|-heal|p1a: Swampert|59/100|[from] item: Leftovers
|upkeep
|turn|34
|
|t:|1728154441
|move|p1a: Swampert|Protect|p1a: Swampert
|-singleturn|p1a: Swampert|Protect
|move|p2a: Skarmory|Toxic|p1a: Swampert
|-activate|p1a: Swampert|Protect
|
|-weather|Sandstorm|[upkeep]
|-heal|p2a: Skarmory|46/100|[from] item: Leftovers
|-heal|p1a: Swampert|65/100|[from] item: Leftovers
|upkeep
|turn|35
|
|t:|1728154457
|switch|p1a: Gengar|Gengar, F|35/100
|move|p2a: Skarmory|Toxic|p1a: Gengar
|-immune|p1a: Gengar
|
|-weather|Sandstorm|[upkeep]
|-damage|p1a: Gengar|29/100|[from] Sandstorm
|-heal|p1a: Gengar|35/100|[from] item: Leftovers
|-heal|p2a: Skarmory|52/100|[from] item: Leftovers
|upkeep
|turn|36
|
|t:|1728154469
|move|p2a: Skarmory|Protect|p2a: Skarmory
|-singleturn|p2a: Skarmory|Protect
|move|p1a: Gengar|Thunderbolt|p2a: Skarmory
|-activate|p2a: Skarmory|Protect
|
|-weather|Sandstorm|[upkeep]
|-damage|p1a: Gengar|29/100|[from] Sandstorm
|-heal|p1a: Gengar|35/100|[from] item: Leftovers
|-heal|p2a: Skarmory|58/100|[from] item: Leftovers
|upkeep
|turn|37
|
|t:|1728154480
|move|p1a: Gengar|Thunderbolt|p2a: Skarmory
|-supereffective|p2a: Skarmory
|-damage|p2a: Skarmory|8/100
|-status|p2a: Skarmory|par
|move|p2a: Skarmory|Drill Peck|p1a: Gengar
|-damage|p1a: Gengar|0 fnt
|faint|p1a: Gengar
|
|t:|1728154483
|switch|p1a: Swampert|Swampert, F|65/100
|-damage|p1a: Swampert|52/100|[from] Spikes
|
|-weather|Sandstorm|[upkeep]
|-heal|p1a: Swampert|59/100|[from] item: Leftovers
|-heal|p2a: Skarmory|14/100 par|[from] item: Leftovers
|upkeep
|turn|38
|
|t:|1728154493
|move|p1a: Swampert|Protect|p1a: Swampert
|-singleturn|p1a: Swampert|Protect
|move|p2a: Skarmory|Drill Peck|p1a: Swampert
|-activate|p1a: Swampert|Protect
|
|-weather|Sandstorm|[upkeep]
|-heal|p1a: Swampert|65/100|[from] item: Leftovers
|-heal|p2a: Skarmory|20/100 par|[from] item: Leftovers
|upkeep
|turn|39
|
|t:|1728154509
|move|p1a: Swampert|Ice Beam|p2a: Skarmory
|-damage|p2a: Skarmory|3/100 par
|move|p2a: Skarmory|Drill Peck|p1a: Swampert
|-damage|p1a: Swampert|48/100
|
|-weather|Sandstorm|[upkeep]
|-heal|p1a: Swampert|54/100|[from] item: Leftovers
|-heal|p2a: Skarmory|9/100 par|[from] item: Leftovers
|upkeep
|turn|40
|
|t:|1728154517
|move|p1a: Swampert|Protect|p1a: Swampert
|-singleturn|p1a: Swampert|Protect
|move|p2a: Skarmory|Drill Peck|p1a: Swampert
|-activate|p1a: Swampert|Protect
|
|-weather|Sandstorm|[upkeep]
|-heal|p1a: Swampert|61/100|[from] item: Leftovers
|-heal|p2a: Skarmory|15/100 par|[from] item: Leftovers
|upkeep
|turn|41
|
|t:|1728154531
|move|p1a: Swampert|Ice Beam|p2a: Skarmory
|-damage|p2a: Skarmory|0 fnt
|faint|p2a: Skarmory
|
|t:|1728154535
|switch|p2a: Aerodactyl|Aerodactyl, M|22/100
|
|-weather|Sandstorm|[upkeep]
|-heal|p1a: Swampert|67/100|[from] item: Leftovers
|upkeep
|turn|42
|
|t:|1728154546
|move|p1a: Swampert|Protect|p1a: Swampert
|-singleturn|p1a: Swampert|Protect
|move|p2a: Aerodactyl|Double-Edge|p1a: Swampert
|-activate|p1a: Swampert|Protect
|
|-weather|Sandstorm|[upkeep]
|-heal|p1a: Swampert|73/100|[from] item: Leftovers
|upkeep
|turn|43
|
|t:|1728154554
|move|p2a: Aerodactyl|Double-Edge|p1a: Swampert
|-damage|p1a: Swampert|37/100
|move|p1a: Swampert|Ice Beam|p2a: Aerodactyl
|-supereffective|p2a: Aerodactyl
|-damage|p2a: Aerodactyl|0 fnt
|faint|p2a: Aerodactyl
|
|win|SqueamishCube
|c|☆SqueamishCube|Gg
|c|☆funhouse3|gg
|c|☆funhouse3|Do we just rematch?

</script>
<script type="application/json" class="data" id="replaydata-smogtours-gen3ou-795104">
{"id":"smogtours-gen3ou-795104","format":"[Gen 3] OU","players":["SqueamishCube","funhouse3"],"uploadtime":1728154554,"views":100,"formatid":"gen3ou","rating":null,"private":0,"password":null}
</script>

<script defer src="js/replays.js?9d40a366"></script>
