<!DOCTYPE html>
<meta charset="utf-8" />
<meta name="viewport" content="width=device-width" />

<title>[Gen 3] OU: True Lawbringer vs. lemoncholy - Replays - Pok&eacute;mon Showdown!</title>

<meta name="description" content="Watch a replay of a Pok&eacute;mon battle between True Lawbringer and lemoncholy! Format: [Gen 3] OU; Date: Oct 18, 2024" />
<!--

Hey, you! Looking in the source for the replay log?

You can find them in JSON format, just add `.json` at the end of a replay URL.

https://replay.pokemonshowdown.com/gen7randomdoublesbattle-865046831.json

Or, if you only need the log itself, add `.log` instead:

https://replay.pokemonshowdown.com/gen7randomdoublesbattle-865046831.log

-->

<link rel="stylesheet" href="//pokemonshowdown.com/style/global.css?0.767286132409787" />
<link rel="stylesheet" href="//play.pokemonshowdown.com/style/font-awesome.css?0.9266228007934947" />
<link rel="stylesheet" href="//play.pokemonshowdown.com/style/battle.css?0.7924700842790926" />
<link rel="stylesheet" href="//play.pokemonshowdown.com/style/utilichart.css?0.8777417872839479" />

<!-- Global site tag (gtag.js) - Google Analytics -->
<script async src="https://www.googletagmanager.com/gtag/js?id=UA-26211653-1"></script>
<script>
  window.dataLayer = window.dataLayer || [];
  function gtag(){dataLayer.push(arguments);}
  gtag('js', new Date());

  gtag('config', 'UA-26211653-1');
</script>
<!-- End Google Analytics -->
<!-- Venatus Ad Manager - Install in <HEAD> of page -->
	<script src="https://hb.vntsm.com/v3/live/ad-manager.min.js" type="text/javascript" data-site-id="642aba63ec9a7b11c3c9c1be" data-mode="scan" async></script>
<!-- / Venatus Ad Manager -->

<style>
	@media (max-width:820px) {
		.battle {
			margin: 0 auto;
		}
		.battle-log {
			margin: 7px auto 0;
			max-width: 640px;
			height: 300px;
			position: static;
		}
	}
	.optgroup {
		display: inline-block;
		line-height: 22px;
		font-size: 10pt;
	}
	.optgroup .button {
		height: 25px;
		padding-top: 0;
		padding-bottom: 0;
	}
	.optgroup button.button {
		padding-left: 12px;
		padding-right: 12px;
	}
	.linklist {
		list-style: none;
		margin: 0.5em 0;
		padding: 0;
	}
	.linklist li {
		padding: 2px 0;
	}
	.sidebar {
		float: left;
		width: 320px;
	}
	.bar-wrapper {
		max-width: 1100px;
		margin: 0 auto;
	}
	.bar-wrapper.has-sidebar {
		max-width: 1430px;
	}
	.mainbar {
		margin: 0;
		padding-right: 1px;
	}
	.mainbar.has-sidebar {
		margin-left: 330px;
	}
	@media (min-width: 1511px) {
		.sidebar {
			width: 400px;
		}
		.bar-wrapper.has-sidebar {
			max-width: 1510px;
		}
		.mainbar.has-sidebar {
			margin-left: 410px;
		}
	}
	.section.first-section {
		margin-top: 9px;
	}
	.blocklink small {
		white-space: normal;
	}
	.button {
		vertical-align: middle;
	}
	.replay-controls {
		padding-top: 10px;
	}
	.replay-controls h1 {
		font-size: 16pt;
		font-weight: normal;
		color: #CCC;
	}
	.pagelink {
		text-align: center;
	}
	.pagelink a {
		width: 150px;
	}
	.textbox, .button {
		font-size: 11pt;
		vertical-align: middle;
	}
	@media (max-width: 450px) {
		.button {
			font-size: 9pt;
		}
	}
</style>

<div>

	<header>
		<div class="nav-wrapper"><ul class="nav">
			<li><a class="button nav-first" href="//pokemonshowdown.com/"><img src="//pokemonshowdown.com/images/pokemonshowdownbeta.png" srcset="//pokemonshowdown.com/images/pokemonshowdownbeta.png 1x, //pokemonshowdown.com/images/pokemonshowdownbeta@2x.png 2x" alt="Pok&eacute;mon Showdown" width="146" height="44" /> Home</a></li>
			<li><a class="button" href="//pokemonshowdown.com/dex/">Pok&eacute;dex</a></li>
			<li><a class="button cur" href="/">Replays</a></li>
			<li><a class="button" href="//pokemonshowdown.com/ladder/">Ladder</a></li>
			<li><a class="button nav-last" href="//pokemonshowdown.com/forums/">Forum</a></li>
			<li><a class="button greenbutton nav-first nav-last" href="//play.pokemonshowdown.com/">Play</a></li>
		</ul></div>
	</header>

	<div class="main" id="main">

		<noscript><section class="section">You need to enable JavaScript to use this page; sorry!</section></noscript>

	</div>

</div>

<script defer nomodule src="//play.pokemonshowdown.com/js/lib/ps-polyfill.js"></script>
<script defer src="//play.pokemonshowdown.com/js/lib/preact.min.js"></script>

<script defer src="//play.pokemonshowdown.com/config/config.js?6dec07f6"></script>
<script defer src="//play.pokemonshowdown.com/js/lib/jquery-1.11.0.min.js"></script>
<script defer src="//play.pokemonshowdown.com/js/lib/html-sanitizer-minified.js"></script>
<script defer src="//play.pokemonshowdown.com/js/battle-sound.js"></script>
<script defer src="//play.pokemonshowdown.com/js/battledata.js?0.6315294753075389"></script>
<script defer src="//play.pokemonshowdown.com/data/pokedex-mini.js?0.7603743185311358"></script>
<script defer src="//play.pokemonshowdown.com/data/pokedex-mini-bw.js?0.030888842834281283"></script>
<script defer src="//play.pokemonshowdown.com/data/graphics.js?0.05593094747507488"></script>
<script defer src="//play.pokemonshowdown.com/data/pokedex.js?0.47064822249611904"></script>
<script defer src="//play.pokemonshowdown.com/data/moves.js?0.8583693120512459"></script>
<script defer src="//play.pokemonshowdown.com/data/abilities.js?0.16017181182386842"></script>
<script defer src="//play.pokemonshowdown.com/data/items.js?0.4163379185673943"></script>
<script defer src="//play.pokemonshowdown.com/data/teambuilder-tables.js?0.31075597372830477"></script>
<script defer src="//play.pokemonshowdown.com/js/battle-tooltips.js?0.6536193500708172"></script>
<script defer src="//play.pokemonshowdown.com/js/battle.js?0.1916591943277901"></script>

<script defer src="js/utils.js?e31f9a17"></script>
<script defer src="js/replays-battle.js?7008c182"></script>

<!-- don't scrape this data! just add .json or .log after the URL!
Full API docs: https://github.com/smogon/pokemon-showdown-client/blob/master/WEB-API.md -->
<script type="text/plain" class="log" id="replaylog-smogtours-gen3ou-799523">
|inactive|Battle timer is ON: inactive players will automatically lose when time's up.
|t:|1729264295
|gametype|singles
|player|p1|True Lawbringer|steven|
|player|p2|lemoncholy|will|
|teamsize|p1|6
|teamsize|p2|6
|gen|3
|tier|[Gen 3] OU
|rule|Sleep Clause Mod: Limit one foe put to sleep
|rule|Switch Priority Clause Mod: Faster Pokémon switch first
|rule|Species Clause: Limit one of each Pokémon
|rule|OHKO Clause: OHKO moves are banned
|rule|Evasion Items Clause: Evasion items are banned
|rule|Evasion Moves Clause: Evasion moves are banned
|rule|Endless Battle Clause: Forcing endless battles is banned
|rule|HP Percentage Mod: HP is shown in percentages
|rule|One Boost Passer Clause: Limit one Baton Passer that has a way to boost its stats
|rule|Freeze Clause Mod: Limit one foe frozen
|
|t:|1729264295
|start
|switch|p1a: Zapdos|Zapdos|100/100
|switch|p2a: Tyranitar|Tyranitar, F|100/100
|-weather|Sandstorm|[from] ability: Sand Stream|[of] p2a: Tyranitar
|turn|1
|
|t:|1729264316
|switch|p1a: Skarmory|Skarmory, M|100/100
|move|p2a: Tyranitar|Rock Slide|p1a: Skarmory
|-damage|p1a: Skarmory|67/100
|
|-weather|Sandstorm|[upkeep]
|-heal|p1a: Skarmory|73/100|[from] item: Leftovers
|upkeep
|turn|2
|
|t:|1729264324
|-singleturn|p2a: Tyranitar|move: Focus Punch
|move|p1a: Skarmory|Spikes|p2a: Tyranitar
|-sidestart|p2: lemoncholy|Spikes
|move|p2a: Tyranitar|Focus Punch|p1a: Skarmory
|-damage|p1a: Skarmory|31/100
|
|-weather|Sandstorm|[upkeep]
|-heal|p1a: Skarmory|37/100|[from] item: Leftovers
|upkeep
|turn|3
|
|t:|1729264345
|switch|p1a: Celebi|Celebi|100/100
|move|p2a: Tyranitar|Rock Slide|p1a: Celebi
|-damage|p1a: Celebi|66/100
|
|-weather|Sandstorm|[upkeep]
|-damage|p1a: Celebi|59/100|[from] Sandstorm
|-heal|p1a: Celebi|66/100|[from] item: Leftovers
|upkeep
|turn|4
|
|t:|1729264357
|switch|p2a: Houndoom|Houndoom, F|100/100
|-damage|p2a: Houndoom|88/100|[from] Spikes
|move|p1a: Celebi|Leech Seed|p2a: Houndoom
|-start|p2a: Houndoom|move: Leech Seed
|
|-weather|Sandstorm|[upkeep]
|-damage|p2a: Houndoom|82/100|[from] Sandstorm
|-damage|p1a: Celebi|59/100|[from] Sandstorm
|-heal|p2a: Houndoom|88/100|[from] item: Leftovers
|-damage|p2a: Houndoom|76/100|[from] Leech Seed|[of] p1a: Celebi
|-heal|p1a: Celebi|69/100|[silent]
|-heal|p1a: Celebi|75/100|[from] item: Leftovers
|upkeep
|turn|5
|
|t:|1729264375
|-activate|p1a: Celebi|move: Pursuit
|move|p2a: Houndoom|Pursuit|p1a: Celebi|[from]Pursuit
|-supereffective|p1a: Celebi
|-damage|p1a: Celebi|18/100
|switch|p1a: Dugtrio|Dugtrio, M|100/100
|
|-weather|Sandstorm|[upkeep]
|-damage|p2a: Houndoom|70/100|[from] Sandstorm
|-heal|p2a: Houndoom|76/100|[from] item: Leftovers
|-damage|p2a: Houndoom|63/100|[from] Leech Seed|[of] p1a: Dugtrio
|upkeep
|turn|6
|
|t:|1729264382
|move|p1a: Dugtrio|Earthquake|p2a: Houndoom
|-supereffective|p2a: Houndoom
|-damage|p2a: Houndoom|0 fnt
|faint|p2a: Houndoom
|
|t:|1729264394
|switch|p2a: Porygon2|Porygon2|100/100
|-damage|p2a: Porygon2|88/100|[from] Spikes
|-ability|p2a: Porygon2|Arena Trap|[from] ability: Trace|[of] p1a: Dugtrio
|
|-weather|Sandstorm|[upkeep]
|-damage|p2a: Porygon2|82/100|[from] Sandstorm
|-heal|p2a: Porygon2|88/100|[from] item: Leftovers
|upkeep
|turn|7
|
|t:|1729264402
|move|p1a: Dugtrio|Earthquake|p2a: Porygon2
|-damage|p2a: Porygon2|43/100
|move|p2a: Porygon2|Recover|p2a: Porygon2
|-heal|p2a: Porygon2|93/100
|
|-weather|Sandstorm|[upkeep]
|-damage|p2a: Porygon2|87/100|[from] Sandstorm
|-heal|p2a: Porygon2|93/100|[from] item: Leftovers
|upkeep
|turn|8
|
|t:|1729264411
|move|p1a: Dugtrio|Earthquake|p2a: Porygon2
|-damage|p2a: Porygon2|50/100
|move|p2a: Porygon2|Recover|p2a: Porygon2
|-heal|p2a: Porygon2|99/100
|
|-weather|Sandstorm|[upkeep]
|-damage|p2a: Porygon2|94/100|[from] Sandstorm
|-heal|p2a: Porygon2|99/100|[from] item: Leftovers
|upkeep
|turn|9
|
|t:|1729264419
|move|p1a: Dugtrio|Earthquake|p2a: Porygon2
|-damage|p2a: Porygon2|57/100
|move|p2a: Porygon2|Recover|p2a: Porygon2
|-heal|p2a: Porygon2|100/100
|
|-weather|Sandstorm|[upkeep]
|-damage|p2a: Porygon2|94/100|[from] Sandstorm
|-heal|p2a: Porygon2|100/100|[from] item: Leftovers
|upkeep
|turn|10
|
|t:|1729264423
|move|p1a: Dugtrio|Earthquake|p2a: Porygon2
|-damage|p2a: Porygon2|59/100
|move|p2a: Porygon2|Recover|p2a: Porygon2
|-heal|p2a: Porygon2|100/100
|
|-weather|Sandstorm|[upkeep]
|-damage|p2a: Porygon2|94/100|[from] Sandstorm
|-heal|p2a: Porygon2|100/100|[from] item: Leftovers
|upkeep
|turn|11
|
|t:|1729264425
|move|p1a: Dugtrio|Earthquake|p2a: Porygon2
|-damage|p2a: Porygon2|61/100
|move|p2a: Porygon2|Recover|p2a: Porygon2
|-heal|p2a: Porygon2|100/100
|
|-weather|Sandstorm|[upkeep]
|-damage|p2a: Porygon2|94/100|[from] Sandstorm
|-heal|p2a: Porygon2|100/100|[from] item: Leftovers
|upkeep
|turn|12
|
|t:|1729264452
|move|p1a: Dugtrio|Earthquake|p2a: Porygon2
|-damage|p2a: Porygon2|59/100
|move|p2a: Porygon2|Recover|p2a: Porygon2
|-heal|p2a: Porygon2|100/100
|
|-weather|Sandstorm|[upkeep]
|-damage|p2a: Porygon2|94/100|[from] Sandstorm
|-heal|p2a: Porygon2|100/100|[from] item: Leftovers
|upkeep
|turn|13
|
|t:|1729264464
|move|p1a: Dugtrio|Earthquake|p2a: Porygon2
|-damage|p2a: Porygon2|56/100
|move|p2a: Porygon2|Recover|p2a: Porygon2
|-heal|p2a: Porygon2|100/100
|
|-weather|Sandstorm|[upkeep]
|-damage|p2a: Porygon2|94/100|[from] Sandstorm
|-heal|p2a: Porygon2|100/100|[from] item: Leftovers
|upkeep
|turn|14
|
|t:|1729264466
|move|p1a: Dugtrio|Earthquake|p2a: Porygon2
|-damage|p2a: Porygon2|59/100
|move|p2a: Porygon2|Recover|p2a: Porygon2
|-heal|p2a: Porygon2|100/100
|
|-weather|Sandstorm|[upkeep]
|-damage|p2a: Porygon2|94/100|[from] Sandstorm
|-heal|p2a: Porygon2|100/100|[from] item: Leftovers
|upkeep
|turn|15
|
|t:|1729264468
|move|p1a: Dugtrio|Earthquake|p2a: Porygon2
|-damage|p2a: Porygon2|59/100
|move|p2a: Porygon2|Recover|p2a: Porygon2
|-heal|p2a: Porygon2|100/100
|
|-weather|Sandstorm|[upkeep]
|-damage|p2a: Porygon2|94/100|[from] Sandstorm
|-heal|p2a: Porygon2|100/100|[from] item: Leftovers
|upkeep
|turn|16
|
|t:|1729264476
|move|p1a: Dugtrio|Earthquake|p2a: Porygon2
|-damage|p2a: Porygon2|56/100
|move|p2a: Porygon2|Recover|p2a: Porygon2
|-heal|p2a: Porygon2|100/100
|
|-weather|Sandstorm|[upkeep]
|-damage|p2a: Porygon2|94/100|[from] Sandstorm
|-heal|p2a: Porygon2|100/100|[from] item: Leftovers
|upkeep
|turn|17
|
|t:|1729264483
|move|p1a: Dugtrio|Earthquake|p2a: Porygon2
|-damage|p2a: Porygon2|62/100
|move|p2a: Porygon2|Recover|p2a: Porygon2
|-heal|p2a: Porygon2|100/100
|
|-weather|Sandstorm|[upkeep]
|-damage|p2a: Porygon2|94/100|[from] Sandstorm
|-heal|p2a: Porygon2|100/100|[from] item: Leftovers
|upkeep
|turn|18
|
|t:|1729264494
|move|p1a: Dugtrio|Earthquake|p2a: Porygon2
|-damage|p2a: Porygon2|58/100
|move|p2a: Porygon2|Recover|p2a: Porygon2
|-heal|p2a: Porygon2|100/100
|
|-weather|Sandstorm|[upkeep]
|-damage|p2a: Porygon2|94/100|[from] Sandstorm
|-heal|p2a: Porygon2|100/100|[from] item: Leftovers
|upkeep
|turn|19
|
|t:|1729264506
|move|p1a: Dugtrio|Earthquake|p2a: Porygon2
|-damage|p2a: Porygon2|59/100
|move|p2a: Porygon2|Recover|p2a: Porygon2
|-heal|p2a: Porygon2|100/100
|
|-weather|Sandstorm|[upkeep]
|-damage|p2a: Porygon2|94/100|[from] Sandstorm
|-heal|p2a: Porygon2|100/100|[from] item: Leftovers
|upkeep
|turn|20
|
|t:|1729264518
|move|p1a: Dugtrio|Earthquake|p2a: Porygon2
|-damage|p2a: Porygon2|59/100
|move|p2a: Porygon2|Recover|p2a: Porygon2
|-heal|p2a: Porygon2|100/100
|
|-weather|Sandstorm|[upkeep]
|-damage|p2a: Porygon2|94/100|[from] Sandstorm
|-heal|p2a: Porygon2|100/100|[from] item: Leftovers
|upkeep
|turn|21
|
|t:|1729264528
|move|p1a: Dugtrio|Earthquake|p2a: Porygon2
|-damage|p2a: Porygon2|59/100
|move|p2a: Porygon2|Recover|p2a: Porygon2
|-heal|p2a: Porygon2|100/100
|
|-weather|Sandstorm|[upkeep]
|-damage|p2a: Porygon2|94/100|[from] Sandstorm
|-heal|p2a: Porygon2|100/100|[from] item: Leftovers
|upkeep
|turn|22
|
|t:|1729264548
|move|p1a: Dugtrio|Struggle|p2a: Porygon2
|-damage|p2a: Porygon2|86/100
|-damage|p1a: Dugtrio|94/100|[from] Recoil|[of] p2a: Porygon2
|move|p2a: Porygon2|Ice Beam|p1a: Dugtrio
|-supereffective|p1a: Dugtrio
|-damage|p1a: Dugtrio|0 fnt
|faint|p1a: Dugtrio
|
|t:|1729264560
|switch|p1a: Celebi|Celebi|18/100
|
|-weather|Sandstorm|[upkeep]
|-damage|p1a: Celebi|12/100|[from] Sandstorm
|-damage|p2a: Porygon2|80/100|[from] Sandstorm
|-heal|p1a: Celebi|18/100|[from] item: Leftovers
|-heal|p2a: Porygon2|86/100|[from] item: Leftovers
|upkeep
|turn|23
|
|t:|1729264582
|move|p1a: Celebi|Recover|p1a: Celebi
|-heal|p1a: Celebi|68/100
|move|p2a: Porygon2|Ice Beam|p1a: Celebi
|-supereffective|p1a: Celebi
|-damage|p1a: Celebi|39/100
|
|-weather|Sandstorm|[upkeep]
|-damage|p1a: Celebi|33/100|[from] Sandstorm
|-damage|p2a: Porygon2|80/100|[from] Sandstorm
|-heal|p1a: Celebi|39/100|[from] item: Leftovers
|-heal|p2a: Porygon2|86/100|[from] item: Leftovers
|upkeep
|turn|24
|
|t:|1729264594
|switch|p2a: Flygon|Flygon, M, shiny|100/100
|move|p1a: Celebi|Leech Seed|p2a: Flygon
|-start|p2a: Flygon|move: Leech Seed
|
|-weather|Sandstorm|[upkeep]
|-damage|p1a: Celebi|33/100|[from] Sandstorm
|-damage|p2a: Flygon|88/100|[from] Leech Seed|[of] p1a: Celebi
|-heal|p1a: Celebi|42/100|[silent]
|-heal|p1a: Celebi|48/100|[from] item: Leftovers
|upkeep
|turn|25
|
|t:|1729264605
|switch|p2a: Jirachi|Jirachi|100/100
|-damage|p2a: Jirachi|88/100|[from] Spikes
|switch|p1a: Skarmory|Skarmory, M|37/100
|
|-weather|Sandstorm|[upkeep]
|-heal|p2a: Jirachi|94/100|[from] item: Leftovers
|-heal|p1a: Skarmory|43/100|[from] item: Leftovers
|upkeep
|turn|26
|
|t:|1729264616
|switch|p1a: Swampert|Swampert, M|100/100
|move|p2a: Jirachi|Thunderbolt|p1a: Swampert
|-immune|p1a: Swampert
|
|-weather|Sandstorm|[upkeep]
|-heal|p2a: Jirachi|100/100|[from] item: Leftovers
|upkeep
|turn|27
|
|t:|1729264625
|switch|p2a: Porygon2|Porygon2|86/100
|-damage|p2a: Porygon2|74/100|[from] Spikes
|-ability|p2a: Porygon2|Torrent|[from] ability: Trace|[of] p1a: Swampert
|switch|p1a: Celebi|Celebi|48/100
|
|-weather|Sandstorm|[upkeep]
|-damage|p1a: Celebi|42/100|[from] Sandstorm
|-damage|p2a: Porygon2|68/100|[from] Sandstorm
|-heal|p1a: Celebi|48/100|[from] item: Leftovers
|-heal|p2a: Porygon2|74/100|[from] item: Leftovers
|upkeep
|turn|28
|
|t:|1729264637
|move|p1a: Celebi|Recover|p1a: Celebi
|-heal|p1a: Celebi|98/100
|move|p2a: Porygon2|Thunder Wave|p1a: Celebi
|-status|p1a: Celebi|par
|
|-weather|Sandstorm|[upkeep]
|-damage|p2a: Porygon2|68/100|[from] Sandstorm
|-damage|p1a: Celebi|92/100 par|[from] Sandstorm
|-heal|p2a: Porygon2|74/100|[from] item: Leftovers
|-heal|p1a: Celebi|98/100 par|[from] item: Leftovers
|upkeep
|turn|29
|inactive|True Lawbringer has 270 seconds left.
|
|t:|1729264677
|move|p2a: Porygon2|Ice Beam|p1a: Celebi
|-supereffective|p1a: Celebi
|-crit|p1a: Celebi
|-damage|p1a: Celebi|32/100 par
|move|p1a: Celebi|Leech Seed|p2a: Porygon2
|-start|p2a: Porygon2|move: Leech Seed
|
|-weather|Sandstorm|[upkeep]
|-damage|p2a: Porygon2|68/100|[from] Sandstorm
|-damage|p1a: Celebi|26/100 par|[from] Sandstorm
|-heal|p2a: Porygon2|74/100|[from] item: Leftovers
|-damage|p2a: Porygon2|62/100|[from] Leech Seed|[of] p1a: Celebi
|-heal|p1a: Celebi|37/100 par|[silent]
|-heal|p1a: Celebi|43/100 par|[from] item: Leftovers
|upkeep
|turn|30
|inactive|True Lawbringer has 270 seconds left.
|
|t:|1729264692
|-curestatus|p1a: Celebi|par|[from] ability: Natural Cure
|switch|p1a: Skarmory|Skarmory, M|43/100
|move|p2a: Porygon2|Recover|p2a: Porygon2
|-heal|p2a: Porygon2|100/100
|
|-weather|Sandstorm|[upkeep]
|-damage|p2a: Porygon2|94/100|[from] Sandstorm
|-heal|p1a: Skarmory|49/100|[from] item: Leftovers
|-heal|p2a: Porygon2|100/100|[from] item: Leftovers
|-damage|p2a: Porygon2|88/100|[from] Leech Seed|[of] p1a: Skarmory
|-heal|p1a: Skarmory|63/100|[silent]
|upkeep
|turn|31
|
|t:|1729264715
|move|p1a: Skarmory|Spikes|p2a: Porygon2
|-sidestart|p2: lemoncholy|Spikes
|move|p2a: Porygon2|Thunder Wave|p1a: Skarmory
|-status|p1a: Skarmory|par
|
|-weather|Sandstorm|[upkeep]
|-damage|p2a: Porygon2|82/100|[from] Sandstorm
|-heal|p2a: Porygon2|88/100|[from] item: Leftovers
|-damage|p2a: Porygon2|76/100|[from] Leech Seed|[of] p1a: Skarmory
|-heal|p1a: Skarmory|77/100 par|[silent]
|-heal|p1a: Skarmory|83/100 par|[from] item: Leftovers
|upkeep
|turn|32
|inactive|True Lawbringer has 240 seconds left.
|
|t:|1729264736
|switch|p2a: Starmie|Starmie|100/100
|-damage|p2a: Starmie|84/100|[from] Spikes
|move|p1a: Skarmory|Toxic|p2a: Starmie|[miss]
|-miss|p1a: Skarmory|p2a: Starmie
|
|-weather|Sandstorm|[upkeep]
|-damage|p2a: Starmie|78/100|[from] Sandstorm
|-heal|p2a: Starmie|84/100|[from] item: Leftovers
|-heal|p1a: Skarmory|89/100 par|[from] item: Leftovers
|upkeep
|turn|33
|
|t:|1729264744
|switch|p1a: Zapdos|Zapdos|100/100
|move|p2a: Starmie|Surf|p1a: Zapdos
|-damage|p1a: Zapdos|77/100
|
|-weather|Sandstorm|[upkeep]
|-damage|p2a: Starmie|78/100|[from] Sandstorm
|-damage|p1a: Zapdos|71/100|[from] Sandstorm
|-heal|p2a: Starmie|84/100|[from] item: Leftovers
|-heal|p1a: Zapdos|77/100|[from] item: Leftovers
|upkeep
|turn|34
|
|t:|1729264751
|switch|p2a: Flygon|Flygon, M, shiny|88/100
|move|p1a: Zapdos|Thunderbolt|p2a: Flygon
|-immune|p2a: Flygon
|
|-weather|Sandstorm|[upkeep]
|-damage|p1a: Zapdos|71/100|[from] Sandstorm
|-heal|p2a: Flygon|94/100|[from] item: Leftovers
|-heal|p1a: Zapdos|77/100|[from] item: Leftovers
|upkeep
|turn|35
|
|t:|1729264770
|switch|p1a: Skarmory|Skarmory, M|89/100 par
|move|p2a: Flygon|Rock Slide|p1a: Skarmory
|-damage|p1a: Skarmory|72/100 par
|
|-weather|Sandstorm|[upkeep]
|-heal|p2a: Flygon|99/100|[from] item: Leftovers
|-heal|p1a: Skarmory|78/100 par|[from] item: Leftovers
|upkeep
|turn|36
|
|t:|1729264786
|switch|p1a: Zapdos|Zapdos|77/100
|move|p2a: Flygon|Substitute|p2a: Flygon
|-start|p2a: Flygon|Substitute
|-damage|p2a: Flygon|75/100
|
|-weather|Sandstorm|[upkeep]
|-damage|p1a: Zapdos|71/100|[from] Sandstorm
|-heal|p2a: Flygon|81/100|[from] item: Leftovers
|-heal|p1a: Zapdos|77/100|[from] item: Leftovers
|upkeep
|turn|37
|
|t:|1729264797
|switch|p1a: Swampert|Swampert, M|100/100
|move|p2a: Flygon|Rock Slide|p1a: Swampert
|-resisted|p1a: Swampert
|-damage|p1a: Swampert|92/100
|
|-weather|Sandstorm|[upkeep]
|-heal|p2a: Flygon|87/100|[from] item: Leftovers
|-heal|p1a: Swampert|99/100|[from] item: Leftovers
|upkeep
|turn|38
|
|t:|1729264801
|move|p2a: Flygon|Earthquake|p1a: Swampert
|-damage|p1a: Swampert|70/100
|move|p1a: Swampert|Surf|p2a: Flygon
|-end|p2a: Flygon|Substitute
|
|-weather|Sandstorm|[upkeep]
|-heal|p2a: Flygon|93/100|[from] item: Leftovers
|-heal|p1a: Swampert|76/100|[from] item: Leftovers
|upkeep
|turn|39
|inactive|True Lawbringer has 240 seconds left.
|
|t:|1729264837
|switch|p2a: Porygon2|Porygon2|76/100
|-damage|p2a: Porygon2|59/100|[from] Spikes
|-ability|p2a: Porygon2|Torrent|[from] ability: Trace|[of] p1a: Swampert
|move|p1a: Swampert|Surf|p2a: Porygon2
|-crit|p2a: Porygon2
|-damage|p2a: Porygon2|3/100
|
|-weather|Sandstorm|[upkeep]
|-damage|p2a: Porygon2|0 fnt|[from] Sandstorm
|faint|p2a: Porygon2
|-heal|p1a: Swampert|83/100|[from] item: Leftovers
|upkeep
|
|t:|1729264847
|switch|p2a: Starmie|Starmie|84/100
|-damage|p2a: Starmie|67/100|[from] Spikes
|turn|40
|inactive|True Lawbringer has 240 seconds left.
|
|t:|1729264853
|move|p2a: Starmie|Rapid Spin|p1a: Swampert
|-damage|p1a: Swampert|80/100
|-sideend|p2: lemoncholy|Spikes|[from] move: Rapid Spin|[of] p2a: Starmie
|move|p1a: Swampert|Toxic|p2a: Starmie|[miss]
|-miss|p1a: Swampert|p2a: Starmie
|
|-weather|Sandstorm|[upkeep]
|-damage|p2a: Starmie|61/100|[from] Sandstorm
|-heal|p2a: Starmie|67/100|[from] item: Leftovers
|-heal|p1a: Swampert|87/100|[from] item: Leftovers
|upkeep
|turn|41
|
|t:|1729264862
|move|p2a: Starmie|Surf|p1a: Swampert
|-damage|p1a: Swampert|59/100
|move|p1a: Swampert|Toxic|p2a: Starmie
|-status|p2a: Starmie|tox
|
|-weather|Sandstorm|[upkeep]
|-damage|p2a: Starmie|61/100 tox|[from] Sandstorm
|-heal|p2a: Starmie|67/100 tox|[from] item: Leftovers
|-damage|p2a: Starmie|61/100 tox|[from] psn
|-heal|p1a: Swampert|65/100|[from] item: Leftovers
|upkeep
|turn|42
|
|t:|1729264867
|move|p2a: Starmie|Recover|p2a: Starmie
|-heal|p2a: Starmie|100/100 tox
|move|p1a: Swampert|Surf|p2a: Starmie
|-resisted|p2a: Starmie
|-damage|p2a: Starmie|82/100 tox
|
|-weather|Sandstorm|[upkeep]
|-damage|p2a: Starmie|76/100 tox|[from] Sandstorm
|-heal|p2a: Starmie|82/100 tox|[from] item: Leftovers
|-damage|p2a: Starmie|70/100 tox|[from] psn
|-heal|p1a: Swampert|71/100|[from] item: Leftovers
|upkeep
|turn|43
|
|t:|1729264879
|-curestatus|p2a: Starmie|tox|[from] ability: Natural Cure
|switch|p2a: Jirachi|Jirachi|100/100
|move|p1a: Swampert|Surf|p2a: Jirachi
|-damage|p2a: Jirachi|77/100
|
|-weather|Sandstorm|[upkeep]
|-heal|p2a: Jirachi|83/100|[from] item: Leftovers
|-heal|p1a: Swampert|78/100|[from] item: Leftovers
|upkeep
|turn|44
|
|t:|1729264900
|move|p1a: Swampert|Protect|p1a: Swampert
|-singleturn|p1a: Swampert|Protect
|move|p2a: Jirachi|Calm Mind|p2a: Jirachi
|-boost|p2a: Jirachi|spa|1
|-boost|p2a: Jirachi|spd|1
|
|-weather|Sandstorm|[upkeep]
|-heal|p2a: Jirachi|89/100|[from] item: Leftovers
|-heal|p1a: Swampert|84/100|[from] item: Leftovers
|upkeep
|turn|45
|
|t:|1729264914
|switch|p1a: Tyranitar|Tyranitar, M|100/100
|move|p2a: Jirachi|Ice Punch|p1a: Tyranitar
|-damage|p1a: Tyranitar|71/100
|
|-weather|Sandstorm|[upkeep]
|-heal|p2a: Jirachi|96/100|[from] item: Leftovers
|-heal|p1a: Tyranitar|77/100|[from] item: Leftovers
|upkeep
|turn|46
|
|t:|1729264921
|switch|p2a: Flygon|Flygon, M, shiny|93/100
|move|p1a: Tyranitar|Earthquake|p2a: Flygon
|-immune|p2a: Flygon
|
|-weather|Sandstorm|[upkeep]
|-heal|p2a: Flygon|99/100|[from] item: Leftovers
|-heal|p1a: Tyranitar|83/100|[from] item: Leftovers
|upkeep
|turn|47
|
|t:|1729264932
|switch|p2a: Starmie|Starmie|70/100
|switch|p1a: Swampert|Swampert, M|84/100
|
|-weather|Sandstorm|[upkeep]
|-damage|p2a: Starmie|64/100|[from] Sandstorm
|-heal|p2a: Starmie|70/100|[from] item: Leftovers
|-heal|p1a: Swampert|90/100|[from] item: Leftovers
|upkeep
|turn|48
|inactive|True Lawbringer has 240 seconds left.
|
|t:|1729264965
|move|p2a: Starmie|Surf|p1a: Swampert
|-damage|p1a: Swampert|58/100
|move|p1a: Swampert|Toxic|p2a: Starmie
|-status|p2a: Starmie|tox
|
|-weather|Sandstorm|[upkeep]
|-damage|p2a: Starmie|64/100 tox|[from] Sandstorm
|-heal|p2a: Starmie|70/100 tox|[from] item: Leftovers
|-damage|p2a: Starmie|64/100 tox|[from] psn
|-heal|p1a: Swampert|64/100|[from] item: Leftovers
|upkeep
|turn|49
|inactive|True Lawbringer has 240 seconds left.
|
|t:|1729264988
|move|p2a: Starmie|Surf|p1a: Swampert
|-damage|p1a: Swampert|33/100
|move|p1a: Swampert|Surf|p2a: Starmie
|-resisted|p2a: Starmie
|-damage|p2a: Starmie|37/100 tox
|
|-weather|Sandstorm|[upkeep]
|-damage|p2a: Starmie|30/100 tox|[from] Sandstorm
|-heal|p2a: Starmie|37/100 tox|[from] item: Leftovers
|-damage|p2a: Starmie|24/100 tox|[from] psn
|-heal|p1a: Swampert|40/100|[from] item: Leftovers
|upkeep
|turn|50
|
|t:|1729264994
|move|p2a: Starmie|Recover|p2a: Starmie
|-heal|p2a: Starmie|74/100 tox
|move|p1a: Swampert|Surf|p2a: Starmie
|-resisted|p2a: Starmie
|-damage|p2a: Starmie|59/100 tox
|
|-weather|Sandstorm|[upkeep]
|-damage|p2a: Starmie|52/100 tox|[from] Sandstorm
|-heal|p2a: Starmie|59/100 tox|[from] item: Leftovers
|-damage|p2a: Starmie|40/100 tox|[from] psn
|-heal|p1a: Swampert|46/100|[from] item: Leftovers
|upkeep
|turn|51
|
|t:|1729265004
|-curestatus|p2a: Starmie|tox|[from] ability: Natural Cure
|switch|p2a: Jirachi|Jirachi|96/100
|switch|p1a: Tyranitar|Tyranitar, M|83/100
|
|-weather|Sandstorm|[upkeep]
|-heal|p2a: Jirachi|100/100|[from] item: Leftovers
|-heal|p1a: Tyranitar|90/100|[from] item: Leftovers
|upkeep
|turn|52
|
|t:|1729265010
|-singleturn|p1a: Tyranitar|move: Focus Punch
|switch|p2a: Flygon|Flygon, M, shiny|99/100
|move|p1a: Tyranitar|Focus Punch|p2a: Flygon
|-damage|p2a: Flygon|21/100
|
|-weather|Sandstorm|[upkeep]
|-heal|p2a: Flygon|27/100|[from] item: Leftovers
|-heal|p1a: Tyranitar|96/100|[from] item: Leftovers
|upkeep
|turn|53
|inactive|True Lawbringer has 240 seconds left.
|
|t:|1729265026
|switch|p1a: Celebi|Celebi|43/100
|move|p2a: Flygon|Earthquake|p1a: Celebi
|-resisted|p1a: Celebi
|-damage|p1a: Celebi|26/100
|
|-weather|Sandstorm|[upkeep]
|-damage|p1a: Celebi|20/100|[from] Sandstorm
|-heal|p2a: Flygon|33/100|[from] item: Leftovers
|-heal|p1a: Celebi|26/100|[from] item: Leftovers
|upkeep
|turn|54
|
|t:|1729265048
|move|p2a: Flygon|Hidden Power|p1a: Celebi
|-supereffective|p1a: Celebi
|-damage|p1a: Celebi|0 fnt
|faint|p1a: Celebi
|
|t:|1729265055
|switch|p1a: Swampert|Swampert, M|46/100
|
|-weather|Sandstorm|[upkeep]
|-heal|p2a: Flygon|39/100|[from] item: Leftovers
|-heal|p1a: Swampert|52/100|[from] item: Leftovers
|upkeep
|turn|55
|
|t:|1729265060
|switch|p2a: Jirachi|Jirachi|100/100
|move|p1a: Swampert|Surf|p2a: Jirachi
|-damage|p2a: Jirachi|77/100
|
|-weather|Sandstorm|[upkeep]
|-heal|p2a: Jirachi|84/100|[from] item: Leftovers
|-heal|p1a: Swampert|58/100|[from] item: Leftovers
|upkeep
|turn|56
|
|t:|1729265073
|switch|p2a: Flygon|Flygon, M, shiny|39/100
|switch|p1a: Zapdos|Zapdos|77/100
|
|-weather|Sandstorm|[upkeep]
|-damage|p1a: Zapdos|71/100|[from] Sandstorm
|-heal|p2a: Flygon|45/100|[from] item: Leftovers
|-heal|p1a: Zapdos|77/100|[from] item: Leftovers
|upkeep
|turn|57
|
|t:|1729265084
|move|p2a: Flygon|Rock Slide|p1a: Zapdos
|-supereffective|p1a: Zapdos
|-damage|p1a: Zapdos|30/100
|move|p1a: Zapdos|Toxic|p2a: Flygon|[miss]
|-miss|p1a: Zapdos|p2a: Flygon
|
|-weather|Sandstorm|[upkeep]
|-damage|p1a: Zapdos|24/100|[from] Sandstorm
|-heal|p2a: Flygon|51/100|[from] item: Leftovers
|-heal|p1a: Zapdos|30/100|[from] item: Leftovers
|upkeep
|turn|58
|inactive|True Lawbringer has 240 seconds left.
|c|☆True Lawbringer|i miss toxic so much lmao
|c|☆True Lawbringer|i think thats game tbh
|
|t:|1729265101
|switch|p1a: Swampert|Swampert, M|58/100
|move|p2a: Flygon|Rock Slide|p1a: Swampert
|-resisted|p1a: Swampert
|-damage|p1a: Swampert|51/100
|
|-weather|Sandstorm|[upkeep]
|-heal|p2a: Flygon|57/100|[from] item: Leftovers
|-heal|p1a: Swampert|57/100|[from] item: Leftovers
|upkeep
|turn|59
|
|t:|1729265115
|switch|p2a: Starmie|Starmie|40/100
|switch|p1a: Tyranitar|Tyranitar, M|96/100
|
|-weather|Sandstorm|[upkeep]
|-damage|p2a: Starmie|34/100|[from] Sandstorm
|-heal|p2a: Starmie|40/100|[from] item: Leftovers
|-heal|p1a: Tyranitar|100/100|[from] item: Leftovers
|upkeep
|turn|60
|inactive|True Lawbringer has 240 seconds left.
|
|t:|1729265139
|switch|p2a: Flygon|Flygon, M, shiny|57/100
|switch|p1a: Skarmory|Skarmory, M|78/100 par
|
|-weather|Sandstorm|[upkeep]
|-heal|p2a: Flygon|63/100|[from] item: Leftovers
|-heal|p1a: Skarmory|84/100 par|[from] item: Leftovers
|upkeep
|turn|61
|
|t:|1729265143
|switch|p2a: Starmie|Starmie|40/100
|move|p1a: Skarmory|Spikes|p2a: Starmie
|-sidestart|p2: lemoncholy|Spikes
|
|-weather|Sandstorm|[upkeep]
|-damage|p2a: Starmie|34/100|[from] Sandstorm
|-heal|p2a: Starmie|40/100|[from] item: Leftovers
|-heal|p1a: Skarmory|90/100 par|[from] item: Leftovers
|upkeep
|turn|62
|
|t:|1729265148
|move|p2a: Starmie|Recover|p2a: Starmie
|-heal|p2a: Starmie|90/100
|move|p1a: Skarmory|Toxic|p2a: Starmie
|-status|p2a: Starmie|tox
|
|-weather|Sandstorm|[upkeep]
|-damage|p2a: Starmie|84/100 tox|[from] Sandstorm
|-heal|p2a: Starmie|90/100 tox|[from] item: Leftovers
|-damage|p2a: Starmie|84/100 tox|[from] psn
|-heal|p1a: Skarmory|96/100 par|[from] item: Leftovers
|upkeep
|turn|63
|
|t:|1729265155
|-curestatus|p2a: Starmie|tox|[from] ability: Natural Cure
|switch|p2a: Jirachi|Jirachi|84/100
|-damage|p2a: Jirachi|71/100|[from] Spikes
|cant|p1a: Skarmory|par
|
|-weather|Sandstorm|[upkeep]
|-heal|p2a: Jirachi|77/100|[from] item: Leftovers
|-heal|p1a: Skarmory|100/100 par|[from] item: Leftovers
|upkeep
|turn|64
|
|t:|1729265161
|switch|p1a: Swampert|Swampert, M|57/100
|move|p2a: Jirachi|Calm Mind|p2a: Jirachi
|-boost|p2a: Jirachi|spa|1
|-boost|p2a: Jirachi|spd|1
|
|-weather|Sandstorm|[upkeep]
|-heal|p2a: Jirachi|84/100|[from] item: Leftovers
|-heal|p1a: Swampert|63/100|[from] item: Leftovers
|upkeep
|turn|65
|
|t:|1729265167
|switch|p1a: Skarmory|Skarmory, M|100/100 par
|move|p2a: Jirachi|Calm Mind|p2a: Jirachi
|-boost|p2a: Jirachi|spa|1
|-boost|p2a: Jirachi|spd|1
|
|-weather|Sandstorm|[upkeep]
|-heal|p2a: Jirachi|90/100|[from] item: Leftovers
|upkeep
|turn|66
|
|t:|1729265169
|move|p2a: Jirachi|Thunderbolt|p1a: Skarmory
|-supereffective|p1a: Skarmory
|-damage|p1a: Skarmory|5/100 par
|move|p1a: Skarmory|Whirlwind|p2a: Jirachi
|drag|p2a: Flygon|Flygon, M, shiny|63/100
|
|-weather|Sandstorm|[upkeep]
|-heal|p2a: Flygon|69/100|[from] item: Leftovers
|-heal|p1a: Skarmory|11/100 par|[from] item: Leftovers
|upkeep
|turn|67
|
|t:|1729265179
|move|p2a: Flygon|Rock Slide|p1a: Skarmory
|-damage|p1a: Skarmory|0 fnt
|faint|p1a: Skarmory
|
|t:|1729265185
|switch|p1a: Tyranitar|Tyranitar, M|100/100
|
|-weather|Sandstorm|[upkeep]
|-heal|p2a: Flygon|75/100|[from] item: Leftovers
|upkeep
|turn|68
|
|t:|1729265187
|move|p2a: Flygon|Earthquake|p1a: Tyranitar
|-supereffective|p1a: Tyranitar
|-damage|p1a: Tyranitar|31/100
|move|p1a: Tyranitar|Hidden Power|p2a: Flygon
|-damage|p2a: Flygon|37/100
|
|-weather|Sandstorm|[upkeep]
|-heal|p2a: Flygon|43/100|[from] item: Leftovers
|-heal|p1a: Tyranitar|37/100|[from] item: Leftovers
|upkeep
|turn|69
|c|☆True Lawbringer|gg
|
|t:|1729265199
|move|p2a: Flygon|Earthquake|p1a: Tyranitar
|-supereffective|p1a: Tyranitar
|-damage|p1a: Tyranitar|0 fnt
|faint|p1a: Tyranitar
|c|☆lemoncholy|gg
|
|t:|1729265207
|switch|p1a: Zapdos|Zapdos|30/100
|
|-weather|Sandstorm|[upkeep]
|-damage|p1a: Zapdos|24/100|[from] Sandstorm
|-heal|p2a: Flygon|49/100|[from] item: Leftovers
|-heal|p1a: Zapdos|30/100|[from] item: Leftovers
|upkeep
|turn|70
|
|t:|1729265210
|move|p2a: Flygon|Rock Slide|p1a: Zapdos
|-supereffective|p1a: Zapdos
|-damage|p1a: Zapdos|0 fnt
|faint|p1a: Zapdos
|
|t:|1729265228
|switch|p1a: Swampert|Swampert, M|63/100
|
|-weather|Sandstorm|[upkeep]
|-heal|p2a: Flygon|54/100|[from] item: Leftovers
|-heal|p1a: Swampert|70/100|[from] item: Leftovers
|upkeep
|turn|71
|
|t:|1729265243
|move|p2a: Flygon|Earthquake|p1a: Swampert
|-damage|p1a: Swampert|42/100
|move|p1a: Swampert|Surf|p2a: Flygon
|-damage|p2a: Flygon|17/100
|
|-weather|Sandstorm|[upkeep]
|-heal|p2a: Flygon|23/100|[from] item: Leftovers
|-heal|p1a: Swampert|48/100|[from] item: Leftovers
|upkeep
|turn|72
|
|t:|1729265247
|move|p2a: Flygon|Earthquake|p1a: Swampert
|-damage|p1a: Swampert|17/100
|move|p1a: Swampert|Surf|p2a: Flygon
|-damage|p2a: Flygon|0 fnt
|faint|p2a: Flygon
|
|t:|1729265251
|switch|p2a: Starmie|Starmie|84/100
|-damage|p2a: Starmie|71/100|[from] Spikes
|
|-weather|Sandstorm|[upkeep]
|-damage|p2a: Starmie|65/100|[from] Sandstorm
|-heal|p2a: Starmie|71/100|[from] item: Leftovers
|-heal|p1a: Swampert|23/100|[from] item: Leftovers
|upkeep
|turn|73
|
|t:|1729265255
|move|p2a: Starmie|Surf|p1a: Swampert
|-damage|p1a: Swampert|0 fnt
|faint|p1a: Swampert
|
|win|lemoncholy

</script>
<script type="application/json" class="data" id="replaydata-smogtours-gen3ou-799523">
{"id":"smogtours-gen3ou-799523","format":"[Gen 3] OU","players":["True Lawbringer","lemoncholy"],"uploadtime":1729265255,"views":85,"formatid":"gen3ou","rating":null,"private":0,"password":null}
</script>

<script defer src="js/replays.js?9d40a366"></script>
