<!DOCTYPE html>
<meta charset="utf-8" />
<meta name="viewport" content="width=device-width" />

<title>[Gen 3] OU: mkizzy vs. charku - Replays - Pok&eacute;mon Showdown!</title>

<meta name="description" content="Watch a replay of a Pok&eacute;mon battle between mkizzy and charku! Format: [Gen 3] OU; Date: Nov 6, 2024" />
<!--

Hey, you! Looking in the source for the replay log?

You can find them in JSON format, just add `.json` at the end of a replay URL.

https://replay.pokemonshowdown.com/gen7randomdoublesbattle-865046831.json

Or, if you only need the log itself, add `.log` instead:

https://replay.pokemonshowdown.com/gen7randomdoublesbattle-865046831.log

-->

<link rel="stylesheet" href="//pokemonshowdown.com/style/global.css?0.023195364461161105" />
<link rel="stylesheet" href="//play.pokemonshowdown.com/style/font-awesome.css?0.13261647063804238" />
<link rel="stylesheet" href="//play.pokemonshowdown.com/style/battle.css?0.8753245789963631" />
<link rel="stylesheet" href="//play.pokemonshowdown.com/style/utilichart.css?0.8627959624976733" />

<!-- Global site tag (gtag.js) - Google Analytics -->
<script async src="https://www.googletagmanager.com/gtag/js?id=UA-26211653-1"></script>
<script>
  window.dataLayer = window.dataLayer || [];
  function gtag(){dataLayer.push(arguments);}
  gtag('js', new Date());

  gtag('config', 'UA-26211653-1');
</script>
<!-- End Google Analytics -->
<!-- Venatus Ad Manager - Install in <HEAD> of page -->
	<script src="https://hb.vntsm.com/v3/live/ad-manager.min.js" type="text/javascript" data-site-id="642aba63ec9a7b11c3c9c1be" data-mode="scan" async></script>
<!-- / Venatus Ad Manager -->

<style>
	@media (max-width:820px) {
		.battle {
			margin: 0 auto;
		}
		.battle-log {
			margin: 7px auto 0;
			max-width: 640px;
			height: 300px;
			position: static;
		}
	}
	.optgroup {
		display: inline-block;
		line-height: 22px;
		font-size: 10pt;
	}
	.optgroup .button {
		height: 25px;
		padding-top: 0;
		padding-bottom: 0;
	}
	.optgroup button.button {
		padding-left: 12px;
		padding-right: 12px;
	}
	.linklist {
		list-style: none;
		margin: 0.5em 0;
		padding: 0;
	}
	.linklist li {
		padding: 2px 0;
	}
	.sidebar {
		float: left;
		width: 320px;
	}
	.bar-wrapper {
		max-width: 1100px;
		margin: 0 auto;
	}
	.bar-wrapper.has-sidebar {
		max-width: 1430px;
	}
	.mainbar {
		margin: 0;
		padding-right: 1px;
	}
	.mainbar.has-sidebar {
		margin-left: 330px;
	}
	@media (min-width: 1511px) {
		.sidebar {
			width: 400px;
		}
		.bar-wrapper.has-sidebar {
			max-width: 1510px;
		}
		.mainbar.has-sidebar {
			margin-left: 410px;
		}
	}
	.section.first-section {
		margin-top: 9px;
	}
	.blocklink small {
		white-space: normal;
	}
	.button {
		vertical-align: middle;
	}
	.replay-controls {
		padding-top: 10px;
	}
	.replay-controls h1 {
		font-size: 16pt;
		font-weight: normal;
		color: #CCC;
	}
	.pagelink {
		text-align: center;
	}
	.pagelink a {
		width: 150px;
	}
	.textbox, .button {
		font-size: 11pt;
		vertical-align: middle;
	}
	@media (max-width: 450px) {
		.button {
			font-size: 9pt;
		}
	}
</style>

<div>

	<header>
		<div class="nav-wrapper"><ul class="nav">
			<li><a class="button nav-first" href="//pokemonshowdown.com/"><img src="//pokemonshowdown.com/images/pokemonshowdownbeta.png" srcset="//pokemonshowdown.com/images/pokemonshowdownbeta.png 1x, //pokemonshowdown.com/images/pokemonshowdownbeta@2x.png 2x" alt="Pok&eacute;mon Showdown" width="146" height="44" /> Home</a></li>
			<li><a class="button" href="//pokemonshowdown.com/dex/">Pok&eacute;dex</a></li>
			<li><a class="button cur" href="/">Replays</a></li>
			<li><a class="button" href="//pokemonshowdown.com/ladder/">Ladder</a></li>
			<li><a class="button nav-last" href="//pokemonshowdown.com/forums/">Forum</a></li>
			<li><a class="button greenbutton nav-first nav-last" href="//play.pokemonshowdown.com/">Play</a></li>
		</ul></div>
	</header>

	<div class="main" id="main">

		<noscript><section class="section">You need to enable JavaScript to use this page; sorry!</section></noscript>

	</div>

</div>

<script defer nomodule src="//play.pokemonshowdown.com/js/lib/ps-polyfill.js"></script>
<script defer src="//play.pokemonshowdown.com/js/lib/preact.min.js"></script>

<script defer src="//play.pokemonshowdown.com/config/config.js?2bddbc15"></script>
<script defer src="//play.pokemonshowdown.com/js/lib/jquery-1.11.0.min.js"></script>
<script defer src="//play.pokemonshowdown.com/js/lib/html-sanitizer-minified.js"></script>
<script defer src="//play.pokemonshowdown.com/js/battle-sound.js"></script>
<script defer src="//play.pokemonshowdown.com/js/battledata.js?0.7209276989879541"></script>
<script defer src="//play.pokemonshowdown.com/data/pokedex-mini.js?0.6111056340867951"></script>
<script defer src="//play.pokemonshowdown.com/data/pokedex-mini-bw.js?0.3532142036491459"></script>
<script defer src="//play.pokemonshowdown.com/data/graphics.js?0.24223875632456182"></script>
<script defer src="//play.pokemonshowdown.com/data/pokedex.js?0.38839984266356864"></script>
<script defer src="//play.pokemonshowdown.com/data/moves.js?0.21866028504024015"></script>
<script defer src="//play.pokemonshowdown.com/data/abilities.js?0.2005157953846628"></script>
<script defer src="//play.pokemonshowdown.com/data/items.js?0.9894211263848525"></script>
<script defer src="//play.pokemonshowdown.com/data/teambuilder-tables.js?0.6008791140282215"></script>
<script defer src="//play.pokemonshowdown.com/js/battle-tooltips.js?0.7580118955022959"></script>
<script defer src="//play.pokemonshowdown.com/js/battle.js?0.6057722274234274"></script>

<script defer src="js/utils.js?e31f9a17"></script>
<script defer src="js/replays-battle.js?7008c182"></script>

<!-- don't scrape this data! just add .json or .log after the URL!
Full API docs: https://github.com/smogon/pokemon-showdown-client/blob/master/WEB-API.md -->
<script type="text/plain" class="log" id="replaylog-smogtours-gen3ou-804988">
|inactive|Battle timer is ON: inactive players will automatically lose when time's up.
|t:|1730917994
|gametype|singles
|player|p1|mkizzy|brock-gen2|
|player|p2|charku|1|
|teamsize|p1|6
|teamsize|p2|6
|gen|3
|tier|[Gen 3] OU
|rule|Sleep Clause Mod: Limit one foe put to sleep
|rule|Switch Priority Clause Mod: Faster Pokémon switch first
|rule|Species Clause: Limit one of each Pokémon
|rule|OHKO Clause: OHKO moves are banned
|rule|Evasion Items Clause: Evasion items are banned
|rule|Evasion Moves Clause: Evasion moves are banned
|rule|Endless Battle Clause: Forcing endless battles is banned
|rule|HP Percentage Mod: HP is shown in percentages
|rule|One Boost Passer Clause: Limit one Baton Passer that has a way to boost its stats
|rule|Freeze Clause Mod: Limit one foe frozen
|
|t:|1730917994
|start
|switch|p1a: If it aint gang|Zapdos|100/100
|switch|p2a: Zapdos|Zapdos|100/100
|turn|1
|c|☆mkizzy|hf
|inactive|charku has 270 seconds left.
|
|t:|1730918029
|switch|p1a: I'll risk it|Swampert, M|100/100
|switch|p2a: Flygon|Flygon, M|100/100
|
|upkeep
|turn|2
|inactive|charku has 270 seconds left.
|
|t:|1730918077
|switch|p2a: Cloyster|Cloyster, M|100/100
|move|p1a: I'll risk it|Hydro Pump|p2a: Cloyster|[miss]
|-miss|p1a: I'll risk it|p2a: Cloyster
|
|upkeep
|turn|3
|
|t:|1730918087
|switch|p1a: If it aint gang|Zapdos|100/100
|move|p2a: Cloyster|Spikes|p1a: If it aint gang
|-sidestart|p1: mkizzy|Spikes
|
|upkeep
|turn|4
|
|t:|1730918092
|switch|p2a: Flygon|Flygon, M|100/100
|move|p1a: If it aint gang|Baton Pass|p1a: If it aint gang
|
|t:|1730918115
|switch|p1a: I'll risk it|Swampert, M|100/100|[from] Baton Pass
|-damage|p1a: I'll risk it|88/100|[from] Spikes
|
|-heal|p1a: I'll risk it|94/100|[from] item: Leftovers
|upkeep
|turn|5
|
|t:|1730918130
|switch|p2a: Cloyster|Cloyster, M|100/100
|switch|p1a: Do it & dash|Jirachi|100/100
|-damage|p1a: Do it & dash|88/100|[from] Spikes
|
|-heal|p1a: Do it & dash|94/100|[from] item: Leftovers
|upkeep
|turn|6
|inactive|charku has 270 seconds left.
|
|t:|1730918181
|switch|p2a: Flygon|Flygon, M|100/100
|move|p1a: Do it & dash|Substitute|p1a: Do it & dash
|-start|p1a: Do it & dash|Substitute
|-damage|p1a: Do it & dash|69/100
|
|-heal|p1a: Do it & dash|75/100|[from] item: Leftovers
|upkeep
|turn|7
|inactive|mkizzy has 270 seconds left.
|
|t:|1730918213
|switch|p2a: Tyranitar|Tyranitar, F|100/100
|-weather|Sandstorm|[from] ability: Sand Stream|[of] p2a: Tyranitar
|move|p1a: Do it & dash|Calm Mind|p1a: Do it & dash
|-boost|p1a: Do it & dash|spa|1
|-boost|p1a: Do it & dash|spd|1
|
|-weather|Sandstorm|[upkeep]
|-heal|p1a: Do it & dash|82/100|[from] item: Leftovers
|upkeep
|turn|8
|
|t:|1730918218
|move|p1a: Do it & dash|Hidden Power|p2a: Tyranitar
|-supereffective|p2a: Tyranitar
|-damage|p2a: Tyranitar|46/100
|move|p2a: Tyranitar|Flamethrower|p1a: Do it & dash
|-supereffective|p1a: Do it & dash
|-end|p1a: Do it & dash|Substitute
|
|-weather|Sandstorm|[upkeep]
|-heal|p1a: Do it & dash|88/100|[from] item: Leftovers
|-heal|p2a: Tyranitar|52/100|[from] item: Leftovers
|upkeep
|turn|9
|
|t:|1730918230
|move|p1a: Do it & dash|Hidden Power|p2a: Tyranitar
|-supereffective|p2a: Tyranitar
|-damage|p2a: Tyranitar|2/100
|move|p2a: Tyranitar|Flamethrower|p1a: Do it & dash
|-supereffective|p1a: Do it & dash
|-damage|p1a: Do it & dash|53/100
|
|-weather|Sandstorm|[upkeep]
|-heal|p1a: Do it & dash|59/100|[from] item: Leftovers
|-heal|p2a: Tyranitar|8/100|[from] item: Leftovers
|upkeep
|turn|10
|
|t:|1730918243
|-singleturn|p2a: Tyranitar|move: Focus Punch
|move|p1a: Do it & dash|Hidden Power|p2a: Tyranitar
|-supereffective|p2a: Tyranitar
|-damage|p2a: Tyranitar|0 fnt
|faint|p2a: Tyranitar
|
|t:|1730918249
|switch|p2a: Flygon|Flygon, M|100/100
|
|-weather|Sandstorm|[upkeep]
|-heal|p1a: Do it & dash|65/100|[from] item: Leftovers
|upkeep
|turn|11
|
|t:|1730918256
|switch|p1a: If it aint gang|Zapdos|100/100
|move|p2a: Flygon|Earthquake|p1a: If it aint gang
|-immune|p1a: If it aint gang
|
|-weather|Sandstorm|[upkeep]
|-damage|p1a: If it aint gang|94/100|[from] Sandstorm
|-heal|p1a: If it aint gang|100/100|[from] item: Leftovers
|upkeep
|turn|12
|
|t:|1730918262
|switch|p2a: Celebi|Celebi|100/100
|move|p1a: If it aint gang|Baton Pass|p1a: If it aint gang
|
|t:|1730918271
|switch|p1a: Get me a drop|Tyranitar, F|100/100|[from] Baton Pass
|-damage|p1a: Get me a drop|88/100|[from] Spikes
|
|-weather|Sandstorm|[upkeep]
|-damage|p2a: Celebi|94/100|[from] Sandstorm
|-heal|p2a: Celebi|100/100|[from] item: Leftovers
|-heal|p1a: Get me a drop|94/100|[from] item: Leftovers
|upkeep
|turn|13
|
|t:|1730918284
|switch|p1a: Do it & dash|Jirachi|65/100
|-damage|p1a: Do it & dash|53/100|[from] Spikes
|move|p2a: Celebi|Leech Seed|p1a: Do it & dash
|-start|p1a: Do it & dash|move: Leech Seed
|
|-weather|Sandstorm|[upkeep]
|-damage|p2a: Celebi|94/100|[from] Sandstorm
|-heal|p1a: Do it & dash|59/100|[from] item: Leftovers
|-damage|p1a: Do it & dash|47/100|[from] Leech Seed|[of] p2a: Celebi
|-heal|p2a: Celebi|100/100|[silent]
|upkeep
|turn|14
|
|t:|1730918293
|switch|p1a: Get me a drop|Tyranitar, F|94/100
|-damage|p1a: Get me a drop|82/100|[from] Spikes
|switch|p2a: Zapdos|Zapdos|100/100
|
|-weather|Sandstorm|[upkeep]
|-damage|p2a: Zapdos|94/100|[from] Sandstorm
|-heal|p2a: Zapdos|100/100|[from] item: Leftovers
|-heal|p1a: Get me a drop|88/100|[from] item: Leftovers
|upkeep
|turn|15
|
|t:|1730918302
|move|p2a: Zapdos|Thunderbolt|p1a: Get me a drop
|-damage|p1a: Get me a drop|43/100
|move|p1a: Get me a drop|Dragon Dance|p1a: Get me a drop
|-boost|p1a: Get me a drop|atk|1
|-boost|p1a: Get me a drop|spe|1
|
|-weather|Sandstorm|[upkeep]
|-damage|p2a: Zapdos|94/100|[from] Sandstorm
|-heal|p1a: Get me a drop|49/100|[from] item: Leftovers
|-heal|p2a: Zapdos|100/100|[from] item: Leftovers
|upkeep
|turn|16
|
|t:|1730918311
|switch|p2a: Flygon|Flygon, M|100/100
|move|p1a: Get me a drop|Dragon Dance|p1a: Get me a drop
|-boost|p1a: Get me a drop|atk|1
|-boost|p1a: Get me a drop|spe|1
|
|-weather|Sandstorm|[upkeep]
|-heal|p1a: Get me a drop|55/100|[from] item: Leftovers
|upkeep
|turn|17
|
|t:|1730918316
|move|p1a: Get me a drop|Rock Slide|p2a: Flygon
|-resisted|p2a: Flygon
|-damage|p2a: Flygon|49/100
|cant|p2a: Flygon|flinch
|
|-weather|Sandstorm|[upkeep]
|-heal|p1a: Get me a drop|62/100|[from] item: Leftovers
|upkeep
|turn|18
|
|t:|1730918322
|move|p1a: Get me a drop|Hidden Power|p2a: Flygon
|-damage|p2a: Flygon|0 fnt
|faint|p2a: Flygon
|inactive|charku has 270 seconds left.
|inactive|charku has 240 seconds left.
|
|t:|1730918405
|switch|p2a: Machamp|Machamp, M|100/100
|
|-weather|Sandstorm|[upkeep]
|-damage|p2a: Machamp|94/100|[from] Sandstorm
|-heal|p1a: Get me a drop|68/100|[from] item: Leftovers
|-heal|p2a: Machamp|100/100|[from] item: Leftovers
|upkeep
|turn|19
|inactive|mkizzy has 270 seconds left.
|
|t:|1730918437
|move|p1a: Get me a drop|Rock Slide|p2a: Machamp
|-resisted|p2a: Machamp
|-damage|p2a: Machamp|56/100
|move|p2a: Machamp|Cross Chop|p1a: Get me a drop
|-supereffective|p1a: Get me a drop
|-damage|p1a: Get me a drop|0 fnt
|faint|p1a: Get me a drop
|inactive|mkizzy has 270 seconds left.
|
|t:|1730918449
|switch|p1a: Violent siblings|Dugtrio, M|100/100
|-damage|p1a: Violent siblings|88/100|[from] Spikes
|
|-weather|Sandstorm|[upkeep]
|-damage|p2a: Machamp|50/100|[from] Sandstorm
|-heal|p2a: Machamp|56/100|[from] item: Leftovers
|upkeep
|turn|20
|
|t:|1730918453
|move|p1a: Violent siblings|Earthquake|p2a: Machamp
|-damage|p2a: Machamp|0 fnt
|faint|p2a: Machamp
|inactive|charku has 240 seconds left.
|
|t:|1730918478
|switch|p2a: Celebi|Celebi|100/100
|
|-weather|Sandstorm|[upkeep]
|-damage|p2a: Celebi|94/100|[from] Sandstorm
|-heal|p2a: Celebi|100/100|[from] item: Leftovers
|upkeep
|turn|21
|
|t:|1730918489
|switch|p1a: Do it & dash|Jirachi|47/100
|-damage|p1a: Do it & dash|34/100|[from] Spikes
|move|p2a: Celebi|Leech Seed|p1a: Do it & dash
|-start|p1a: Do it & dash|move: Leech Seed
|
|-weather|Sandstorm|[upkeep]
|-damage|p2a: Celebi|94/100|[from] Sandstorm
|-heal|p1a: Do it & dash|41/100|[from] item: Leftovers
|-damage|p1a: Do it & dash|28/100|[from] Leech Seed|[of] p2a: Celebi
|-heal|p2a: Celebi|100/100|[silent]
|upkeep
|turn|22
|inactive|charku has 240 seconds left.
|
|t:|1730918501
|switch|p1a: If it aint gang|Zapdos|100/100
|move|p2a: Celebi|Hidden Power|p1a: If it aint gang
|-resisted|p1a: If it aint gang
|-crit|p1a: If it aint gang
|-damage|p1a: If it aint gang|73/100
|
|-weather|Sandstorm|[upkeep]
|-damage|p1a: If it aint gang|67/100|[from] Sandstorm
|-damage|p2a: Celebi|94/100|[from] Sandstorm
|-heal|p1a: If it aint gang|73/100|[from] item: Leftovers
|-heal|p2a: Celebi|100/100|[from] item: Leftovers
|upkeep
|turn|23
|
|t:|1730918507
|move|p1a: If it aint gang|Drill Peck|p2a: Celebi
|-supereffective|p2a: Celebi
|-damage|p2a: Celebi|62/100
|move|p2a: Celebi|Leech Seed|p1a: If it aint gang
|-start|p1a: If it aint gang|move: Leech Seed
|
|-weather|Sandstorm|[upkeep]
|-damage|p1a: If it aint gang|67/100|[from] Sandstorm
|-damage|p2a: Celebi|55/100|[from] Sandstorm
|-heal|p1a: If it aint gang|73/100|[from] item: Leftovers
|-damage|p1a: If it aint gang|61/100|[from] Leech Seed|[of] p2a: Celebi
|-heal|p2a: Celebi|65/100|[silent]
|-heal|p2a: Celebi|72/100|[from] item: Leftovers
|upkeep
|turn|24
|
|t:|1730918513
|switch|p1a: Violent siblings|Dugtrio, M|88/100
|-damage|p1a: Violent siblings|76/100|[from] Spikes
|move|p2a: Celebi|Recover|p2a: Celebi
|-heal|p2a: Celebi|100/100
|
|-weather|Sandstorm|[upkeep]
|-damage|p2a: Celebi|94/100|[from] Sandstorm
|-heal|p2a: Celebi|100/100|[from] item: Leftovers
|upkeep
|turn|25
|
|t:|1730918517
|move|p1a: Violent siblings|Hidden Power|p2a: Celebi
|-supereffective|p2a: Celebi
|-damage|p2a: Celebi|6/100
|move|p2a: Celebi|Hidden Power|p1a: Violent siblings
|-supereffective|p1a: Violent siblings
|-damage|p1a: Violent siblings|0 fnt
|faint|p1a: Violent siblings
|
|t:|1730918525
|switch|p1a: Do it & dash|Jirachi|28/100
|-damage|p1a: Do it & dash|16/100|[from] Spikes
|
|-weather|Sandstorm|[upkeep]
|-damage|p2a: Celebi|0 fnt|[from] Sandstorm
|faint|p2a: Celebi
|-heal|p1a: Do it & dash|22/100|[from] item: Leftovers
|upkeep
|
|t:|1730918528
|switch|p2a: Zapdos|Zapdos|100/100
|turn|26
|
|t:|1730918537
|move|p1a: Do it & dash|Thunderbolt|p2a: Zapdos
|-crit|p2a: Zapdos
|-damage|p2a: Zapdos|45/100
|move|p2a: Zapdos|Thunderbolt|p1a: Do it & dash
|-damage|p1a: Do it & dash|0 fnt
|faint|p1a: Do it & dash
|
|t:|1730918545
|switch|p1a: I'll risk it|Swampert, M|94/100
|-damage|p1a: I'll risk it|82/100|[from] Spikes
|
|-weather|Sandstorm|[upkeep]
|-damage|p2a: Zapdos|39/100|[from] Sandstorm
|-heal|p2a: Zapdos|45/100|[from] item: Leftovers
|-heal|p1a: I'll risk it|88/100|[from] item: Leftovers
|upkeep
|turn|27
|
|t:|1730918548
|switch|p2a: Cloyster|Cloyster, M|100/100
|move|p1a: I'll risk it|Ice Beam|p2a: Cloyster
|-resisted|p2a: Cloyster
|-damage|p2a: Cloyster|94/100
|
|-weather|Sandstorm|[upkeep]
|-damage|p2a: Cloyster|87/100|[from] Sandstorm
|-heal|p2a: Cloyster|94/100|[from] item: Leftovers
|-heal|p1a: I'll risk it|94/100|[from] item: Leftovers
|upkeep
|turn|28
|
|t:|1730918557
|switch|p1a: Burn them bridges|Suicune|100/100
|-damage|p1a: Burn them bridges|88/100|[from] Spikes
|move|p2a: Cloyster|Ice Beam|p1a: Burn them bridges
|-resisted|p1a: Burn them bridges
|-damage|p1a: Burn them bridges|77/100
|
|-weather|Sandstorm|[upkeep]
|-damage|p1a: Burn them bridges|71/100|[from] Sandstorm
|-damage|p2a: Cloyster|87/100|[from] Sandstorm
|-heal|p1a: Burn them bridges|77/100|[from] item: Leftovers
|-heal|p2a: Cloyster|94/100|[from] item: Leftovers
|upkeep
|turn|29
|inactive|charku has 270 seconds left.
|
|t:|1730918608
|switch|p2a: Zapdos|Zapdos|45/100
|move|p1a: Burn them bridges|Calm Mind|p1a: Burn them bridges
|-boost|p1a: Burn them bridges|spa|1
|-boost|p1a: Burn them bridges|spd|1
|
|-weather|Sandstorm|[upkeep]
|-damage|p1a: Burn them bridges|71/100|[from] Sandstorm
|-damage|p2a: Zapdos|39/100|[from] Sandstorm
|-heal|p1a: Burn them bridges|77/100|[from] item: Leftovers
|-heal|p2a: Zapdos|45/100|[from] item: Leftovers
|upkeep
|turn|30
|
|t:|1730918612
|move|p1a: Burn them bridges|Ice Beam|p2a: Zapdos
|-supereffective|p2a: Zapdos
|-damage|p2a: Zapdos|0 fnt
|faint|p2a: Zapdos
|
|t:|1730918616
|switch|p2a: Cloyster|Cloyster, M|94/100
|
|-weather|Sandstorm|[upkeep]
|-damage|p1a: Burn them bridges|71/100|[from] Sandstorm
|-damage|p2a: Cloyster|87/100|[from] Sandstorm
|-heal|p1a: Burn them bridges|77/100|[from] item: Leftovers
|-heal|p2a: Cloyster|94/100|[from] item: Leftovers
|upkeep
|turn|31
|
|t:|1730918621
|move|p1a: Burn them bridges|Hydro Pump|p2a: Cloyster
|-resisted|p2a: Cloyster
|-damage|p2a: Cloyster|42/100
|move|p2a: Cloyster|Explosion|p1a: Burn them bridges
|-damage|p1a: Burn them bridges|0 fnt
|faint|p2a: Cloyster
|faint|p1a: Burn them bridges
|
|win|mkizzy
|c|☆mkizzy|ggs sry for rng
|c|☆charku|gg

</script>
<script type="application/json" class="data" id="replaydata-smogtours-gen3ou-804988">
{"id":"smogtours-gen3ou-804988","format":"[Gen 3] OU","players":["mkizzy","charku"],"uploadtime":1730918621,"views":45,"formatid":"gen3ou","rating":null,"private":0,"password":null}
</script>

<script defer src="js/replays.js?9d40a366"></script>
