<!DOCTYPE html>
<meta charset="utf-8" />
<meta name="viewport" content="width=device-width" />

<title>[Gen 3] OU: Garpachi vs. Kenava - Replays - Pok&eacute;mon Showdown!</title>

<meta name="description" content="Watch a replay of a Pok&eacute;mon battle between Garpachi and Kenava! Format: [Gen 3] OU; Date: Nov 2, 2024" />
<!--

Hey, you! Looking in the source for the replay log?

You can find them in JSON format, just add `.json` at the end of a replay URL.

https://replay.pokemonshowdown.com/gen7randomdoublesbattle-865046831.json

Or, if you only need the log itself, add `.log` instead:

https://replay.pokemonshowdown.com/gen7randomdoublesbattle-865046831.log

-->

<link rel="stylesheet" href="//pokemonshowdown.com/style/global.css?0.023195364461161105" />
<link rel="stylesheet" href="//play.pokemonshowdown.com/style/font-awesome.css?0.13261647063804238" />
<link rel="stylesheet" href="//play.pokemonshowdown.com/style/battle.css?0.8753245789963631" />
<link rel="stylesheet" href="//play.pokemonshowdown.com/style/utilichart.css?0.8627959624976733" />

<!-- Global site tag (gtag.js) - Google Analytics -->
<script async src="https://www.googletagmanager.com/gtag/js?id=UA-26211653-1"></script>
<script>
  window.dataLayer = window.dataLayer || [];
  function gtag(){dataLayer.push(arguments);}
  gtag('js', new Date());

  gtag('config', 'UA-26211653-1');
</script>
<!-- End Google Analytics -->
<!-- Venatus Ad Manager - Install in <HEAD> of page -->
	<script src="https://hb.vntsm.com/v3/live/ad-manager.min.js" type="text/javascript" data-site-id="642aba63ec9a7b11c3c9c1be" data-mode="scan" async></script>
<!-- / Venatus Ad Manager -->

<style>
	@media (max-width:820px) {
		.battle {
			margin: 0 auto;
		}
		.battle-log {
			margin: 7px auto 0;
			max-width: 640px;
			height: 300px;
			position: static;
		}
	}
	.optgroup {
		display: inline-block;
		line-height: 22px;
		font-size: 10pt;
	}
	.optgroup .button {
		height: 25px;
		padding-top: 0;
		padding-bottom: 0;
	}
	.optgroup button.button {
		padding-left: 12px;
		padding-right: 12px;
	}
	.linklist {
		list-style: none;
		margin: 0.5em 0;
		padding: 0;
	}
	.linklist li {
		padding: 2px 0;
	}
	.sidebar {
		float: left;
		width: 320px;
	}
	.bar-wrapper {
		max-width: 1100px;
		margin: 0 auto;
	}
	.bar-wrapper.has-sidebar {
		max-width: 1430px;
	}
	.mainbar {
		margin: 0;
		padding-right: 1px;
	}
	.mainbar.has-sidebar {
		margin-left: 330px;
	}
	@media (min-width: 1511px) {
		.sidebar {
			width: 400px;
		}
		.bar-wrapper.has-sidebar {
			max-width: 1510px;
		}
		.mainbar.has-sidebar {
			margin-left: 410px;
		}
	}
	.section.first-section {
		margin-top: 9px;
	}
	.blocklink small {
		white-space: normal;
	}
	.button {
		vertical-align: middle;
	}
	.replay-controls {
		padding-top: 10px;
	}
	.replay-controls h1 {
		font-size: 16pt;
		font-weight: normal;
		color: #CCC;
	}
	.pagelink {
		text-align: center;
	}
	.pagelink a {
		width: 150px;
	}
	.textbox, .button {
		font-size: 11pt;
		vertical-align: middle;
	}
	@media (max-width: 450px) {
		.button {
			font-size: 9pt;
		}
	}
</style>

<div>

	<header>
		<div class="nav-wrapper"><ul class="nav">
			<li><a class="button nav-first" href="//pokemonshowdown.com/"><img src="//pokemonshowdown.com/images/pokemonshowdownbeta.png" srcset="//pokemonshowdown.com/images/pokemonshowdownbeta.png 1x, //pokemonshowdown.com/images/pokemonshowdownbeta@2x.png 2x" alt="Pok&eacute;mon Showdown" width="146" height="44" /> Home</a></li>
			<li><a class="button" href="//pokemonshowdown.com/dex/">Pok&eacute;dex</a></li>
			<li><a class="button cur" href="/">Replays</a></li>
			<li><a class="button" href="//pokemonshowdown.com/ladder/">Ladder</a></li>
			<li><a class="button nav-last" href="//pokemonshowdown.com/forums/">Forum</a></li>
			<li><a class="button greenbutton nav-first nav-last" href="//play.pokemonshowdown.com/">Play</a></li>
		</ul></div>
	</header>

	<div class="main" id="main">

		<noscript><section class="section">You need to enable JavaScript to use this page; sorry!</section></noscript>

	</div>

</div>

<script defer nomodule src="//play.pokemonshowdown.com/js/lib/ps-polyfill.js"></script>
<script defer src="//play.pokemonshowdown.com/js/lib/preact.min.js"></script>

<script defer src="//play.pokemonshowdown.com/config/config.js?2bddbc15"></script>
<script defer src="//play.pokemonshowdown.com/js/lib/jquery-1.11.0.min.js"></script>
<script defer src="//play.pokemonshowdown.com/js/lib/html-sanitizer-minified.js"></script>
<script defer src="//play.pokemonshowdown.com/js/battle-sound.js"></script>
<script defer src="//play.pokemonshowdown.com/js/battledata.js?0.7209276989879541"></script>
<script defer src="//play.pokemonshowdown.com/data/pokedex-mini.js?0.6111056340867951"></script>
<script defer src="//play.pokemonshowdown.com/data/pokedex-mini-bw.js?0.3532142036491459"></script>
<script defer src="//play.pokemonshowdown.com/data/graphics.js?0.24223875632456182"></script>
<script defer src="//play.pokemonshowdown.com/data/pokedex.js?0.38839984266356864"></script>
<script defer src="//play.pokemonshowdown.com/data/moves.js?0.21866028504024015"></script>
<script defer src="//play.pokemonshowdown.com/data/abilities.js?0.2005157953846628"></script>
<script defer src="//play.pokemonshowdown.com/data/items.js?0.9894211263848525"></script>
<script defer src="//play.pokemonshowdown.com/data/teambuilder-tables.js?0.6008791140282215"></script>
<script defer src="//play.pokemonshowdown.com/js/battle-tooltips.js?0.7580118955022959"></script>
<script defer src="//play.pokemonshowdown.com/js/battle.js?0.6057722274234274"></script>

<script defer src="js/utils.js?e31f9a17"></script>
<script defer src="js/replays-battle.js?7008c182"></script>

<!-- don't scrape this data! just add .json or .log after the URL!
Full API docs: https://github.com/smogon/pokemon-showdown-client/blob/master/WEB-API.md -->
<script type="text/plain" class="log" id="replaylog-smogtours-gen3ou-804149">
|inactive|Battle timer is ON: inactive players will automatically lose when time's up.
|t:|1730584875
|gametype|singles
|player|p1|Garpachi|maid|
|player|p2|Kenava|2|
|teamsize|p1|6
|teamsize|p2|6
|gen|3
|tier|[Gen 3] OU
|rule|Sleep Clause Mod: Limit one foe put to sleep
|rule|Switch Priority Clause Mod: Faster Pokémon switch first
|rule|Species Clause: Limit one of each Pokémon
|rule|OHKO Clause: OHKO moves are banned
|rule|Evasion Items Clause: Evasion items are banned
|rule|Evasion Moves Clause: Evasion moves are banned
|rule|Endless Battle Clause: Forcing endless battles is banned
|rule|HP Percentage Mod: HP is shown in percentages
|rule|One Boost Passer Clause: Limit one Baton Passer that has a way to boost its stats
|rule|Freeze Clause Mod: Limit one foe frozen
|
|t:|1730584875
|start
|switch|p1a: Zapdos|Zapdos|100/100
|switch|p2a: Metagross|Metagross|100/100
|turn|1
|inactive|Kenava also wants the timer to be on.
|
|t:|1730584902
|move|p1a: Zapdos|Thunderbolt|p2a: Metagross
|-damage|p2a: Metagross|52/100
|move|p2a: Metagross|Meteor Mash|p1a: Zapdos|[miss]
|-miss|p2a: Metagross|p1a: Zapdos
|
|-heal|p2a: Metagross|58/100|[from] item: Leftovers
|upkeep
|turn|2
|inactive|Garpachi has 270 seconds left.
|inactive|Kenava has 270 seconds left.
|
|t:|1730584953
|switch|p2a: Celebi|Celebi|100/100
|move|p1a: Zapdos|Toxic|p2a: Celebi
|-status|p2a: Celebi|tox
|
|-damage|p2a: Celebi|94/100 tox|[from] psn
|upkeep
|turn|3
|inactive|Garpachi has 270 seconds left.
|inactive|Kenava has 270 seconds left.
|
|t:|1730584989
|switch|p1a: Salamence|Salamence, F|100/100
|-ability|p1a: Salamence|Intimidate|boost
|-unboost|p2a: Celebi|atk|1
|move|p2a: Celebi|Leech Seed|p1a: Salamence
|-start|p1a: Salamence|move: Leech Seed
|
|-damage|p1a: Salamence|88/100|[from] Leech Seed|[of] p2a: Celebi
|-heal|p2a: Celebi|100/100 tox|[silent]
|-damage|p2a: Celebi|88/100 tox|[from] psn
|upkeep
|turn|4
|inactive|Kenava has 240 seconds left.
|
|t:|1730585026
|switch|p1a: Snorlax|Snorlax, M|100/100
|move|p2a: Celebi|Recover|p2a: Celebi
|-heal|p2a: Celebi|100/100 tox
|
|-damage|p2a: Celebi|82/100 tox|[from] psn
|upkeep
|turn|5
|
|t:|1730585038
|-curestatus|p2a: Celebi|tox|[from] ability: Natural Cure
|switch|p2a: Metagross|Metagross|58/100
|switch|p1a: Salamence|Salamence, F|88/100
|-ability|p1a: Salamence|Intimidate|boost
|-fail|p2a: Metagross|unboost|[from] ability: Clear Body|[of] p2a: Metagross
|
|-heal|p1a: Salamence|94/100|[from] item: Leftovers
|-heal|p2a: Metagross|65/100|[from] item: Leftovers
|upkeep
|turn|6
|
|t:|1730585058
|switch|p1a: Zapdos|Zapdos|100/100
|move|p2a: Metagross|Protect||[still]
|-fail|p2a: Metagross
|
|-heal|p2a: Metagross|71/100|[from] item: Leftovers
|upkeep
|turn|7
|
|t:|1730585066
|switch|p2a: Celebi|Celebi|82/100
|move|p1a: Zapdos|Thunderbolt|p2a: Celebi
|-resisted|p2a: Celebi
|-damage|p2a: Celebi|61/100
|
|-heal|p2a: Celebi|67/100|[from] item: Leftovers
|upkeep
|turn|8
|inactive|Kenava has 240 seconds left.
|inactive|Garpachi has 240 seconds left.
|
|t:|1730585092
|move|p1a: Zapdos|Hidden Power|p2a: Celebi
|-supereffective|p2a: Celebi
|-damage|p2a: Celebi|27/100
|move|p2a: Celebi|Leech Seed|p1a: Zapdos
|-start|p1a: Zapdos|move: Leech Seed
|
|-damage|p1a: Zapdos|88/100|[from] Leech Seed|[of] p2a: Celebi
|-heal|p2a: Celebi|37/100|[silent]
|-heal|p2a: Celebi|44/100|[from] item: Leftovers
|upkeep
|turn|9
|inactive|Garpachi has 240 seconds left.
|
|t:|1730585101
|switch|p1a: Salamence|Salamence, F|94/100
|-ability|p1a: Salamence|Intimidate|boost
|-unboost|p2a: Celebi|atk|1
|move|p2a: Celebi|Recover|p2a: Celebi
|-heal|p2a: Celebi|94/100
|
|-heal|p1a: Salamence|99/100|[from] item: Leftovers
|-heal|p2a: Celebi|99/100|[from] item: Leftovers
|upkeep
|turn|10
|inactive|Kenava has 240 seconds left.
|
|t:|1730585123
|switch|p2a: Starmie|Starmie|100/100
|move|p1a: Salamence|Earthquake|p2a: Starmie
|-damage|p2a: Starmie|51/100
|
|-heal|p2a: Starmie|57/100|[from] item: Leftovers
|-heal|p1a: Salamence|100/100|[from] item: Leftovers
|upkeep
|turn|11
|inactive|Kenava has 240 seconds left.
|
|t:|1730585131
|switch|p1a: Snorlax|Snorlax, M|100/100
|move|p2a: Starmie|Recover|p2a: Starmie
|-heal|p2a: Starmie|100/100
|
|upkeep
|turn|12
|
|t:|1730585151
|-singleturn|p1a: Snorlax|move: Focus Punch
|switch|p2a: Metagross|Metagross|71/100
|move|p1a: Snorlax|Focus Punch|p2a: Metagross
|-damage|p2a: Metagross|41/100
|
|-heal|p2a: Metagross|47/100|[from] item: Leftovers
|upkeep
|turn|13
|inactive|Garpachi has 240 seconds left.
|
|t:|1730585172
|switch|p1a: Magneton|Magneton|100/100
|move|p2a: Metagross|Meteor Mash|p1a: Magneton
|-resisted|p1a: Magneton
|-damage|p1a: Magneton|81/100
|-boost|p2a: Metagross|atk|1
|
|-heal|p2a: Metagross|53/100|[from] item: Leftovers
|upkeep
|turn|14
|inactive|Garpachi has 240 seconds left.
|
|t:|1730585181
|move|p2a: Metagross|Protect|p2a: Metagross
|-singleturn|p2a: Metagross|Protect
|move|p1a: Magneton|Thunderbolt|p2a: Metagross
|-activate|p2a: Metagross|Protect
|
|-heal|p2a: Metagross|59/100|[from] item: Leftovers
|upkeep
|turn|15
|
|t:|1730585188
|switch|p1a: Zapdos|Zapdos|88/100
|move|p2a: Metagross|Earthquake|p1a: Zapdos
|-immune|p1a: Zapdos
|
|-heal|p1a: Zapdos|94/100|[from] item: Leftovers
|-heal|p2a: Metagross|65/100|[from] item: Leftovers
|upkeep
|turn|16
|
|t:|1730585196
|move|p2a: Metagross|Protect|p2a: Metagross
|-singleturn|p2a: Metagross|Protect
|move|p1a: Zapdos|Thunderbolt|p2a: Metagross
|-activate|p2a: Metagross|Protect
|
|-heal|p1a: Zapdos|100/100|[from] item: Leftovers
|-heal|p2a: Metagross|71/100|[from] item: Leftovers
|upkeep
|turn|17
|inactive|Kenava has 270 seconds left.
|inactive|Garpachi has 240 seconds left.
|
|t:|1730585237
|switch|p1a: Magneton|Magneton|81/100
|switch|p2a: Celebi|Celebi|99/100
|
|-heal|p2a: Celebi|100/100|[from] item: Leftovers
|upkeep
|turn|18
|
|t:|1730585250
|switch|p1a: Salamence|Salamence, F|100/100
|-ability|p1a: Salamence|Intimidate|boost
|-unboost|p2a: Celebi|atk|1
|move|p2a: Celebi|Psychic|p1a: Salamence
|-damage|p1a: Salamence|66/100
|
|-heal|p1a: Salamence|72/100|[from] item: Leftovers
|upkeep
|turn|19
|inactive|Kenava has 270 seconds left.
|
|t:|1730585265
|switch|p2a: Starmie|Starmie|100/100
|move|p1a: Salamence|Earthquake|p2a: Starmie
|-damage|p2a: Starmie|54/100
|
|-heal|p2a: Starmie|60/100|[from] item: Leftovers
|-heal|p1a: Salamence|78/100|[from] item: Leftovers
|upkeep
|turn|20
|
|t:|1730585272
|switch|p1a: Snorlax|Snorlax, M|100/100
|move|p2a: Starmie|Thunder Wave|p1a: Snorlax
|-status|p1a: Snorlax|par
|
|-heal|p2a: Starmie|67/100|[from] item: Leftovers
|upkeep
|turn|21
|inactive|Garpachi has 240 seconds left.
|
|t:|1730585279
|switch|p2a: Metagross|Metagross|71/100
|move|p1a: Snorlax|Self-Destruct|p2a: Metagross
|-resisted|p2a: Metagross
|-damage|p2a: Metagross|5/100
|faint|p1a: Snorlax
|inactive|Garpachi has 240 seconds left.
|
|t:|1730585286
|switch|p1a: Magneton|Magneton|81/100
|
|-heal|p2a: Metagross|11/100|[from] item: Leftovers
|upkeep
|turn|22
|
|t:|1730585290
|move|p1a: Magneton|Thunderbolt|p2a: Metagross
|-damage|p2a: Metagross|0 fnt
|faint|p2a: Metagross
|
|t:|1730585293
|switch|p2a: Dugtrio|Dugtrio, F|100/100
|
|upkeep
|turn|23
|
|t:|1730585297
|move|p1a: Magneton|Protect|p1a: Magneton
|-singleturn|p1a: Magneton|Protect
|move|p2a: Dugtrio|Earthquake|p1a: Magneton
|-activate|p1a: Magneton|Protect
|
|upkeep
|turn|24
|inactive|Garpachi has 270 seconds left.
|
|t:|1730585321
|move|p2a: Dugtrio|Earthquake|p1a: Magneton
|-supereffective|p1a: Magneton
|-damage|p1a: Magneton|0 fnt
|faint|p1a: Magneton
|
|t:|1730585328
|switch|p1a: Salamence|Salamence, F|78/100
|-ability|p1a: Salamence|Intimidate|boost
|-unboost|p2a: Dugtrio|atk|1
|
|-heal|p1a: Salamence|84/100|[from] item: Leftovers
|upkeep
|turn|25
|
|t:|1730585343
|switch|p2a: Suicune|Suicune|100/100
|move|p1a: Salamence|Dragon Dance|p1a: Salamence
|-boost|p1a: Salamence|atk|1
|-boost|p1a: Salamence|spe|1
|
|-heal|p1a: Salamence|90/100|[from] item: Leftovers
|upkeep
|turn|26
|inactive|Garpachi has 240 seconds left.
|inactive|Garpachi has 210 seconds left.
|
|t:|1730585405
|switch|p1a: Swampert|Swampert, F|100/100
|move|p2a: Suicune|Ice Beam|p1a: Swampert
|-damage|p1a: Swampert|82/100
|
|-heal|p1a: Swampert|88/100|[from] item: Leftovers
|upkeep
|turn|27
|inactive|Garpachi has 210 seconds left.
|
|t:|1730585424
|switch|p2a: Celebi|Celebi|100/100
|switch|p1a: Zapdos|Zapdos|100/100
|
|upkeep
|turn|28
|
|t:|1730585438
|move|p1a: Zapdos|Toxic|p2a: Celebi
|-status|p2a: Celebi|tox
|move|p2a: Celebi|Psychic|p1a: Zapdos
|-damage|p1a: Zapdos|63/100
|-unboost|p1a: Zapdos|spd|1
|
|-heal|p1a: Zapdos|69/100|[from] item: Leftovers
|-damage|p2a: Celebi|94/100 tox|[from] psn
|upkeep
|turn|29
|
|t:|1730585446
|switch|p1a: Tyranitar|Tyranitar, F|100/100
|-weather|Sandstorm|[from] ability: Sand Stream|[of] p1a: Tyranitar
|move|p2a: Celebi|Psychic|p1a: Tyranitar
|-immune|p1a: Tyranitar
|
|-weather|Sandstorm|[upkeep]
|-damage|p2a: Celebi|88/100 tox|[from] Sandstorm
|-heal|p2a: Celebi|94/100 tox|[from] item: Leftovers
|-damage|p2a: Celebi|82/100 tox|[from] psn
|upkeep
|turn|30
|inactive|Garpachi has 210 seconds left.
|
|t:|1730585469
|-curestatus|p2a: Celebi|tox|[from] ability: Natural Cure
|switch|p2a: Dugtrio|Dugtrio, F|100/100
|move|p1a: Tyranitar|Earthquake|p2a: Dugtrio
|-damage|p2a: Dugtrio|3/100
|
|-weather|Sandstorm|[upkeep]
|upkeep
|turn|31
|inactive|Garpachi has 210 seconds left.
|
|t:|1730585478
|move|p2a: Dugtrio|Earthquake|p1a: Tyranitar
|-supereffective|p1a: Tyranitar
|-damage|p1a: Tyranitar|2/100
|move|p1a: Tyranitar|Earthquake|p2a: Dugtrio
|-damage|p2a: Dugtrio|0 fnt
|faint|p2a: Dugtrio
|inactive|Kenava has 270 seconds left.
|inactive|Kenava has 240 seconds left.
|
|t:|1730585523
|switch|p2a: Starmie|Starmie|67/100
|
|-weather|Sandstorm|[upkeep]
|-damage|p2a: Starmie|60/100|[from] Sandstorm
|-heal|p2a: Starmie|67/100|[from] item: Leftovers
|upkeep
|turn|32
|inactive|Garpachi has 210 seconds left.
|
|t:|1730585556
|move|p2a: Starmie|Surf|p1a: Tyranitar
|-supereffective|p1a: Tyranitar
|-damage|p1a: Tyranitar|0 fnt
|faint|p1a: Tyranitar
|inactive|Garpachi has 180 seconds left.
|
|t:|1730585594
|switch|p1a: Swampert|Swampert, F|88/100
|
|-weather|Sandstorm|[upkeep]
|-damage|p2a: Starmie|60/100|[from] Sandstorm
|-heal|p2a: Starmie|67/100|[from] item: Leftovers
|-heal|p1a: Swampert|94/100|[from] item: Leftovers
|upkeep
|turn|33
|
|t:|1730585612
|switch|p2a: Celebi|Celebi|82/100
|move|p1a: Swampert|Ice Beam|p2a: Celebi
|-supereffective|p2a: Celebi
|-damage|p2a: Celebi|54/100
|
|-weather|Sandstorm|[upkeep]
|-damage|p2a: Celebi|48/100|[from] Sandstorm
|-heal|p2a: Celebi|54/100|[from] item: Leftovers
|-heal|p1a: Swampert|99/100|[from] item: Leftovers
|upkeep
|turn|34
|
|t:|1730585627
|move|p1a: Swampert|Protect|p1a: Swampert
|-singleturn|p1a: Swampert|Protect
|move|p2a: Celebi|Recover|p2a: Celebi
|-heal|p2a: Celebi|100/100
|
|-weather|Sandstorm|[upkeep]
|-damage|p2a: Celebi|94/100|[from] Sandstorm
|-heal|p2a: Celebi|100/100|[from] item: Leftovers
|-heal|p1a: Swampert|100/100|[from] item: Leftovers
|upkeep
|turn|35
|
|t:|1730585639
|move|p2a: Celebi|Leech Seed|p1a: Swampert|[miss]
|-miss|p2a: Celebi|p1a: Swampert
|move|p1a: Swampert|Ice Beam|p2a: Celebi
|-supereffective|p2a: Celebi
|-damage|p2a: Celebi|68/100
|
|-weather|Sandstorm|[upkeep]
|-damage|p2a: Celebi|62/100|[from] Sandstorm
|-heal|p2a: Celebi|68/100|[from] item: Leftovers
|upkeep
|turn|36
|
|t:|1730585651
|switch|p1a: Salamence|Salamence, F|90/100
|-ability|p1a: Salamence|Intimidate|boost
|-unboost|p2a: Celebi|atk|1
|move|p2a: Celebi|Hidden Power|p1a: Salamence
|-resisted|p1a: Salamence
|-damage|p1a: Salamence|83/100
|
|-weather|Sandstorm|[upkeep]
|-damage|p1a: Salamence|77/100|[from] Sandstorm
|-damage|p2a: Celebi|62/100|[from] Sandstorm
|-heal|p1a: Salamence|83/100|[from] item: Leftovers
|-heal|p2a: Celebi|68/100|[from] item: Leftovers
|upkeep
|turn|37
|
|t:|1730585662
|switch|p2a: Suicune|Suicune|100/100
|move|p1a: Salamence|Hidden Power|p2a: Suicune
|-damage|p2a: Suicune|76/100
|
|-weather|Sandstorm|[upkeep]
|-damage|p1a: Salamence|77/100|[from] Sandstorm
|-damage|p2a: Suicune|70/100|[from] Sandstorm
|-heal|p1a: Salamence|83/100|[from] item: Leftovers
|-heal|p2a: Suicune|76/100|[from] item: Leftovers
|upkeep
|turn|38
|
|t:|1730585673
|switch|p1a: Swampert|Swampert, F|100/100
|switch|p2a: Magneton|Magneton|100/100
|
|-weather|Sandstorm|[upkeep]
|upkeep
|turn|39
|
|t:|1730585691
|move|p1a: Swampert|Protect|p1a: Swampert
|-singleturn|p1a: Swampert|Protect
|move|p2a: Magneton|Rain Dance|p2a: Magneton
|-weather|RainDance
|
|-weather|RainDance|[upkeep]
|upkeep
|turn|40
|
|t:|1730585703
|switch|p2a: Celebi|Celebi|68/100
|move|p1a: Swampert|Ice Beam|p2a: Celebi
|-supereffective|p2a: Celebi
|-damage|p2a: Celebi|40/100
|
|-weather|RainDance|[upkeep]
|-heal|p2a: Celebi|46/100|[from] item: Leftovers
|upkeep
|turn|41
|
|t:|1730585711
|switch|p1a: Salamence|Salamence, F|83/100
|-ability|p1a: Salamence|Intimidate|boost
|-unboost|p2a: Celebi|atk|1
|move|p2a: Celebi|Recover|p2a: Celebi
|-heal|p2a: Celebi|96/100
|
|-weather|RainDance|[upkeep]
|-heal|p1a: Salamence|89/100|[from] item: Leftovers
|-heal|p2a: Celebi|100/100|[from] item: Leftovers
|upkeep
|turn|42
|
|t:|1730585724
|switch|p2a: Starmie|Starmie|67/100
|move|p1a: Salamence|Hidden Power|p2a: Starmie
|-damage|p2a: Starmie|20/100
|
|-weather|RainDance|[upkeep]
|-heal|p2a: Starmie|26/100|[from] item: Leftovers
|-heal|p1a: Salamence|95/100|[from] item: Leftovers
|upkeep
|turn|43
|inactive|Garpachi has 150 seconds left.
|
|t:|1730585773
|switch|p1a: Swampert|Swampert, F|100/100
|move|p2a: Starmie|Thunder Wave|p1a: Swampert
|-immune|p1a: Swampert
|
|-weather|none
|-heal|p2a: Starmie|33/100|[from] item: Leftovers
|upkeep
|turn|44
|
|t:|1730585787
|switch|p1a: Salamence|Salamence, F|95/100
|-ability|p1a: Salamence|Intimidate|boost
|-unboost|p2a: Starmie|atk|1
|move|p2a: Starmie|Recover|p2a: Starmie
|-heal|p2a: Starmie|83/100
|
|-heal|p2a: Starmie|89/100|[from] item: Leftovers
|-heal|p1a: Salamence|100/100|[from] item: Leftovers
|upkeep
|turn|45
|
|t:|1730585796
|switch|p1a: Swampert|Swampert, F|100/100
|move|p2a: Starmie|Surf|p1a: Swampert
|-damage|p1a: Swampert|72/100
|
|-heal|p2a: Starmie|95/100|[from] item: Leftovers
|-heal|p1a: Swampert|79/100|[from] item: Leftovers
|upkeep
|turn|46
|
|t:|1730585807
|move|p2a: Starmie|Surf|p1a: Swampert
|-damage|p1a: Swampert|48/100
|move|p1a: Swampert|Ice Beam|p2a: Starmie
|-resisted|p2a: Starmie
|-damage|p2a: Starmie|83/100
|
|-heal|p2a: Starmie|89/100|[from] item: Leftovers
|-heal|p1a: Swampert|55/100|[from] item: Leftovers
|upkeep
|turn|47
|
|t:|1730585815
|move|p1a: Swampert|Protect|p1a: Swampert
|-singleturn|p1a: Swampert|Protect
|move|p2a: Starmie|Surf|p1a: Swampert
|-activate|p1a: Swampert|Protect
|
|-heal|p2a: Starmie|95/100|[from] item: Leftovers
|-heal|p1a: Swampert|61/100|[from] item: Leftovers
|upkeep
|turn|48
|
|t:|1730585843
|move|p2a: Starmie|Surf|p1a: Swampert
|-damage|p1a: Swampert|30/100
|move|p1a: Swampert|Earthquake|p2a: Starmie
|-damage|p2a: Starmie|50/100
|
|-heal|p2a: Starmie|57/100|[from] item: Leftovers
|-heal|p1a: Swampert|36/100|[from] item: Leftovers
|upkeep
|turn|49
|
|t:|1730585857
|move|p2a: Starmie|Recover|p2a: Starmie
|-heal|p2a: Starmie|100/100
|move|p1a: Swampert|Earthquake|p2a: Starmie
|-damage|p2a: Starmie|59/100
|
|-heal|p2a: Starmie|65/100|[from] item: Leftovers
|-heal|p1a: Swampert|42/100|[from] item: Leftovers
|upkeep
|turn|50
|
|t:|1730585877
|move|p2a: Starmie|Surf|p1a: Swampert
|-damage|p1a: Swampert|13/100
|move|p1a: Swampert|Earthquake|p2a: Starmie
|-damage|p2a: Starmie|19/100
|
|-heal|p2a: Starmie|25/100|[from] item: Leftovers
|-heal|p1a: Swampert|19/100|[from] item: Leftovers
|upkeep
|turn|51
|
|t:|1730585884
|move|p2a: Starmie|Recover|p2a: Starmie
|-heal|p2a: Starmie|75/100
|move|p1a: Swampert|Earthquake|p2a: Starmie
|-damage|p2a: Starmie|34/100
|
|-heal|p2a: Starmie|40/100|[from] item: Leftovers
|-heal|p1a: Swampert|26/100|[from] item: Leftovers
|upkeep
|turn|52
|
|t:|1730585900
|move|p2a: Starmie|Recover|p2a: Starmie
|-heal|p2a: Starmie|90/100
|move|p1a: Swampert|Earthquake|p2a: Starmie
|-damage|p2a: Starmie|47/100
|
|-heal|p2a: Starmie|53/100|[from] item: Leftovers
|-heal|p1a: Swampert|32/100|[from] item: Leftovers
|upkeep
|turn|53
|
|t:|1730585909
|move|p2a: Starmie|Surf|p1a: Swampert
|-damage|p1a: Swampert|3/100
|move|p1a: Swampert|Earthquake|p2a: Starmie
|-damage|p2a: Starmie|10/100
|
|-heal|p2a: Starmie|17/100|[from] item: Leftovers
|-heal|p1a: Swampert|9/100|[from] item: Leftovers
|upkeep
|turn|54
|
|t:|1730585916
|move|p2a: Starmie|Recover|p2a: Starmie
|-heal|p2a: Starmie|67/100
|move|p1a: Swampert|Earthquake|p2a: Starmie
|-damage|p2a: Starmie|18/100
|
|-heal|p2a: Starmie|24/100|[from] item: Leftovers
|-heal|p1a: Swampert|15/100|[from] item: Leftovers
|upkeep
|turn|55
|
|t:|1730585925
|move|p2a: Starmie|Recover|p2a: Starmie
|-heal|p2a: Starmie|74/100
|move|p1a: Swampert|Earthquake|p2a: Starmie
|-damage|p2a: Starmie|29/100
|
|-heal|p2a: Starmie|35/100|[from] item: Leftovers
|-heal|p1a: Swampert|22/100|[from] item: Leftovers
|upkeep
|turn|56
|
|t:|1730585934
|move|p2a: Starmie|Surf|p1a: Swampert
|-damage|p1a: Swampert|0 fnt
|faint|p1a: Swampert
|
|t:|1730585943
|switch|p1a: Salamence|Salamence, F|100/100
|-ability|p1a: Salamence|Intimidate|boost
|-unboost|p2a: Starmie|atk|1
|
|-heal|p2a: Starmie|42/100|[from] item: Leftovers
|upkeep
|turn|57
|inactive|Garpachi has 150 seconds left.
|
|t:|1730585952
|move|p2a: Starmie|Thunder Wave|p1a: Salamence
|-status|p1a: Salamence|par
|move|p1a: Salamence|Hidden Power|p2a: Starmie
|-damage|p2a: Starmie|0 fnt
|faint|p2a: Starmie
|
|t:|1730585960
|switch|p2a: Suicune|Suicune|76/100
|
|-heal|p2a: Suicune|83/100|[from] item: Leftovers
|upkeep
|turn|58
|
|t:|1730585970
|switch|p1a: Zapdos|Zapdos|69/100
|move|p2a: Suicune|Calm Mind|p2a: Suicune
|-boost|p2a: Suicune|spa|1
|-boost|p2a: Suicune|spd|1
|
|-heal|p1a: Zapdos|75/100|[from] item: Leftovers
|-heal|p2a: Suicune|89/100|[from] item: Leftovers
|upkeep
|turn|59
|inactive|Garpachi has 150 seconds left.
|
|t:|1730586003
|move|p1a: Zapdos|Thunderbolt|p2a: Suicune
|-supereffective|p2a: Suicune
|-damage|p2a: Suicune|43/100
|move|p2a: Suicune|Ice Beam|p1a: Zapdos
|-supereffective|p1a: Zapdos
|-damage|p1a: Zapdos|9/100
|
|-heal|p1a: Zapdos|15/100|[from] item: Leftovers
|-heal|p2a: Suicune|49/100|[from] item: Leftovers
|upkeep
|turn|60
|
|t:|1730586029
|move|p1a: Zapdos|Thunderbolt|p2a: Suicune
|-supereffective|p2a: Suicune
|-damage|p2a: Suicune|2/100
|move|p2a: Suicune|Ice Beam|p1a: Zapdos
|-supereffective|p1a: Zapdos
|-damage|p1a: Zapdos|0 fnt
|faint|p1a: Zapdos
|c|☆Garpachi|gg
|c|☆Kenava|gg
|inactive|Garpachi has 120 seconds left.
|-message|Garpachi forfeited.
|
|win|Kenava
|player|p2|

</script>
<script type="application/json" class="data" id="replaydata-smogtours-gen3ou-804149">
{"id":"smogtours-gen3ou-804149","format":"[Gen 3] OU","players":["Garpachi","Kenava"],"uploadtime":1730586041,"views":60,"formatid":"gen3ou","rating":null,"private":0,"password":null}
</script>

<script defer src="js/replays.js?9d40a366"></script>
