<!DOCTYPE html>
<meta charset="utf-8" />
<meta name="viewport" content="width=device-width" />

<title>[Gen 3] OU: ThisGuyMuks vs. Blaniom - Replays - Pok&eacute;mon Showdown!</title>

<meta name="description" content="Watch a replay of a Pok&eacute;mon battle between ThisGuyMuks and Blaniom! Format: [Gen 3] OU; Date: Oct 18, 2024" />
<!--

Hey, you! Looking in the source for the replay log?

You can find them in JSON format, just add `.json` at the end of a replay URL.

https://replay.pokemonshowdown.com/gen7randomdoublesbattle-865046831.json

Or, if you only need the log itself, add `.log` instead:

https://replay.pokemonshowdown.com/gen7randomdoublesbattle-865046831.log

-->

<link rel="stylesheet" href="//pokemonshowdown.com/style/global.css?0.767286132409787" />
<link rel="stylesheet" href="//play.pokemonshowdown.com/style/font-awesome.css?0.9266228007934947" />
<link rel="stylesheet" href="//play.pokemonshowdown.com/style/battle.css?0.7924700842790926" />
<link rel="stylesheet" href="//play.pokemonshowdown.com/style/utilichart.css?0.8777417872839479" />

<!-- Global site tag (gtag.js) - Google Analytics -->
<script async src="https://www.googletagmanager.com/gtag/js?id=UA-26211653-1"></script>
<script>
  window.dataLayer = window.dataLayer || [];
  function gtag(){dataLayer.push(arguments);}
  gtag('js', new Date());

  gtag('config', 'UA-26211653-1');
</script>
<!-- End Google Analytics -->
<!-- Venatus Ad Manager - Install in <HEAD> of page -->
	<script src="https://hb.vntsm.com/v3/live/ad-manager.min.js" type="text/javascript" data-site-id="642aba63ec9a7b11c3c9c1be" data-mode="scan" async></script>
<!-- / Venatus Ad Manager -->

<style>
	@media (max-width:820px) {
		.battle {
			margin: 0 auto;
		}
		.battle-log {
			margin: 7px auto 0;
			max-width: 640px;
			height: 300px;
			position: static;
		}
	}
	.optgroup {
		display: inline-block;
		line-height: 22px;
		font-size: 10pt;
	}
	.optgroup .button {
		height: 25px;
		padding-top: 0;
		padding-bottom: 0;
	}
	.optgroup button.button {
		padding-left: 12px;
		padding-right: 12px;
	}
	.linklist {
		list-style: none;
		margin: 0.5em 0;
		padding: 0;
	}
	.linklist li {
		padding: 2px 0;
	}
	.sidebar {
		float: left;
		width: 320px;
	}
	.bar-wrapper {
		max-width: 1100px;
		margin: 0 auto;
	}
	.bar-wrapper.has-sidebar {
		max-width: 1430px;
	}
	.mainbar {
		margin: 0;
		padding-right: 1px;
	}
	.mainbar.has-sidebar {
		margin-left: 330px;
	}
	@media (min-width: 1511px) {
		.sidebar {
			width: 400px;
		}
		.bar-wrapper.has-sidebar {
			max-width: 1510px;
		}
		.mainbar.has-sidebar {
			margin-left: 410px;
		}
	}
	.section.first-section {
		margin-top: 9px;
	}
	.blocklink small {
		white-space: normal;
	}
	.button {
		vertical-align: middle;
	}
	.replay-controls {
		padding-top: 10px;
	}
	.replay-controls h1 {
		font-size: 16pt;
		font-weight: normal;
		color: #CCC;
	}
	.pagelink {
		text-align: center;
	}
	.pagelink a {
		width: 150px;
	}
	.textbox, .button {
		font-size: 11pt;
		vertical-align: middle;
	}
	@media (max-width: 450px) {
		.button {
			font-size: 9pt;
		}
	}
</style>

<div>

	<header>
		<div class="nav-wrapper"><ul class="nav">
			<li><a class="button nav-first" href="//pokemonshowdown.com/"><img src="//pokemonshowdown.com/images/pokemonshowdownbeta.png" srcset="//pokemonshowdown.com/images/pokemonshowdownbeta.png 1x, //pokemonshowdown.com/images/pokemonshowdownbeta@2x.png 2x" alt="Pok&eacute;mon Showdown" width="146" height="44" /> Home</a></li>
			<li><a class="button" href="//pokemonshowdown.com/dex/">Pok&eacute;dex</a></li>
			<li><a class="button cur" href="/">Replays</a></li>
			<li><a class="button" href="//pokemonshowdown.com/ladder/">Ladder</a></li>
			<li><a class="button nav-last" href="//pokemonshowdown.com/forums/">Forum</a></li>
			<li><a class="button greenbutton nav-first nav-last" href="//play.pokemonshowdown.com/">Play</a></li>
		</ul></div>
	</header>

	<div class="main" id="main">

		<noscript><section class="section">You need to enable JavaScript to use this page; sorry!</section></noscript>

	</div>

</div>

<script defer nomodule src="//play.pokemonshowdown.com/js/lib/ps-polyfill.js"></script>
<script defer src="//play.pokemonshowdown.com/js/lib/preact.min.js"></script>

<script defer src="//play.pokemonshowdown.com/config/config.js?6dec07f6"></script>
<script defer src="//play.pokemonshowdown.com/js/lib/jquery-1.11.0.min.js"></script>
<script defer src="//play.pokemonshowdown.com/js/lib/html-sanitizer-minified.js"></script>
<script defer src="//play.pokemonshowdown.com/js/battle-sound.js"></script>
<script defer src="//play.pokemonshowdown.com/js/battledata.js?0.6315294753075389"></script>
<script defer src="//play.pokemonshowdown.com/data/pokedex-mini.js?0.7603743185311358"></script>
<script defer src="//play.pokemonshowdown.com/data/pokedex-mini-bw.js?0.030888842834281283"></script>
<script defer src="//play.pokemonshowdown.com/data/graphics.js?0.05593094747507488"></script>
<script defer src="//play.pokemonshowdown.com/data/pokedex.js?0.47064822249611904"></script>
<script defer src="//play.pokemonshowdown.com/data/moves.js?0.8583693120512459"></script>
<script defer src="//play.pokemonshowdown.com/data/abilities.js?0.16017181182386842"></script>
<script defer src="//play.pokemonshowdown.com/data/items.js?0.4163379185673943"></script>
<script defer src="//play.pokemonshowdown.com/data/teambuilder-tables.js?0.31075597372830477"></script>
<script defer src="//play.pokemonshowdown.com/js/battle-tooltips.js?0.6536193500708172"></script>
<script defer src="//play.pokemonshowdown.com/js/battle.js?0.1916591943277901"></script>

<script defer src="js/utils.js?e31f9a17"></script>
<script defer src="js/replays-battle.js?7008c182"></script>

<!-- don't scrape this data! just add .json or .log after the URL!
Full API docs: https://github.com/smogon/pokemon-showdown-client/blob/master/WEB-API.md -->
<script type="text/plain" class="log" id="replaylog-smogtours-gen3ou-799596">
|inactive|Battle timer is ON: inactive players will automatically lose when time's up.
|t:|1729275585
|gametype|singles
|player|p1|ThisGuyMuks|169|
|player|p2|Blaniom|clerkf|
|teamsize|p1|6
|teamsize|p2|6
|gen|3
|tier|[Gen 3] OU
|rule|Sleep Clause Mod: Limit one foe put to sleep
|rule|Switch Priority Clause Mod: Faster Pokémon switch first
|rule|Species Clause: Limit one of each Pokémon
|rule|OHKO Clause: OHKO moves are banned
|rule|Evasion Items Clause: Evasion items are banned
|rule|Evasion Moves Clause: Evasion moves are banned
|rule|Endless Battle Clause: Forcing endless battles is banned
|rule|HP Percentage Mod: HP is shown in percentages
|rule|One Boost Passer Clause: Limit one Baton Passer that has a way to boost its stats
|rule|Freeze Clause Mod: Limit one foe frozen
|
|t:|1729275585
|start
|switch|p1a: Registeel|Registeel|100/100
|switch|p2a: Zapdos|Zapdos|100/100
|turn|1
|c|☆Blaniom|gl
|
|t:|1729275611
|move|p2a: Zapdos|Thunderbolt|p1a: Registeel
|-crit|p1a: Registeel
|-damage|p1a: Registeel|56/100
|move|p1a: Registeel|Seismic Toss|p2a: Zapdos
|-damage|p2a: Zapdos|74/100
|
|-heal|p2a: Zapdos|81/100|[from] item: Leftovers
|-heal|p1a: Registeel|62/100|[from] item: Leftovers
|upkeep
|turn|2
|
|t:|1729275617
|move|p2a: Zapdos|Thunderbolt|p1a: Registeel
|-damage|p1a: Registeel|40/100
|move|p1a: Registeel|Thunder Wave|p2a: Zapdos
|-status|p2a: Zapdos|par
|
|-heal|p1a: Registeel|46/100|[from] item: Leftovers
|-heal|p2a: Zapdos|87/100 par|[from] item: Leftovers
|upkeep
|turn|3
|
|t:|1729275621
|switch|p1a: Blissey|Blissey, F|100/100
|switch|p2a: Forretress|Forretress, M|100/100
|
|upkeep
|turn|4
|c|☆ThisGuyMuks|u2
|
|t:|1729275637
|switch|p2a: Zapdos|Zapdos|87/100 par
|move|p1a: Blissey|Calm Mind|p1a: Blissey
|-boost|p1a: Blissey|spa|1
|-boost|p1a: Blissey|spd|1
|
|-heal|p2a: Zapdos|93/100 par|[from] item: Leftovers
|upkeep
|turn|5
|
|t:|1729275640
|move|p1a: Blissey|Ice Beam|p2a: Zapdos
|-supereffective|p2a: Zapdos
|-damage|p2a: Zapdos|39/100 par
|move|p2a: Zapdos|Toxic|p1a: Blissey
|-status|p1a: Blissey|tox
|
|-damage|p1a: Blissey|94/100 tox|[from] psn
|-heal|p2a: Zapdos|46/100 par|[from] item: Leftovers
|upkeep
|turn|6
|
|t:|1729275646
|switch|p2a: Blissey|Blissey, F|100/100
|move|p1a: Blissey|Thunderbolt|p2a: Blissey
|-damage|p2a: Blissey|86/100
|
|-heal|p1a: Blissey|100/100 tox|[from] item: Leftovers
|-damage|p1a: Blissey|88/100 tox|[from] psn
|-heal|p2a: Blissey|92/100|[from] item: Leftovers
|upkeep
|turn|7
|
|t:|1729275654
|-curestatus|p1a: Blissey|tox|[from] ability: Natural Cure
|switch|p1a: Milotic|Milotic, F|100/100
|move|p2a: Blissey|Seismic Toss|p1a: Milotic
|-damage|p1a: Milotic|75/100
|
|-heal|p1a: Milotic|81/100|[from] item: Leftovers
|-heal|p2a: Blissey|99/100|[from] item: Leftovers
|upkeep
|turn|8
|
|t:|1729275663
|move|p1a: Milotic|Toxic|p2a: Blissey
|-status|p2a: Blissey|tox
|move|p2a: Blissey|Thunder Wave|p1a: Milotic
|-status|p1a: Milotic|par
|
|-heal|p2a: Blissey|100/100 tox|[from] item: Leftovers
|-damage|p2a: Blissey|94/100 tox|[from] psn
|-heal|p1a: Milotic|87/100 par|[from] item: Leftovers
|upkeep
|turn|9
|
|t:|1729275666
|move|p2a: Blissey|Aromatherapy|p2a: Blissey
|-cureteam|p2a: Blissey|[from] move: Aromatherapy
|cant|p1a: Milotic|par
|
|-heal|p2a: Blissey|100/100|[from] item: Leftovers
|-heal|p1a: Milotic|93/100 par|[from] item: Leftovers
|upkeep
|turn|10
|
|t:|1729275671
|switch|p2a: Zapdos|Zapdos|46/100
|move|p1a: Milotic|Refresh|p1a: Milotic
|-curestatus|p1a: Milotic|par|[msg]
|
|-heal|p2a: Zapdos|52/100|[from] item: Leftovers
|-heal|p1a: Milotic|99/100|[from] item: Leftovers
|upkeep
|turn|11
|
|t:|1729275676
|switch|p1a: Blissey|Blissey, F|88/100
|move|p2a: Zapdos|Toxic|p1a: Blissey|[miss]
|-miss|p2a: Zapdos|p1a: Blissey
|
|-heal|p2a: Zapdos|58/100|[from] item: Leftovers
|-heal|p1a: Blissey|94/100|[from] item: Leftovers
|upkeep
|turn|12
|
|t:|1729275684
|move|p2a: Zapdos|Toxic|p1a: Blissey
|-status|p1a: Blissey|tox
|move|p1a: Blissey|Calm Mind|p1a: Blissey
|-boost|p1a: Blissey|spa|1
|-boost|p1a: Blissey|spd|1
|
|-heal|p2a: Zapdos|64/100|[from] item: Leftovers
|-heal|p1a: Blissey|100/100 tox|[from] item: Leftovers
|-damage|p1a: Blissey|94/100 tox|[from] psn
|upkeep
|turn|13
|
|t:|1729275689
|move|p2a: Zapdos|Protect|p2a: Zapdos
|-singleturn|p2a: Zapdos|Protect
|move|p1a: Blissey|Thunderbolt|p2a: Zapdos
|-activate|p2a: Zapdos|Protect
|
|-heal|p2a: Zapdos|71/100|[from] item: Leftovers
|-heal|p1a: Blissey|100/100 tox|[from] item: Leftovers
|-damage|p1a: Blissey|88/100 tox|[from] psn
|upkeep
|turn|14
|
|t:|1729275694
|switch|p2a: Blissey|Blissey, F|100/100
|move|p1a: Blissey|Ice Beam|p2a: Blissey
|-damage|p2a: Blissey|88/100
|-status|p2a: Blissey|frz
|
|-heal|p1a: Blissey|94/100 tox|[from] item: Leftovers
|-damage|p1a: Blissey|76/100 tox|[from] psn
|-heal|p2a: Blissey|94/100 frz|[from] item: Leftovers
|upkeep
|turn|15
|
|t:|1729275701
|-curestatus|p1a: Blissey|tox|[from] ability: Natural Cure
|switch|p1a: Registeel|Registeel|46/100
|-curestatus|p2a: Blissey|frz|[from] ability: Natural Cure
|switch|p2a: Zapdos|Zapdos|71/100
|
|-heal|p2a: Zapdos|77/100|[from] item: Leftovers
|-heal|p1a: Registeel|52/100|[from] item: Leftovers
|upkeep
|turn|16
|
|t:|1729275709
|switch|p2a: Forretress|Forretress, M|100/100
|switch|p1a: Blissey|Blissey, F|76/100
|
|-heal|p1a: Blissey|82/100|[from] item: Leftovers
|upkeep
|turn|17
|
|t:|1729275726
|move|p1a: Blissey|Calm Mind|p1a: Blissey
|-boost|p1a: Blissey|spa|1
|-boost|p1a: Blissey|spd|1
|move|p2a: Forretress|Spikes|p1a: Blissey
|-sidestart|p1: ThisGuyMuks|Spikes
|
|-heal|p1a: Blissey|88/100|[from] item: Leftovers
|upkeep
|turn|18
|
|t:|1729275731
|switch|p2a: Tyranitar|Tyranitar, F|100/100
|-weather|Sandstorm|[from] ability: Sand Stream|[of] p2a: Tyranitar
|move|p1a: Blissey|Calm Mind|p1a: Blissey
|-boost|p1a: Blissey|spa|1
|-boost|p1a: Blissey|spd|1
|
|-weather|Sandstorm|[upkeep]
|-damage|p1a: Blissey|82/100|[from] Sandstorm
|-heal|p1a: Blissey|88/100|[from] item: Leftovers
|upkeep
|turn|19
|
|t:|1729275752
|switch|p1a: Claydol|Claydol|100/100
|move|p2a: Tyranitar|Rock Slide|p1a: Claydol
|-resisted|p1a: Claydol
|-damage|p1a: Claydol|80/100
|
|-weather|Sandstorm|[upkeep]
|-heal|p1a: Claydol|86/100|[from] item: Leftovers
|upkeep
|turn|20
|
|t:|1729275762
|switch|p2a: Suicune|Suicune|100/100
|move|p1a: Claydol|Rapid Spin|p2a: Suicune
|-damage|p2a: Suicune|97/100
|-sideend|p1: ThisGuyMuks|Spikes|[from] move: Rapid Spin|[of] p1a: Claydol
|
|-weather|Sandstorm|[upkeep]
|-damage|p2a: Suicune|91/100|[from] Sandstorm
|-heal|p2a: Suicune|97/100|[from] item: Leftovers
|-heal|p1a: Claydol|92/100|[from] item: Leftovers
|upkeep
|turn|21
|
|t:|1729275768
|switch|p2a: Forretress|Forretress, M|100/100
|switch|p1a: Milotic|Milotic, F|99/100
|
|-weather|Sandstorm|[upkeep]
|-damage|p1a: Milotic|93/100|[from] Sandstorm
|-heal|p1a: Milotic|99/100|[from] item: Leftovers
|upkeep
|turn|22
|
|t:|1729275772
|move|p1a: Milotic|Surf|p2a: Forretress
|-damage|p2a: Forretress|55/100
|move|p2a: Forretress|Spikes|p1a: Milotic
|-sidestart|p1: ThisGuyMuks|Spikes
|
|-weather|Sandstorm|[upkeep]
|-damage|p1a: Milotic|93/100|[from] Sandstorm
|-heal|p1a: Milotic|99/100|[from] item: Leftovers
|-heal|p2a: Forretress|62/100|[from] item: Leftovers
|upkeep
|turn|23
|
|t:|1729275788
|switch|p2a: Blissey|Blissey, F|94/100
|move|p1a: Milotic|Surf|p2a: Blissey
|-damage|p2a: Blissey|82/100
|
|-weather|Sandstorm|[upkeep]
|-damage|p1a: Milotic|93/100|[from] Sandstorm
|-damage|p2a: Blissey|76/100|[from] Sandstorm
|-heal|p1a: Milotic|99/100|[from] item: Leftovers
|-heal|p2a: Blissey|82/100|[from] item: Leftovers
|upkeep
|turn|24
|
|t:|1729275798
|switch|p2a: Zapdos|Zapdos|77/100
|move|p1a: Milotic|Toxic|p2a: Zapdos|[miss]
|-miss|p1a: Milotic|p2a: Zapdos
|
|-weather|Sandstorm|[upkeep]
|-damage|p2a: Zapdos|71/100|[from] Sandstorm
|-damage|p1a: Milotic|93/100|[from] Sandstorm
|-heal|p2a: Zapdos|77/100|[from] item: Leftovers
|-heal|p1a: Milotic|99/100|[from] item: Leftovers
|upkeep
|turn|25
|
|t:|1729275804
|switch|p1a: Blissey|Blissey, F|88/100
|-damage|p1a: Blissey|76/100|[from] Spikes
|move|p2a: Zapdos|Thunderbolt|p1a: Blissey
|-damage|p1a: Blissey|61/100
|
|-weather|Sandstorm|[upkeep]
|-damage|p2a: Zapdos|71/100|[from] Sandstorm
|-damage|p1a: Blissey|54/100|[from] Sandstorm
|-heal|p2a: Zapdos|77/100|[from] item: Leftovers
|-heal|p1a: Blissey|61/100|[from] item: Leftovers
|upkeep
|turn|26
|
|t:|1729275807
|move|p2a: Zapdos|Toxic|p1a: Blissey
|-status|p1a: Blissey|tox
|move|p1a: Blissey|Soft-Boiled|p1a: Blissey
|-heal|p1a: Blissey|100/100 tox
|
|-weather|Sandstorm|[upkeep]
|-damage|p2a: Zapdos|71/100|[from] Sandstorm
|-damage|p1a: Blissey|94/100 tox|[from] Sandstorm
|-heal|p2a: Zapdos|77/100|[from] item: Leftovers
|-heal|p1a: Blissey|100/100 tox|[from] item: Leftovers
|-damage|p1a: Blissey|94/100 tox|[from] psn
|upkeep
|turn|27
|
|t:|1729275812
|move|p2a: Zapdos|Toxic|p1a: Blissey
|-fail|p1a: Blissey|tox
|move|p1a: Blissey|Ice Beam|p2a: Zapdos
|-supereffective|p2a: Zapdos
|-damage|p2a: Zapdos|40/100
|
|-weather|Sandstorm|[upkeep]
|-damage|p2a: Zapdos|34/100|[from] Sandstorm
|-damage|p1a: Blissey|88/100 tox|[from] Sandstorm
|-heal|p2a: Zapdos|40/100|[from] item: Leftovers
|-heal|p1a: Blissey|94/100 tox|[from] item: Leftovers
|-damage|p1a: Blissey|82/100 tox|[from] psn
|upkeep
|turn|28
|
|t:|1729275819
|move|p2a: Zapdos|Protect|p2a: Zapdos
|-singleturn|p2a: Zapdos|Protect
|move|p1a: Blissey|Ice Beam|p2a: Zapdos
|-activate|p2a: Zapdos|Protect
|
|-weather|Sandstorm|[upkeep]
|-damage|p2a: Zapdos|34/100|[from] Sandstorm
|-damage|p1a: Blissey|76/100 tox|[from] Sandstorm
|-heal|p2a: Zapdos|40/100|[from] item: Leftovers
|-heal|p1a: Blissey|82/100 tox|[from] item: Leftovers
|-damage|p1a: Blissey|64/100 tox|[from] psn
|upkeep
|turn|29
|
|t:|1729275824
|switch|p2a: Blissey|Blissey, F|82/100
|-curestatus|p1a: Blissey|tox|[from] ability: Natural Cure
|switch|p1a: Claydol|Claydol|92/100
|
|-weather|Sandstorm|[upkeep]
|-damage|p2a: Blissey|76/100|[from] Sandstorm
|-heal|p1a: Claydol|99/100|[from] item: Leftovers
|-heal|p2a: Blissey|82/100|[from] item: Leftovers
|upkeep
|turn|30
|
|t:|1729275832
|switch|p1a: Milotic|Milotic, F|99/100
|-damage|p1a: Milotic|87/100|[from] Spikes
|move|p2a: Blissey|Soft-Boiled|p2a: Blissey
|-heal|p2a: Blissey|100/100
|
|-weather|Sandstorm|[upkeep]
|-damage|p1a: Milotic|81/100|[from] Sandstorm
|-damage|p2a: Blissey|94/100|[from] Sandstorm
|-heal|p1a: Milotic|87/100|[from] item: Leftovers
|-heal|p2a: Blissey|100/100|[from] item: Leftovers
|upkeep
|turn|31
|
|t:|1729275836
|move|p1a: Milotic|Surf|p2a: Blissey
|-crit|p2a: Blissey
|-damage|p2a: Blissey|78/100
|move|p2a: Blissey|Thunder Wave|p1a: Milotic
|-status|p1a: Milotic|par
|
|-weather|Sandstorm|[upkeep]
|-damage|p2a: Blissey|71/100|[from] Sandstorm
|-damage|p1a: Milotic|81/100 par|[from] Sandstorm
|-heal|p2a: Blissey|78/100|[from] item: Leftovers
|-heal|p1a: Milotic|87/100 par|[from] item: Leftovers
|upkeep
|turn|32
|
|t:|1729275840
|move|p2a: Blissey|Seismic Toss|p1a: Milotic
|-damage|p1a: Milotic|62/100 par
|move|p1a: Milotic|Refresh|p1a: Milotic
|-curestatus|p1a: Milotic|par|[msg]
|
|-weather|Sandstorm|[upkeep]
|-damage|p1a: Milotic|56/100|[from] Sandstorm
|-damage|p2a: Blissey|71/100|[from] Sandstorm
|-heal|p1a: Milotic|62/100|[from] item: Leftovers
|-heal|p2a: Blissey|78/100|[from] item: Leftovers
|upkeep
|turn|33
|
|t:|1729275843
|move|p1a: Milotic|Toxic|p2a: Blissey
|-status|p2a: Blissey|tox
|move|p2a: Blissey|Thunder Wave|p1a: Milotic
|-status|p1a: Milotic|par
|
|-weather|Sandstorm|[upkeep]
|-damage|p2a: Blissey|71/100 tox|[from] Sandstorm
|-damage|p1a: Milotic|56/100 par|[from] Sandstorm
|-heal|p2a: Blissey|78/100 tox|[from] item: Leftovers
|-damage|p2a: Blissey|71/100 tox|[from] psn
|-heal|p1a: Milotic|62/100 par|[from] item: Leftovers
|upkeep
|turn|34
|
|t:|1729275847
|move|p2a: Blissey|Soft-Boiled|p2a: Blissey
|-heal|p2a: Blissey|100/100 tox
|cant|p1a: Milotic|par
|
|-weather|Sandstorm|[upkeep]
|-damage|p2a: Blissey|94/100 tox|[from] Sandstorm
|-damage|p1a: Milotic|56/100 par|[from] Sandstorm
|-heal|p2a: Blissey|100/100 tox|[from] item: Leftovers
|-damage|p2a: Blissey|88/100 tox|[from] psn
|-heal|p1a: Milotic|62/100 par|[from] item: Leftovers
|upkeep
|turn|35
|
|t:|1729275850
|-curestatus|p2a: Blissey|tox|[from] ability: Natural Cure
|switch|p2a: Suicune|Suicune|97/100
|move|p1a: Milotic|Surf|p2a: Suicune
|-resisted|p2a: Suicune
|-damage|p2a: Suicune|84/100
|
|-weather|Sandstorm|[upkeep]
|-damage|p2a: Suicune|78/100|[from] Sandstorm
|-damage|p1a: Milotic|56/100 par|[from] Sandstorm
|-heal|p2a: Suicune|84/100|[from] item: Leftovers
|-heal|p1a: Milotic|62/100 par|[from] item: Leftovers
|upkeep
|turn|36
|
|t:|1729275864
|switch|p2a: Blissey|Blissey, F|88/100
|cant|p1a: Milotic|par
|
|-weather|Sandstorm|[upkeep]
|-damage|p2a: Blissey|82/100|[from] Sandstorm
|-damage|p1a: Milotic|56/100 par|[from] Sandstorm
|-heal|p2a: Blissey|88/100|[from] item: Leftovers
|-heal|p1a: Milotic|62/100 par|[from] item: Leftovers
|upkeep
|turn|37
|
|t:|1729275869
|move|p2a: Blissey|Seismic Toss|p1a: Milotic
|-damage|p1a: Milotic|36/100 par
|move|p1a: Milotic|Recover|p1a: Milotic
|-heal|p1a: Milotic|86/100 par
|
|-weather|Sandstorm|[upkeep]
|-damage|p2a: Blissey|82/100|[from] Sandstorm
|-damage|p1a: Milotic|80/100 par|[from] Sandstorm
|-heal|p2a: Blissey|88/100|[from] item: Leftovers
|-heal|p1a: Milotic|86/100 par|[from] item: Leftovers
|upkeep
|turn|38
|
|t:|1729275872
|move|p2a: Blissey|Seismic Toss|p1a: Milotic
|-damage|p1a: Milotic|61/100 par
|cant|p1a: Milotic|par
|
|-weather|Sandstorm|[upkeep]
|-damage|p2a: Blissey|82/100|[from] Sandstorm
|-damage|p1a: Milotic|55/100 par|[from] Sandstorm
|-heal|p2a: Blissey|88/100|[from] item: Leftovers
|-heal|p1a: Milotic|61/100 par|[from] item: Leftovers
|upkeep
|turn|39
|
|t:|1729275877
|switch|p2a: Zapdos|Zapdos|40/100
|move|p1a: Milotic|Recover|p1a: Milotic
|-heal|p1a: Milotic|100/100 par
|
|-weather|Sandstorm|[upkeep]
|-damage|p2a: Zapdos|34/100|[from] Sandstorm
|-damage|p1a: Milotic|94/100 par|[from] Sandstorm
|-heal|p2a: Zapdos|40/100|[from] item: Leftovers
|-heal|p1a: Milotic|100/100 par|[from] item: Leftovers
|upkeep
|turn|40
|
|t:|1729275882
|switch|p1a: Blissey|Blissey, F|64/100
|-damage|p1a: Blissey|51/100|[from] Spikes
|move|p2a: Zapdos|Thunderbolt|p1a: Blissey
|-damage|p1a: Blissey|34/100
|
|-weather|Sandstorm|[upkeep]
|-damage|p2a: Zapdos|34/100|[from] Sandstorm
|-damage|p1a: Blissey|28/100|[from] Sandstorm
|-heal|p2a: Zapdos|40/100|[from] item: Leftovers
|-heal|p1a: Blissey|34/100|[from] item: Leftovers
|upkeep
|turn|41
|
|t:|1729275891
|move|p2a: Zapdos|Rest|p2a: Zapdos
|-status|p2a: Zapdos|slp|[from] move: Rest
|-heal|p2a: Zapdos|100/100 slp|[silent]
|move|p1a: Blissey|Soft-Boiled|p1a: Blissey
|-heal|p1a: Blissey|84/100
|
|-weather|Sandstorm|[upkeep]
|-damage|p2a: Zapdos|94/100 slp|[from] Sandstorm
|-damage|p1a: Blissey|78/100|[from] Sandstorm
|-heal|p2a: Zapdos|100/100 slp|[from] item: Leftovers
|-heal|p1a: Blissey|84/100|[from] item: Leftovers
|upkeep
|turn|42
|
|t:|1729275897
|switch|p2a: Tyranitar|Tyranitar, F|100/100
|move|p1a: Blissey|Calm Mind|p1a: Blissey
|-boost|p1a: Blissey|spa|1
|-boost|p1a: Blissey|spd|1
|
|-weather|Sandstorm|[upkeep]
|-damage|p1a: Blissey|78/100|[from] Sandstorm
|-heal|p1a: Blissey|84/100|[from] item: Leftovers
|upkeep
|turn|43
|
|t:|1729275911
|switch|p1a: Claydol|Claydol|99/100
|move|p2a: Tyranitar|Rock Slide|p1a: Claydol
|-resisted|p1a: Claydol
|-damage|p1a: Claydol|76/100
|
|-weather|Sandstorm|[upkeep]
|-heal|p1a: Claydol|82/100|[from] item: Leftovers
|upkeep
|turn|44
|
|t:|1729275915
|switch|p2a: Forretress|Forretress, M|62/100
|move|p1a: Claydol|Earthquake|p2a: Forretress
|-damage|p2a: Forretress|40/100
|
|-weather|Sandstorm|[upkeep]
|-heal|p1a: Claydol|88/100|[from] item: Leftovers
|-heal|p2a: Forretress|46/100|[from] item: Leftovers
|upkeep
|turn|45
|
|t:|1729275921
|move|p1a: Claydol|Earthquake|p2a: Forretress
|-damage|p2a: Forretress|25/100
|move|p2a: Forretress|Spikes|p1a: Claydol
|-sidestart|p1: ThisGuyMuks|Spikes
|
|-weather|Sandstorm|[upkeep]
|-heal|p1a: Claydol|94/100|[from] item: Leftovers
|-heal|p2a: Forretress|31/100|[from] item: Leftovers
|upkeep
|turn|46
|
|t:|1729275924
|move|p1a: Claydol|Earthquake|p2a: Forretress
|-damage|p2a: Forretress|9/100
|move|p2a: Forretress|Rest|p2a: Forretress
|-status|p2a: Forretress|slp|[from] move: Rest
|-heal|p2a: Forretress|100/100 slp|[silent]
|
|-weather|Sandstorm|[upkeep]
|-heal|p1a: Claydol|100/100|[from] item: Leftovers
|upkeep
|turn|47
|
|t:|1729275927
|move|p1a: Claydol|Rapid Spin|p2a: Forretress
|-resisted|p2a: Forretress
|-damage|p2a: Forretress|99/100 slp
|-sideend|p1: ThisGuyMuks|Spikes|[from] move: Rapid Spin|[of] p1a: Claydol
|cant|p2a: Forretress|slp
|
|-weather|Sandstorm|[upkeep]
|-heal|p2a: Forretress|100/100 slp|[from] item: Leftovers
|upkeep
|turn|48
|
|t:|1729275931
|switch|p1a: Skarmory|Skarmory, F|100/100
|cant|p2a: Forretress|slp
|
|-weather|Sandstorm|[upkeep]
|upkeep
|turn|49
|
|t:|1729275934
|move|p1a: Skarmory|Spikes|p2a: Forretress
|-sidestart|p2: Blaniom|Spikes
|-curestatus|p2a: Forretress|slp|[msg]
|move|p2a: Forretress|Spikes|p1a: Skarmory
|-sidestart|p1: ThisGuyMuks|Spikes
|
|-weather|Sandstorm|[upkeep]
|upkeep
|turn|50
|
|t:|1729275938
|move|p1a: Skarmory|Spikes|p2a: Forretress
|-sidestart|p2: Blaniom|Spikes
|move|p2a: Forretress|Spikes|p1a: Skarmory
|-sidestart|p1: ThisGuyMuks|Spikes
|
|-weather|Sandstorm|[upkeep]
|upkeep
|turn|51
|
|t:|1729275945
|move|p1a: Skarmory|Drill Peck|p2a: Forretress
|-damage|p2a: Forretress|87/100
|move|p2a: Forretress|Rapid Spin|p1a: Skarmory
|-resisted|p1a: Skarmory
|-damage|p1a: Skarmory|99/100
|-sideend|p2: Blaniom|Spikes|[from] move: Rapid Spin|[of] p2a: Forretress
|
|-weather|Sandstorm|[upkeep]
|-heal|p1a: Skarmory|100/100|[from] item: Leftovers
|-heal|p2a: Forretress|93/100|[from] item: Leftovers
|upkeep
|turn|52
|
|t:|1729275956
|switch|p1a: Claydol|Claydol|100/100
|switch|p2a: Zapdos|Zapdos|100/100 slp
|
|-weather|Sandstorm|[upkeep]
|-damage|p2a: Zapdos|94/100 slp|[from] Sandstorm
|-heal|p2a: Zapdos|100/100 slp|[from] item: Leftovers
|upkeep
|turn|53
|
|t:|1729275963
|cant|p2a: Zapdos|slp
|move|p1a: Claydol|Rapid Spin|p2a: Zapdos
|-damage|p2a: Zapdos|95/100 slp
|-sideend|p1: ThisGuyMuks|Spikes|[from] move: Rapid Spin|[of] p1a: Claydol
|
|-weather|Sandstorm|[upkeep]
|-damage|p2a: Zapdos|89/100 slp|[from] Sandstorm
|-heal|p2a: Zapdos|95/100 slp|[from] item: Leftovers
|upkeep
|turn|54
|
|t:|1729275967
|switch|p2a: Forretress|Forretress, M|93/100
|switch|p1a: Blissey|Blissey, F|84/100
|
|-weather|Sandstorm|[upkeep]
|-damage|p1a: Blissey|78/100|[from] Sandstorm
|-heal|p1a: Blissey|84/100|[from] item: Leftovers
|-heal|p2a: Forretress|99/100|[from] item: Leftovers
|upkeep
|turn|55
|
|t:|1729275971
|switch|p2a: Tyranitar|Tyranitar, F|100/100
|move|p1a: Blissey|Calm Mind|p1a: Blissey
|-boost|p1a: Blissey|spa|1
|-boost|p1a: Blissey|spd|1
|
|-weather|Sandstorm|[upkeep]
|-damage|p1a: Blissey|78/100|[from] Sandstorm
|-heal|p1a: Blissey|84/100|[from] item: Leftovers
|upkeep
|turn|56
|
|t:|1729275978
|move|p2a: Tyranitar|Rock Slide|p1a: Blissey|[miss]
|-miss|p2a: Tyranitar|p1a: Blissey
|move|p1a: Blissey|Ice Beam|p2a: Tyranitar
|-damage|p2a: Tyranitar|56/100
|
|-weather|Sandstorm|[upkeep]
|-damage|p1a: Blissey|78/100|[from] Sandstorm
|-heal|p1a: Blissey|84/100|[from] item: Leftovers
|upkeep
|turn|57
|
|t:|1729275985
|move|p2a: Tyranitar|Rock Slide|p1a: Blissey
|-damage|p1a: Blissey|36/100
|cant|p1a: Blissey|flinch
|
|-weather|Sandstorm|[upkeep]
|-damage|p1a: Blissey|30/100|[from] Sandstorm
|-heal|p1a: Blissey|36/100|[from] item: Leftovers
|upkeep
|turn|58
|
|t:|1729275989
|switch|p1a: Claydol|Claydol|100/100
|move|p2a: Tyranitar|Hidden Power|p1a: Claydol
|-supereffective|p1a: Claydol
|-damage|p1a: Claydol|73/100
|
|-weather|Sandstorm|[upkeep]
|-heal|p1a: Claydol|79/100|[from] item: Leftovers
|upkeep
|turn|59
|
|t:|1729275993
|switch|p2a: Forretress|Forretress, M|99/100
|move|p1a: Claydol|Earthquake|p2a: Forretress
|-damage|p2a: Forretress|79/100
|
|-weather|Sandstorm|[upkeep]
|-heal|p1a: Claydol|85/100|[from] item: Leftovers
|-heal|p2a: Forretress|85/100|[from] item: Leftovers
|upkeep
|turn|60
|
|t:|1729275996
|switch|p1a: Milotic|Milotic, F|100/100 par
|move|p2a: Forretress|Spikes|p1a: Milotic
|-sidestart|p1: ThisGuyMuks|Spikes
|
|-weather|Sandstorm|[upkeep]
|-damage|p1a: Milotic|94/100 par|[from] Sandstorm
|-heal|p2a: Forretress|91/100|[from] item: Leftovers
|-heal|p1a: Milotic|100/100 par|[from] item: Leftovers
|upkeep
|turn|61
|
|t:|1729276000
|switch|p2a: Blissey|Blissey, F|88/100
|move|p1a: Milotic|Refresh|p1a: Milotic
|-curestatus|p1a: Milotic|par|[msg]
|
|-weather|Sandstorm|[upkeep]
|-damage|p1a: Milotic|94/100|[from] Sandstorm
|-damage|p2a: Blissey|82/100|[from] Sandstorm
|-heal|p1a: Milotic|100/100|[from] item: Leftovers
|-heal|p2a: Blissey|88/100|[from] item: Leftovers
|upkeep
|turn|62
|
|t:|1729276009
|move|p1a: Milotic|Toxic|p2a: Blissey
|-status|p2a: Blissey|tox
|move|p2a: Blissey|Thunder Wave|p1a: Milotic
|-status|p1a: Milotic|par
|
|-weather|Sandstorm|[upkeep]
|-damage|p2a: Blissey|82/100 tox|[from] Sandstorm
|-damage|p1a: Milotic|94/100 par|[from] Sandstorm
|-heal|p2a: Blissey|88/100 tox|[from] item: Leftovers
|-damage|p2a: Blissey|82/100 tox|[from] psn
|-heal|p1a: Milotic|100/100 par|[from] item: Leftovers
|upkeep
|turn|63
|
|t:|1729276013
|-curestatus|p2a: Blissey|tox|[from] ability: Natural Cure
|switch|p2a: Zapdos|Zapdos|95/100 slp
|move|p1a: Milotic|Surf|p2a: Zapdos
|-damage|p2a: Zapdos|68/100 slp
|
|-weather|Sandstorm|[upkeep]
|-damage|p2a: Zapdos|61/100 slp|[from] Sandstorm
|-damage|p1a: Milotic|94/100 par|[from] Sandstorm
|-heal|p2a: Zapdos|68/100 slp|[from] item: Leftovers
|-heal|p1a: Milotic|100/100 par|[from] item: Leftovers
|upkeep
|turn|64
|
|t:|1729276019
|switch|p1a: Blissey|Blissey, F|36/100
|-damage|p1a: Blissey|23/100|[from] Spikes
|cant|p2a: Zapdos|slp
|
|-weather|Sandstorm|[upkeep]
|-damage|p2a: Zapdos|61/100 slp|[from] Sandstorm
|-damage|p1a: Blissey|17/100|[from] Sandstorm
|-heal|p2a: Zapdos|68/100 slp|[from] item: Leftovers
|-heal|p1a: Blissey|23/100|[from] item: Leftovers
|upkeep
|turn|65
|
|t:|1729276022
|-curestatus|p2a: Zapdos|slp|[msg]
|move|p2a: Zapdos|Thunderbolt|p1a: Blissey
|-damage|p1a: Blissey|7/100
|move|p1a: Blissey|Soft-Boiled|p1a: Blissey
|-heal|p1a: Blissey|57/100
|
|-weather|Sandstorm|[upkeep]
|-damage|p2a: Zapdos|61/100|[from] Sandstorm
|-damage|p1a: Blissey|50/100|[from] Sandstorm
|-heal|p2a: Zapdos|68/100|[from] item: Leftovers
|-heal|p1a: Blissey|57/100|[from] item: Leftovers
|upkeep
|turn|66
|
|t:|1729276028
|move|p2a: Zapdos|Toxic|p1a: Blissey|[miss]
|-miss|p2a: Zapdos|p1a: Blissey
|move|p1a: Blissey|Soft-Boiled|p1a: Blissey
|-heal|p1a: Blissey|100/100
|
|-weather|Sandstorm|[upkeep]
|-damage|p2a: Zapdos|61/100|[from] Sandstorm
|-damage|p1a: Blissey|94/100|[from] Sandstorm
|-heal|p2a: Zapdos|68/100|[from] item: Leftovers
|-heal|p1a: Blissey|100/100|[from] item: Leftovers
|upkeep
|turn|67
|inactive|ThisGuyMuks has 270 seconds left.
|
|t:|1729276061
|switch|p1a: Registeel|Registeel|52/100
|-damage|p1a: Registeel|40/100|[from] Spikes
|move|p2a: Zapdos|Toxic|p1a: Registeel
|-immune|p1a: Registeel
|
|-weather|Sandstorm|[upkeep]
|-damage|p2a: Zapdos|61/100|[from] Sandstorm
|-heal|p2a: Zapdos|68/100|[from] item: Leftovers
|-heal|p1a: Registeel|46/100|[from] item: Leftovers
|upkeep
|turn|68
|
|t:|1729276067
|move|p2a: Zapdos|Thunderbolt|p1a: Registeel
|-damage|p1a: Registeel|24/100
|move|p1a: Registeel|Thunder Wave|p2a: Zapdos
|-status|p2a: Zapdos|par
|
|-weather|Sandstorm|[upkeep]
|-damage|p2a: Zapdos|61/100 par|[from] Sandstorm
|-heal|p1a: Registeel|30/100|[from] item: Leftovers
|-heal|p2a: Zapdos|68/100 par|[from] item: Leftovers
|upkeep
|turn|69
|
|t:|1729276088
|switch|p2a: Suicune|Suicune|84/100
|move|p1a: Registeel|Seismic Toss|p2a: Suicune
|-damage|p2a: Suicune|59/100
|
|-weather|Sandstorm|[upkeep]
|-damage|p2a: Suicune|53/100|[from] Sandstorm
|-heal|p2a: Suicune|59/100|[from] item: Leftovers
|-heal|p1a: Registeel|36/100|[from] item: Leftovers
|upkeep
|turn|70
|
|t:|1729276095
|move|p1a: Registeel|Thunder Wave|p2a: Suicune
|-status|p2a: Suicune|par
|move|p2a: Suicune|Roar|p1a: Registeel
|drag|p1a: Dugtrio|Dugtrio, M|100/100
|-damage|p1a: Dugtrio|88/100|[from] Spikes
|
|-weather|Sandstorm|[upkeep]
|-damage|p2a: Suicune|53/100 par|[from] Sandstorm
|-heal|p2a: Suicune|59/100 par|[from] item: Leftovers
|upkeep
|turn|71
|
|t:|1729276112
|switch|p1a: Skarmory|Skarmory, F|100/100
|move|p2a: Suicune|Ice Beam|p1a: Skarmory
|-crit|p1a: Skarmory
|-damage|p1a: Skarmory|53/100
|
|-weather|Sandstorm|[upkeep]
|-damage|p2a: Suicune|53/100 par|[from] Sandstorm
|-heal|p1a: Skarmory|59/100|[from] item: Leftovers
|-heal|p2a: Suicune|59/100 par|[from] item: Leftovers
|upkeep
|turn|72
|
|t:|1729276117
|move|p1a: Skarmory|Spikes|p2a: Suicune
|-sidestart|p2: Blaniom|Spikes
|move|p2a: Suicune|Calm Mind|p2a: Suicune
|-boost|p2a: Suicune|spa|1
|-boost|p2a: Suicune|spd|1
|
|-weather|Sandstorm|[upkeep]
|-damage|p2a: Suicune|53/100 par|[from] Sandstorm
|-heal|p1a: Skarmory|65/100|[from] item: Leftovers
|-heal|p2a: Suicune|59/100 par|[from] item: Leftovers
|upkeep
|turn|73
|
|t:|1729276120
|move|p2a: Suicune|Hydro Pump|p1a: Skarmory
|-crit|p1a: Skarmory
|-damage|p1a: Skarmory|0 fnt
|faint|p1a: Skarmory
|inactive|ThisGuyMuks has 270 seconds left.
|
|t:|1729276174
|switch|p1a: Milotic|Milotic, F|100/100 par
|-damage|p1a: Milotic|88/100 par|[from] Spikes
|
|-weather|Sandstorm|[upkeep]
|-damage|p2a: Suicune|53/100 par|[from] Sandstorm
|-damage|p1a: Milotic|82/100 par|[from] Sandstorm
|-heal|p2a: Suicune|59/100 par|[from] item: Leftovers
|-heal|p1a: Milotic|88/100 par|[from] item: Leftovers
|upkeep
|turn|74
|
|t:|1729276180
|move|p2a: Suicune|Calm Mind|p2a: Suicune
|-boost|p2a: Suicune|spa|1
|-boost|p2a: Suicune|spd|1
|move|p1a: Milotic|Surf|p2a: Suicune
|-resisted|p2a: Suicune
|-damage|p2a: Suicune|53/100 par
|
|-weather|Sandstorm|[upkeep]
|-damage|p2a: Suicune|47/100 par|[from] Sandstorm
|-damage|p1a: Milotic|82/100 par|[from] Sandstorm
|-heal|p2a: Suicune|53/100 par|[from] item: Leftovers
|-heal|p1a: Milotic|88/100 par|[from] item: Leftovers
|upkeep
|turn|75
|
|t:|1729276188
|cant|p1a: Milotic|par
|move|p2a: Suicune|Roar|p1a: Milotic
|drag|p1a: Registeel|Registeel|36/100
|-damage|p1a: Registeel|24/100|[from] Spikes
|
|-weather|Sandstorm|[upkeep]
|-damage|p2a: Suicune|47/100 par|[from] Sandstorm
|-heal|p1a: Registeel|30/100|[from] item: Leftovers
|-heal|p2a: Suicune|53/100 par|[from] item: Leftovers
|upkeep
|turn|76
|inactive|ThisGuyMuks has 270 seconds left.
|
|t:|1729276203
|move|p1a: Registeel|Explosion|p2a: Suicune
|-damage|p2a: Suicune|0 fnt
|faint|p1a: Registeel
|faint|p2a: Suicune
|inactive|ThisGuyMuks has 270 seconds left.
|
|t:|1729276216
|switch|p2a: Zapdos|Zapdos|68/100 par
|switch|p1a: Milotic|Milotic, F|88/100 par
|-damage|p1a: Milotic|76/100 par|[from] Spikes
|
|-weather|Sandstorm|[upkeep]
|-damage|p2a: Zapdos|61/100 par|[from] Sandstorm
|-damage|p1a: Milotic|70/100 par|[from] Sandstorm
|-heal|p2a: Zapdos|68/100 par|[from] item: Leftovers
|-heal|p1a: Milotic|76/100 par|[from] item: Leftovers
|upkeep
|turn|77
|
|t:|1729276223
|switch|p1a: Blissey|Blissey, F|100/100
|-damage|p1a: Blissey|88/100|[from] Spikes
|move|p2a: Zapdos|Toxic|p1a: Blissey
|-status|p1a: Blissey|tox
|
|-weather|Sandstorm|[upkeep]
|-damage|p1a: Blissey|82/100 tox|[from] Sandstorm
|-damage|p2a: Zapdos|61/100 par|[from] Sandstorm
|-heal|p1a: Blissey|88/100 tox|[from] item: Leftovers
|-damage|p1a: Blissey|82/100 tox|[from] psn
|-heal|p2a: Zapdos|68/100 par|[from] item: Leftovers
|upkeep
|turn|78
|
|t:|1729276231
|-curestatus|p1a: Blissey|tox|[from] ability: Natural Cure
|switch|p1a: Claydol|Claydol|85/100
|move|p2a: Zapdos|Thunderbolt|p1a: Claydol
|-immune|p1a: Claydol
|
|-weather|Sandstorm|[upkeep]
|-damage|p2a: Zapdos|61/100 par|[from] Sandstorm
|-heal|p1a: Claydol|91/100|[from] item: Leftovers
|-heal|p2a: Zapdos|68/100 par|[from] item: Leftovers
|upkeep
|turn|79
|
|t:|1729276240
|switch|p2a: Forretress|Forretress, M|91/100
|-damage|p2a: Forretress|79/100|[from] Spikes
|move|p1a: Claydol|Explosion|p2a: Forretress
|-resisted|p2a: Forretress
|-damage|p2a: Forretress|46/100
|faint|p1a: Claydol
|
|t:|1729276253
|switch|p1a: Dugtrio|Dugtrio, M|88/100
|-damage|p1a: Dugtrio|76/100|[from] Spikes
|
|-weather|Sandstorm|[upkeep]
|-heal|p2a: Forretress|52/100|[from] item: Leftovers
|upkeep
|turn|80
|
|t:|1729276268
|move|p1a: Dugtrio|Earthquake|p2a: Forretress
|-damage|p2a: Forretress|20/100
|move|p2a: Forretress|Rapid Spin|p1a: Dugtrio
|-damage|p1a: Dugtrio|63/100
|-sideend|p2: Blaniom|Spikes|[from] move: Rapid Spin|[of] p2a: Forretress
|
|-weather|Sandstorm|[upkeep]
|-heal|p2a: Forretress|26/100|[from] item: Leftovers
|upkeep
|turn|81
|
|t:|1729276272
|move|p1a: Dugtrio|Earthquake|p2a: Forretress
|-damage|p2a: Forretress|0 fnt
|faint|p2a: Forretress
|inactive|Blaniom has 270 seconds left.
|inactive|Blaniom has 240 seconds left.
|
|t:|1729276341
|switch|p2a: Charizard|Charizard, F|100/100
|
|-weather|Sandstorm|[upkeep]
|-damage|p2a: Charizard|94/100|[from] Sandstorm
|-heal|p2a: Charizard|100/100|[from] item: Leftovers
|upkeep
|turn|82
|
|t:|1729276344
|switch|p1a: Milotic|Milotic, F|76/100 par
|-damage|p1a: Milotic|63/100 par|[from] Spikes
|move|p2a: Charizard|Substitute|p2a: Charizard
|-start|p2a: Charizard|Substitute
|-damage|p2a: Charizard|76/100
|
|-weather|Sandstorm|[upkeep]
|-damage|p2a: Charizard|70/100|[from] Sandstorm
|-damage|p1a: Milotic|57/100 par|[from] Sandstorm
|-heal|p2a: Charizard|76/100|[from] item: Leftovers
|-heal|p1a: Milotic|63/100 par|[from] item: Leftovers
|upkeep
|turn|83
|
|t:|1729276348
|move|p2a: Charizard|Hidden Power|p1a: Milotic
|-supereffective|p1a: Milotic
|-damage|p1a: Milotic|31/100 par
|move|p1a: Milotic|Recover|p1a: Milotic
|-heal|p1a: Milotic|81/100 par
|
|-weather|Sandstorm|[upkeep]
|-damage|p2a: Charizard|70/100|[from] Sandstorm
|-damage|p1a: Milotic|75/100 par|[from] Sandstorm
|-heal|p2a: Charizard|76/100|[from] item: Leftovers
|-heal|p1a: Milotic|81/100 par|[from] item: Leftovers
|upkeep
|turn|84
|
|t:|1729276352
|move|p2a: Charizard|Hidden Power|p1a: Milotic
|-supereffective|p1a: Milotic
|-damage|p1a: Milotic|48/100 par
|move|p1a: Milotic|Refresh|p1a: Milotic
|-curestatus|p1a: Milotic|par|[msg]
|
|-weather|Sandstorm|[upkeep]
|-damage|p2a: Charizard|70/100|[from] Sandstorm
|-damage|p1a: Milotic|42/100|[from] Sandstorm
|-heal|p2a: Charizard|76/100|[from] item: Leftovers
|-heal|p1a: Milotic|48/100|[from] item: Leftovers
|upkeep
|turn|85
|
|t:|1729276356
|move|p2a: Charizard|Hidden Power|p1a: Milotic
|-supereffective|p1a: Milotic
|-damage|p1a: Milotic|16/100
|move|p1a: Milotic|Recover|p1a: Milotic
|-heal|p1a: Milotic|66/100
|
|-weather|Sandstorm|[upkeep]
|-damage|p2a: Charizard|70/100|[from] Sandstorm
|-damage|p1a: Milotic|60/100|[from] Sandstorm
|-heal|p2a: Charizard|76/100|[from] item: Leftovers
|-heal|p1a: Milotic|66/100|[from] item: Leftovers
|upkeep
|turn|86
|
|t:|1729276359
|move|p2a: Charizard|Hidden Power|p1a: Milotic
|-supereffective|p1a: Milotic
|-damage|p1a: Milotic|37/100
|move|p1a: Milotic|Recover|p1a: Milotic
|-heal|p1a: Milotic|87/100
|
|-weather|Sandstorm|[upkeep]
|-damage|p2a: Charizard|70/100|[from] Sandstorm
|-damage|p1a: Milotic|80/100|[from] Sandstorm
|-heal|p2a: Charizard|76/100|[from] item: Leftovers
|-heal|p1a: Milotic|87/100|[from] item: Leftovers
|upkeep
|turn|87
|
|t:|1729276378
|move|p2a: Charizard|Hidden Power|p1a: Milotic
|-supereffective|p1a: Milotic
|-damage|p1a: Milotic|56/100
|move|p1a: Milotic|Recover|p1a: Milotic
|-heal|p1a: Milotic|100/100
|
|-weather|Sandstorm|[upkeep]
|-damage|p2a: Charizard|70/100|[from] Sandstorm
|-damage|p1a: Milotic|94/100|[from] Sandstorm
|-heal|p2a: Charizard|76/100|[from] item: Leftovers
|-heal|p1a: Milotic|100/100|[from] item: Leftovers
|upkeep
|turn|88
|
|t:|1729276384
|move|p2a: Charizard|Hidden Power|p1a: Milotic
|-supereffective|p1a: Milotic
|-damage|p1a: Milotic|68/100
|move|p1a: Milotic|Surf|p2a: Charizard
|-supereffective|p2a: Charizard
|-end|p2a: Charizard|Substitute
|
|-weather|Sandstorm|[upkeep]
|-damage|p2a: Charizard|70/100|[from] Sandstorm
|-damage|p1a: Milotic|62/100|[from] Sandstorm
|-heal|p2a: Charizard|76/100|[from] item: Leftovers
|-heal|p1a: Milotic|68/100|[from] item: Leftovers
|upkeep
|turn|89
|
|t:|1729276388
|switch|p2a: Blissey|Blissey, F|82/100
|move|p1a: Milotic|Recover|p1a: Milotic
|-heal|p1a: Milotic|100/100
|
|-weather|Sandstorm|[upkeep]
|-damage|p1a: Milotic|94/100|[from] Sandstorm
|-damage|p2a: Blissey|76/100|[from] Sandstorm
|-heal|p1a: Milotic|100/100|[from] item: Leftovers
|-heal|p2a: Blissey|82/100|[from] item: Leftovers
|upkeep
|turn|90
|
|t:|1729276396
|move|p1a: Milotic|Toxic|p2a: Blissey
|-status|p2a: Blissey|tox
|move|p2a: Blissey|Seismic Toss|p1a: Milotic
|-damage|p1a: Milotic|75/100
|
|-weather|Sandstorm|[upkeep]
|-damage|p1a: Milotic|69/100|[from] Sandstorm
|-damage|p2a: Blissey|76/100 tox|[from] Sandstorm
|-heal|p1a: Milotic|75/100|[from] item: Leftovers
|-heal|p2a: Blissey|82/100 tox|[from] item: Leftovers
|-damage|p2a: Blissey|76/100 tox|[from] psn
|upkeep
|turn|91
|
|t:|1729276400
|move|p1a: Milotic|Surf|p2a: Blissey
|-damage|p2a: Blissey|63/100 tox
|move|p2a: Blissey|Aromatherapy|p2a: Blissey
|-cureteam|p2a: Blissey|[from] move: Aromatherapy
|
|-weather|Sandstorm|[upkeep]
|-damage|p1a: Milotic|69/100|[from] Sandstorm
|-damage|p2a: Blissey|57/100|[from] Sandstorm
|-heal|p1a: Milotic|75/100|[from] item: Leftovers
|-heal|p2a: Blissey|63/100|[from] item: Leftovers
|upkeep
|turn|92
|
|t:|1729276411
|switch|p2a: Zapdos|Zapdos|68/100
|move|p1a: Milotic|Toxic|p2a: Zapdos
|-status|p2a: Zapdos|tox
|
|-weather|Sandstorm|[upkeep]
|-damage|p2a: Zapdos|61/100 tox|[from] Sandstorm
|-damage|p1a: Milotic|69/100|[from] Sandstorm
|-heal|p2a: Zapdos|68/100 tox|[from] item: Leftovers
|-damage|p2a: Zapdos|61/100 tox|[from] psn
|-heal|p1a: Milotic|75/100|[from] item: Leftovers
|upkeep
|turn|93
|inactive|ThisGuyMuks has 270 seconds left.
|
|t:|1729276458
|switch|p1a: Dugtrio|Dugtrio, M|63/100
|-damage|p1a: Dugtrio|51/100|[from] Spikes
|move|p2a: Zapdos|Toxic|p1a: Dugtrio
|-status|p1a: Dugtrio|tox
|
|-weather|Sandstorm|[upkeep]
|-damage|p2a: Zapdos|55/100 tox|[from] Sandstorm
|-damage|p1a: Dugtrio|45/100 tox|[from] psn
|-heal|p2a: Zapdos|61/100 tox|[from] item: Leftovers
|-damage|p2a: Zapdos|49/100 tox|[from] psn
|upkeep
|turn|94
|
|t:|1729276469
|move|p2a: Zapdos|Protect|p2a: Zapdos
|-singleturn|p2a: Zapdos|Protect
|move|p1a: Dugtrio|Rock Slide|p2a: Zapdos
|-activate|p2a: Zapdos|Protect
|
|-weather|Sandstorm|[upkeep]
|-damage|p2a: Zapdos|43/100 tox|[from] Sandstorm
|-damage|p1a: Dugtrio|32/100 tox|[from] psn
|-heal|p2a: Zapdos|49/100 tox|[from] item: Leftovers
|-damage|p2a: Zapdos|30/100 tox|[from] psn
|upkeep
|turn|95
|
|t:|1729276481
|switch|p1a: Milotic|Milotic, F|75/100
|-damage|p1a: Milotic|63/100|[from] Spikes
|switch|p2a: Blissey|Blissey, F|63/100
|
|-weather|Sandstorm|[upkeep]
|-damage|p1a: Milotic|57/100|[from] Sandstorm
|-damage|p2a: Blissey|57/100|[from] Sandstorm
|-heal|p1a: Milotic|63/100|[from] item: Leftovers
|-heal|p2a: Blissey|63/100|[from] item: Leftovers
|upkeep
|turn|96
|
|t:|1729276489
|move|p1a: Milotic|Recover|p1a: Milotic
|-heal|p1a: Milotic|100/100
|move|p2a: Blissey|Thunder Wave|p1a: Milotic
|-status|p1a: Milotic|par
|
|-weather|Sandstorm|[upkeep]
|-damage|p2a: Blissey|57/100|[from] Sandstorm
|-damage|p1a: Milotic|94/100 par|[from] Sandstorm
|-heal|p2a: Blissey|63/100|[from] item: Leftovers
|-heal|p1a: Milotic|100/100 par|[from] item: Leftovers
|upkeep
|turn|97
|
|t:|1729276492
|switch|p2a: Zapdos|Zapdos|30/100 tox
|move|p1a: Milotic|Surf|p2a: Zapdos
|-damage|p2a: Zapdos|6/100 tox
|
|-weather|Sandstorm|[upkeep]
|-damage|p2a: Zapdos|0 fnt|[from] Sandstorm
|-damage|p1a: Milotic|94/100 par|[from] Sandstorm
|faint|p2a: Zapdos
|-heal|p1a: Milotic|100/100 par|[from] item: Leftovers
|upkeep
|
|t:|1729276497
|switch|p2a: Blissey|Blissey, F|63/100
|turn|98
|
|t:|1729276503
|move|p2a: Blissey|Soft-Boiled|p2a: Blissey
|-heal|p2a: Blissey|100/100
|cant|p1a: Milotic|par
|
|-weather|Sandstorm|[upkeep]
|-damage|p2a: Blissey|94/100|[from] Sandstorm
|-damage|p1a: Milotic|94/100 par|[from] Sandstorm
|-heal|p2a: Blissey|100/100|[from] item: Leftovers
|-heal|p1a: Milotic|100/100 par|[from] item: Leftovers
|upkeep
|turn|99
|
|t:|1729276507
|switch|p2a: Tyranitar|Tyranitar, F|56/100
|move|p1a: Milotic|Refresh|p1a: Milotic
|-curestatus|p1a: Milotic|par|[msg]
|
|-weather|Sandstorm|[upkeep]
|-damage|p1a: Milotic|94/100|[from] Sandstorm
|-heal|p1a: Milotic|100/100|[from] item: Leftovers
|upkeep
|turn|100
|
|t:|1729276512
|move|p2a: Tyranitar|Rock Slide|p1a: Milotic
|-damage|p1a: Milotic|70/100
|move|p1a: Milotic|Surf|p2a: Tyranitar
|-supereffective|p2a: Tyranitar
|-damage|p2a: Tyranitar|0 fnt
|faint|p2a: Tyranitar
|
|t:|1729276515
|switch|p2a: Blissey|Blissey, F|100/100
|
|-weather|Sandstorm|[upkeep]
|-damage|p1a: Milotic|63/100|[from] Sandstorm
|-damage|p2a: Blissey|94/100|[from] Sandstorm
|-heal|p1a: Milotic|70/100|[from] item: Leftovers
|-heal|p2a: Blissey|100/100|[from] item: Leftovers
|upkeep
|turn|101
|
|t:|1729276520
|move|p1a: Milotic|Toxic|p2a: Blissey
|-status|p2a: Blissey|tox
|move|p2a: Blissey|Thunder Wave|p1a: Milotic
|-status|p1a: Milotic|par
|
|-weather|Sandstorm|[upkeep]
|-damage|p2a: Blissey|94/100 tox|[from] Sandstorm
|-damage|p1a: Milotic|63/100 par|[from] Sandstorm
|-heal|p2a: Blissey|100/100 tox|[from] item: Leftovers
|-damage|p2a: Blissey|94/100 tox|[from] psn
|-heal|p1a: Milotic|70/100 par|[from] item: Leftovers
|upkeep
|turn|102
|
|t:|1729276529
|-curestatus|p2a: Blissey|tox|[from] ability: Natural Cure
|switch|p2a: Charizard|Charizard, F|76/100
|move|p1a: Milotic|Surf|p2a: Charizard
|-supereffective|p2a: Charizard
|-damage|p2a: Charizard|0 fnt
|faint|p2a: Charizard
|
|t:|1729276532
|switch|p2a: Blissey|Blissey, F|94/100
|
|-weather|Sandstorm|[upkeep]
|-damage|p2a: Blissey|88/100|[from] Sandstorm
|-damage|p1a: Milotic|63/100 par|[from] Sandstorm
|-heal|p2a: Blissey|94/100|[from] item: Leftovers
|-heal|p1a: Milotic|70/100 par|[from] item: Leftovers
|upkeep
|turn|103
|
|t:|1729276536
|move|p2a: Blissey|Seismic Toss|p1a: Milotic
|-damage|p1a: Milotic|44/100 par
|move|p1a: Milotic|Recover|p1a: Milotic
|-heal|p1a: Milotic|94/100 par
|
|-weather|Sandstorm|[upkeep]
|-damage|p2a: Blissey|88/100|[from] Sandstorm
|-damage|p1a: Milotic|88/100 par|[from] Sandstorm
|-heal|p2a: Blissey|94/100|[from] item: Leftovers
|-heal|p1a: Milotic|94/100 par|[from] item: Leftovers
|upkeep
|turn|104
|
|t:|1729276539
|move|p2a: Blissey|Seismic Toss|p1a: Milotic
|-damage|p1a: Milotic|69/100 par
|move|p1a: Milotic|Toxic|p2a: Blissey|[miss]
|-miss|p1a: Milotic|p2a: Blissey
|
|-weather|Sandstorm|[upkeep]
|-damage|p2a: Blissey|88/100|[from] Sandstorm
|-damage|p1a: Milotic|63/100 par|[from] Sandstorm
|-heal|p2a: Blissey|94/100|[from] item: Leftovers
|-heal|p1a: Milotic|69/100 par|[from] item: Leftovers
|upkeep
|turn|105
|
|t:|1729276544
|move|p2a: Blissey|Seismic Toss|p1a: Milotic
|-damage|p1a: Milotic|43/100 par
|move|p1a: Milotic|Refresh|p1a: Milotic
|-curestatus|p1a: Milotic|par|[msg]
|
|-weather|Sandstorm|[upkeep]
|-damage|p1a: Milotic|37/100|[from] Sandstorm
|-damage|p2a: Blissey|88/100|[from] Sandstorm
|-heal|p1a: Milotic|43/100|[from] item: Leftovers
|-heal|p2a: Blissey|94/100|[from] item: Leftovers
|upkeep
|turn|106
|
|t:|1729276547
|move|p1a: Milotic|Recover|p1a: Milotic
|-heal|p1a: Milotic|93/100
|move|p2a: Blissey|Thunder Wave|p1a: Milotic
|-status|p1a: Milotic|par
|
|-weather|Sandstorm|[upkeep]
|-damage|p2a: Blissey|88/100|[from] Sandstorm
|-damage|p1a: Milotic|87/100 par|[from] Sandstorm
|-heal|p2a: Blissey|94/100|[from] item: Leftovers
|-heal|p1a: Milotic|93/100 par|[from] item: Leftovers
|upkeep
|turn|107
|
|t:|1729276557
|move|p2a: Blissey|Seismic Toss|p1a: Milotic
|-damage|p1a: Milotic|68/100 par
|move|p1a: Milotic|Refresh|p1a: Milotic
|-curestatus|p1a: Milotic|par|[msg]
|
|-weather|Sandstorm|[upkeep]
|-damage|p1a: Milotic|62/100|[from] Sandstorm
|-damage|p2a: Blissey|88/100|[from] Sandstorm
|-heal|p1a: Milotic|68/100|[from] item: Leftovers
|-heal|p2a: Blissey|94/100|[from] item: Leftovers
|upkeep
|turn|108
|inactive|ThisGuyMuks has 270 seconds left.
|
|t:|1729276589
|move|p1a: Milotic|Toxic|p2a: Blissey
|-status|p2a: Blissey|tox
|move|p2a: Blissey|Thunder Wave|p1a: Milotic
|-status|p1a: Milotic|par
|
|-weather|Sandstorm|[upkeep]
|-damage|p2a: Blissey|88/100 tox|[from] Sandstorm
|-damage|p1a: Milotic|62/100 par|[from] Sandstorm
|-heal|p2a: Blissey|94/100 tox|[from] item: Leftovers
|-damage|p2a: Blissey|88/100 tox|[from] psn
|-heal|p1a: Milotic|68/100 par|[from] item: Leftovers
|upkeep
|turn|109
|
|t:|1729276593
|move|p2a: Blissey|Aromatherapy|p2a: Blissey
|-cureteam|p2a: Blissey|[from] move: Aromatherapy
|move|p1a: Milotic|Refresh|p1a: Milotic
|-curestatus|p1a: Milotic|par|[msg]
|
|-weather|Sandstorm|[upkeep]
|-damage|p1a: Milotic|62/100|[from] Sandstorm
|-damage|p2a: Blissey|82/100|[from] Sandstorm
|-heal|p1a: Milotic|68/100|[from] item: Leftovers
|-heal|p2a: Blissey|88/100|[from] item: Leftovers
|upkeep
|turn|110
|
|t:|1729276607
|move|p1a: Milotic|Recover|p1a: Milotic
|-heal|p1a: Milotic|100/100
|move|p2a: Blissey|Seismic Toss|p1a: Milotic
|-damage|p1a: Milotic|75/100
|
|-weather|Sandstorm|[upkeep]
|-damage|p1a: Milotic|69/100|[from] Sandstorm
|-damage|p2a: Blissey|82/100|[from] Sandstorm
|-heal|p1a: Milotic|75/100|[from] item: Leftovers
|-heal|p2a: Blissey|88/100|[from] item: Leftovers
|upkeep
|turn|111
|
|t:|1729276622
|move|p1a: Milotic|Recover|p1a: Milotic
|-heal|p1a: Milotic|100/100
|move|p2a: Blissey|Thunder Wave|p1a: Milotic
|-status|p1a: Milotic|par
|
|-weather|Sandstorm|[upkeep]
|-damage|p2a: Blissey|82/100|[from] Sandstorm
|-damage|p1a: Milotic|94/100 par|[from] Sandstorm
|-heal|p2a: Blissey|88/100|[from] item: Leftovers
|-heal|p1a: Milotic|100/100 par|[from] item: Leftovers
|upkeep
|turn|112
|
|t:|1729276627
|move|p2a: Blissey|Seismic Toss|p1a: Milotic
|-damage|p1a: Milotic|75/100 par
|move|p1a: Milotic|Refresh|p1a: Milotic
|-curestatus|p1a: Milotic|par|[msg]
|
|-weather|Sandstorm|[upkeep]
|-damage|p1a: Milotic|69/100|[from] Sandstorm
|-damage|p2a: Blissey|82/100|[from] Sandstorm
|-heal|p1a: Milotic|75/100|[from] item: Leftovers
|-heal|p2a: Blissey|88/100|[from] item: Leftovers
|upkeep
|turn|113
|c|☆Blaniom|gg
|c|☆Blaniom|lets move to g3
|c|☆ThisGuyMuks|gg
|-message|Blaniom forfeited.
|
|win|ThisGuyMuks
|player|p2|

</script>
<script type="application/json" class="data" id="replaydata-smogtours-gen3ou-799596">
{"id":"smogtours-gen3ou-799596","format":"[Gen 3] OU","players":["ThisGuyMuks","Blaniom"],"uploadtime":1729276640,"views":98,"formatid":"gen3ou","rating":null,"private":1,"password":null}
</script>

<script defer src="js/replays.js?9d40a366"></script>
