<!DOCTYPE html>
<meta charset="utf-8" />
<meta name="viewport" content="width=device-width" />

<title>[Gen 3] OU: rezzo64 vs. caloominum - Replays - Pok&eacute;mon Showdown!</title>

<meta name="description" content="Watch a replay of a Pok&eacute;mon battle between rezzo64 and caloominum! Format: [Gen 3] OU; Date: Nov 8, 2024" />
<!--

Hey, you! Looking in the source for the replay log?

You can find them in JSON format, just add `.json` at the end of a replay URL.

https://replay.pokemonshowdown.com/gen7randomdoublesbattle-865046831.json

Or, if you only need the log itself, add `.log` instead:

https://replay.pokemonshowdown.com/gen7randomdoublesbattle-865046831.log

-->

<link rel="stylesheet" href="//pokemonshowdown.com/style/global.css?0.023195364461161105" />
<link rel="stylesheet" href="//play.pokemonshowdown.com/style/font-awesome.css?0.13261647063804238" />
<link rel="stylesheet" href="//play.pokemonshowdown.com/style/battle.css?0.8753245789963631" />
<link rel="stylesheet" href="//play.pokemonshowdown.com/style/utilichart.css?0.8627959624976733" />

<!-- Global site tag (gtag.js) - Google Analytics -->
<script async src="https://www.googletagmanager.com/gtag/js?id=UA-26211653-1"></script>
<script>
  window.dataLayer = window.dataLayer || [];
  function gtag(){dataLayer.push(arguments);}
  gtag('js', new Date());

  gtag('config', 'UA-26211653-1');
</script>
<!-- End Google Analytics -->
<!-- Venatus Ad Manager - Install in <HEAD> of page -->
	<script src="https://hb.vntsm.com/v3/live/ad-manager.min.js" type="text/javascript" data-site-id="642aba63ec9a7b11c3c9c1be" data-mode="scan" async></script>
<!-- / Venatus Ad Manager -->

<style>
	@media (max-width:820px) {
		.battle {
			margin: 0 auto;
		}
		.battle-log {
			margin: 7px auto 0;
			max-width: 640px;
			height: 300px;
			position: static;
		}
	}
	.optgroup {
		display: inline-block;
		line-height: 22px;
		font-size: 10pt;
	}
	.optgroup .button {
		height: 25px;
		padding-top: 0;
		padding-bottom: 0;
	}
	.optgroup button.button {
		padding-left: 12px;
		padding-right: 12px;
	}
	.linklist {
		list-style: none;
		margin: 0.5em 0;
		padding: 0;
	}
	.linklist li {
		padding: 2px 0;
	}
	.sidebar {
		float: left;
		width: 320px;
	}
	.bar-wrapper {
		max-width: 1100px;
		margin: 0 auto;
	}
	.bar-wrapper.has-sidebar {
		max-width: 1430px;
	}
	.mainbar {
		margin: 0;
		padding-right: 1px;
	}
	.mainbar.has-sidebar {
		margin-left: 330px;
	}
	@media (min-width: 1511px) {
		.sidebar {
			width: 400px;
		}
		.bar-wrapper.has-sidebar {
			max-width: 1510px;
		}
		.mainbar.has-sidebar {
			margin-left: 410px;
		}
	}
	.section.first-section {
		margin-top: 9px;
	}
	.blocklink small {
		white-space: normal;
	}
	.button {
		vertical-align: middle;
	}
	.replay-controls {
		padding-top: 10px;
	}
	.replay-controls h1 {
		font-size: 16pt;
		font-weight: normal;
		color: #CCC;
	}
	.pagelink {
		text-align: center;
	}
	.pagelink a {
		width: 150px;
	}
	.textbox, .button {
		font-size: 11pt;
		vertical-align: middle;
	}
	@media (max-width: 450px) {
		.button {
			font-size: 9pt;
		}
	}
</style>

<div>

	<header>
		<div class="nav-wrapper"><ul class="nav">
			<li><a class="button nav-first" href="//pokemonshowdown.com/"><img src="//pokemonshowdown.com/images/pokemonshowdownbeta.png" srcset="//pokemonshowdown.com/images/pokemonshowdownbeta.png 1x, //pokemonshowdown.com/images/pokemonshowdownbeta@2x.png 2x" alt="Pok&eacute;mon Showdown" width="146" height="44" /> Home</a></li>
			<li><a class="button" href="//pokemonshowdown.com/dex/">Pok&eacute;dex</a></li>
			<li><a class="button cur" href="/">Replays</a></li>
			<li><a class="button" href="//pokemonshowdown.com/ladder/">Ladder</a></li>
			<li><a class="button nav-last" href="//pokemonshowdown.com/forums/">Forum</a></li>
			<li><a class="button greenbutton nav-first nav-last" href="//play.pokemonshowdown.com/">Play</a></li>
		</ul></div>
	</header>

	<div class="main" id="main">

		<noscript><section class="section">You need to enable JavaScript to use this page; sorry!</section></noscript>

	</div>

</div>

<script defer nomodule src="//play.pokemonshowdown.com/js/lib/ps-polyfill.js"></script>
<script defer src="//play.pokemonshowdown.com/js/lib/preact.min.js"></script>

<script defer src="//play.pokemonshowdown.com/config/config.js?2bddbc15"></script>
<script defer src="//play.pokemonshowdown.com/js/lib/jquery-1.11.0.min.js"></script>
<script defer src="//play.pokemonshowdown.com/js/lib/html-sanitizer-minified.js"></script>
<script defer src="//play.pokemonshowdown.com/js/battle-sound.js"></script>
<script defer src="//play.pokemonshowdown.com/js/battledata.js?0.7209276989879541"></script>
<script defer src="//play.pokemonshowdown.com/data/pokedex-mini.js?0.6111056340867951"></script>
<script defer src="//play.pokemonshowdown.com/data/pokedex-mini-bw.js?0.3532142036491459"></script>
<script defer src="//play.pokemonshowdown.com/data/graphics.js?0.24223875632456182"></script>
<script defer src="//play.pokemonshowdown.com/data/pokedex.js?0.38839984266356864"></script>
<script defer src="//play.pokemonshowdown.com/data/moves.js?0.21866028504024015"></script>
<script defer src="//play.pokemonshowdown.com/data/abilities.js?0.2005157953846628"></script>
<script defer src="//play.pokemonshowdown.com/data/items.js?0.9894211263848525"></script>
<script defer src="//play.pokemonshowdown.com/data/teambuilder-tables.js?0.6008791140282215"></script>
<script defer src="//play.pokemonshowdown.com/js/battle-tooltips.js?0.7580118955022959"></script>
<script defer src="//play.pokemonshowdown.com/js/battle.js?0.6057722274234274"></script>

<script defer src="js/utils.js?e31f9a17"></script>
<script defer src="js/replays-battle.js?7008c182"></script>

<!-- don't scrape this data! just add .json or .log after the URL!
Full API docs: https://github.com/smogon/pokemon-showdown-client/blob/master/WEB-API.md -->
<script type="text/plain" class="log" id="replaylog-smogtours-gen3ou-805216">
|inactive|Battle timer is ON: inactive players will automatically lose when time's up.
|t:|1731063709
|gametype|singles
|player|p1|rezzo64|worker|
|player|p2|caloominum|#advpliii|
|teamsize|p1|6
|teamsize|p2|6
|gen|3
|tier|[Gen 3] OU
|rule|Sleep Clause Mod: Limit one foe put to sleep
|rule|Switch Priority Clause Mod: Faster Pokémon switch first
|rule|Species Clause: Limit one of each Pokémon
|rule|OHKO Clause: OHKO moves are banned
|rule|Evasion Items Clause: Evasion items are banned
|rule|Evasion Moves Clause: Evasion moves are banned
|rule|Endless Battle Clause: Forcing endless battles is banned
|rule|HP Percentage Mod: HP is shown in percentages
|rule|One Boost Passer Clause: Limit one Baton Passer that has a way to boost its stats
|rule|Freeze Clause Mod: Limit one foe frozen
|
|t:|1731063709
|start
|switch|p1a: 小呆|Blissey, F|100/100
|switch|p2a: Zapdos|Zapdos|100/100
|turn|1
|c|☆caloominum|glhf
|c|☆rezzo64|you too
|inactive|rezzo64 has 270 seconds left.
|
|t:|1731063748
|move|p2a: Zapdos|Baton Pass|p2a: Zapdos
|
|t:|1731063751
|switch|p2a: Suicune|Suicune|100/100|[from] Baton Pass
|move|p1a: 小呆|Ice Beam|p2a: Suicune
|-resisted|p2a: Suicune
|-damage|p2a: Suicune|92/100
|
|-heal|p2a: Suicune|98/100|[from] item: Leftovers
|upkeep
|turn|2
|
|t:|1731063760
|switch|p2a: Metagross|Metagross|100/100
|move|p1a: 小呆|Seismic Toss|p2a: Metagross
|-damage|p2a: Metagross|71/100
|
|-heal|p2a: Metagross|77/100|[from] item: Leftovers
|upkeep
|turn|3
|
|t:|1731063772
|switch|p1a: Skarmory|Skarmory, F|100/100
|move|p2a: Metagross|Meteor Mash|p1a: Skarmory
|-resisted|p1a: Skarmory
|-damage|p1a: Skarmory|77/100
|
|-heal|p2a: Metagross|84/100|[from] item: Leftovers
|-heal|p1a: Skarmory|83/100|[from] item: Leftovers
|upkeep
|turn|4
|
|t:|1731063780
|switch|p2a: Skarmory|Skarmory, M|100/100
|move|p1a: Skarmory|Spikes|p2a: Skarmory
|-sidestart|p2: caloominum|Spikes
|
|-heal|p1a: Skarmory|89/100|[from] item: Leftovers
|upkeep
|turn|5
|
|t:|1731063788
|move|p2a: Skarmory|Taunt|p1a: Skarmory
|-start|p1a: Skarmory|move: Taunt
|cant|p1a: Skarmory|move: Taunt|Spikes
|
|-heal|p1a: Skarmory|95/100|[from] item: Leftovers
|upkeep
|turn|6
|
|t:|1731063799
|switch|p1a: 西瓜|Claydol, shiny|100/100
|move|p2a: Skarmory|Spikes|p1a: 西瓜
|-sidestart|p1: rezzo64|Spikes
|
|upkeep
|turn|7
|
|t:|1731063803
|move|p2a: Skarmory|Drill Peck|p1a: 西瓜
|-damage|p1a: 西瓜|79/100
|move|p1a: 西瓜|Rapid Spin|p2a: Skarmory
|-resisted|p2a: Skarmory
|-damage|p2a: Skarmory|99/100
|-sideend|p1: rezzo64|Spikes|[from] move: Rapid Spin|[of] p1a: 西瓜
|
|-heal|p2a: Skarmory|100/100|[from] item: Leftovers
|-heal|p1a: 西瓜|85/100|[from] item: Leftovers
|upkeep
|turn|8
|
|t:|1731063813
|move|p2a: Skarmory|Spikes|p1a: 西瓜
|-sidestart|p1: rezzo64|Spikes
|move|p1a: 西瓜|Hidden Power|p2a: Skarmory
|-supereffective|p2a: Skarmory
|-damage|p2a: Skarmory|76/100
|
|-heal|p2a: Skarmory|82/100|[from] item: Leftovers
|-heal|p1a: 西瓜|91/100|[from] item: Leftovers
|upkeep
|turn|9
|
|t:|1731063820
|move|p2a: Skarmory|Drill Peck|p1a: 西瓜
|-damage|p1a: 西瓜|69/100
|move|p1a: 西瓜|Rapid Spin|p2a: Skarmory
|-resisted|p2a: Skarmory
|-damage|p2a: Skarmory|81/100
|-sideend|p1: rezzo64|Spikes|[from] move: Rapid Spin|[of] p1a: 西瓜
|
|-heal|p2a: Skarmory|87/100|[from] item: Leftovers
|-heal|p1a: 西瓜|75/100|[from] item: Leftovers
|upkeep
|turn|10
|
|t:|1731063824
|move|p2a: Skarmory|Drill Peck|p1a: 西瓜
|-damage|p1a: 西瓜|55/100
|move|p1a: 西瓜|Hidden Power|p2a: Skarmory
|-supereffective|p2a: Skarmory
|-damage|p2a: Skarmory|63/100
|
|-heal|p2a: Skarmory|69/100|[from] item: Leftovers
|-heal|p1a: 西瓜|61/100|[from] item: Leftovers
|upkeep
|turn|11
|
|t:|1731063831
|move|p2a: Skarmory|Spikes|p1a: 西瓜
|-sidestart|p1: rezzo64|Spikes
|move|p1a: 西瓜|Hidden Power|p2a: Skarmory
|-supereffective|p2a: Skarmory
|-damage|p2a: Skarmory|43/100
|
|-heal|p2a: Skarmory|49/100|[from] item: Leftovers
|-heal|p1a: 西瓜|67/100|[from] item: Leftovers
|upkeep
|turn|12
|
|t:|1731063841
|switch|p2a: Gengar|Gengar, M|100/100
|move|p1a: 西瓜|Rapid Spin|p2a: Gengar
|-immune|p2a: Gengar
|
|-heal|p1a: 西瓜|73/100|[from] item: Leftovers
|upkeep
|turn|13
|inactive|rezzo64 has 270 seconds left.
|inactive|rezzo64 has 240 seconds left.
|
|t:|1731063920
|switch|p1a: 小呆|Blissey, F|100/100
|-damage|p1a: 小呆|88/100|[from] Spikes
|move|p2a: Gengar|Ice Punch|p1a: 小呆
|-damage|p1a: 小呆|79/100
|
|-heal|p1a: 小呆|85/100|[from] item: Leftovers
|upkeep
|turn|14
|
|t:|1731063935
|switch|p2a: Metagross|Metagross|84/100
|-damage|p2a: Metagross|71/100|[from] Spikes
|move|p1a: 小呆|Ice Beam|p2a: Metagross
|-resisted|p2a: Metagross
|-damage|p2a: Metagross|60/100
|
|-heal|p2a: Metagross|66/100|[from] item: Leftovers
|-heal|p1a: 小呆|91/100|[from] item: Leftovers
|upkeep
|turn|15
|
|t:|1731063947
|switch|p2a: Zapdos|Zapdos|100/100
|switch|p1a: Skarmory|Skarmory, F|95/100
|
|-heal|p1a: Skarmory|100/100|[from] item: Leftovers
|upkeep
|turn|16
|
|t:|1731063956
|switch|p1a: 小呆|Blissey, F|91/100
|-damage|p1a: 小呆|79/100|[from] Spikes
|move|p2a: Zapdos|Toxic|p1a: 小呆
|-status|p1a: 小呆|tox
|
|-heal|p1a: 小呆|85/100 tox|[from] item: Leftovers
|-damage|p1a: 小呆|79/100 tox|[from] psn
|upkeep
|turn|17
|
|t:|1731063965
|move|p2a: Zapdos|Thunderbolt|p1a: 小呆
|-damage|p1a: 小呆|59/100 tox
|move|p1a: 小呆|Seismic Toss|p2a: Zapdos
|-damage|p2a: Zapdos|69/100
|
|-heal|p2a: Zapdos|76/100|[from] item: Leftovers
|-heal|p1a: 小呆|65/100 tox|[from] item: Leftovers
|-damage|p1a: 小呆|53/100 tox|[from] psn
|upkeep
|turn|18
|
|t:|1731063970
|move|p2a: Zapdos|Thunderbolt|p1a: 小呆
|-damage|p1a: 小呆|30/100 tox
|move|p1a: 小呆|Soft-Boiled|p1a: 小呆
|-heal|p1a: 小呆|80/100 tox
|
|-heal|p2a: Zapdos|82/100|[from] item: Leftovers
|-heal|p1a: 小呆|86/100 tox|[from] item: Leftovers
|-damage|p1a: 小呆|67/100 tox|[from] psn
|upkeep
|turn|19
|
|t:|1731063984
|move|p2a: Zapdos|Hidden Power|p1a: 小呆
|-damage|p1a: 小呆|56/100 tox
|move|p1a: 小呆|Soft-Boiled|p1a: 小呆
|-heal|p1a: 小呆|100/100 tox
|
|-heal|p2a: Zapdos|88/100|[from] item: Leftovers
|-damage|p1a: 小呆|76/100 tox|[from] psn
|upkeep
|turn|20
|
|t:|1731063991
|move|p2a: Zapdos|Toxic|p1a: 小呆
|-fail|p1a: 小呆|tox
|move|p1a: 小呆|Aromatherapy|p1a: 小呆
|-cureteam|p1a: 小呆|[from] move: Aromatherapy
|
|-heal|p2a: Zapdos|94/100|[from] item: Leftovers
|-heal|p1a: 小呆|82/100|[from] item: Leftovers
|upkeep
|turn|21
|
|t:|1731064002
|move|p2a: Zapdos|Baton Pass|p2a: Zapdos
|
|t:|1731064003
|switch|p2a: Suicune|Suicune|98/100|[from] Baton Pass
|-damage|p2a: Suicune|86/100|[from] Spikes
|move|p1a: 小呆|Seismic Toss|p2a: Suicune
|-damage|p2a: Suicune|61/100
|
|-heal|p2a: Suicune|67/100|[from] item: Leftovers
|-heal|p1a: 小呆|88/100|[from] item: Leftovers
|upkeep
|turn|22
|inactive|rezzo64 has 270 seconds left.
|
|t:|1731064009
|move|p2a: Suicune|Calm Mind|p2a: Suicune
|-boost|p2a: Suicune|spa|1
|-boost|p2a: Suicune|spd|1
|move|p1a: 小呆|Seismic Toss|p2a: Suicune
|-damage|p2a: Suicune|42/100
|
|-heal|p2a: Suicune|48/100|[from] item: Leftovers
|-heal|p1a: 小呆|94/100|[from] item: Leftovers
|upkeep
|turn|23
|
|t:|1731064012
|switch|p1a: Lapras|Lapras, M|100/100
|-damage|p1a: Lapras|88/100|[from] Spikes
|move|p2a: Suicune|Calm Mind|p2a: Suicune
|-boost|p2a: Suicune|spa|1
|-boost|p2a: Suicune|spd|1
|
|-heal|p2a: Suicune|55/100|[from] item: Leftovers
|-heal|p1a: Lapras|94/100|[from] item: Leftovers
|upkeep
|turn|24
|c|☆caloominum|bruh
|inactive|caloominum has 270 seconds left.
|inactive|caloominum has 240 seconds left.
|
|t:|1731064098
|move|p2a: Suicune|Calm Mind|p2a: Suicune
|-boost|p2a: Suicune|spa|1
|-boost|p2a: Suicune|spd|1
|move|p1a: Lapras|Roar|p2a: Suicune
|drag|p2a: Zapdos|Zapdos|94/100
|
|-heal|p2a: Zapdos|100/100|[from] item: Leftovers
|-heal|p1a: Lapras|99/100|[from] item: Leftovers
|upkeep
|turn|25
|
|t:|1731064114
|switch|p1a: 小呆|Blissey, F|94/100
|-damage|p1a: 小呆|82/100|[from] Spikes
|move|p2a: Zapdos|Baton Pass|p2a: Zapdos
|inactive|caloominum has 210 seconds left.
|
|t:|1731064130
|switch|p2a: Metagross|Metagross|66/100|[from] Baton Pass
|-damage|p2a: Metagross|54/100|[from] Spikes
|
|-heal|p2a: Metagross|60/100|[from] item: Leftovers
|-heal|p1a: 小呆|88/100|[from] item: Leftovers
|upkeep
|turn|26
|inactive|caloominum has 210 seconds left.
|
|t:|1731064143
|switch|p2a: Gengar|Gengar, M|100/100
|switch|p1a: Skarmory|Skarmory, F|100/100
|
|upkeep
|turn|27
|
|t:|1731064151
|move|p2a: Gengar|Will-O-Wisp|p1a: Skarmory|[miss]
|-miss|p2a: Gengar|p1a: Skarmory
|move|p1a: Skarmory|Spikes|p2a: Gengar
|-sidestart|p2: caloominum|Spikes
|
|upkeep
|turn|28
|
|t:|1731064155
|move|p2a: Gengar|Thunderbolt|p1a: Skarmory
|-supereffective|p1a: Skarmory
|-damage|p1a: Skarmory|53/100
|move|p1a: Skarmory|Spikes|p2a: Gengar
|-sidestart|p2: caloominum|Spikes
|
|-heal|p1a: Skarmory|59/100|[from] item: Leftovers
|upkeep
|turn|29
|
|t:|1731064165
|switch|p1a: Lapras|Lapras, M|99/100
|-damage|p1a: Lapras|88/100|[from] Spikes
|move|p2a: Gengar|Will-O-Wisp|p1a: Lapras
|-status|p1a: Lapras|brn
|
|-heal|p1a: Lapras|94/100 brn|[from] item: Leftovers
|-damage|p1a: Lapras|82/100 brn|[from] brn
|upkeep
|turn|30
|
|t:|1731064171
|move|p2a: Gengar|Thunderbolt|p1a: Lapras
|-supereffective|p1a: Lapras
|-damage|p1a: Lapras|49/100 brn
|move|p1a: Lapras|Ice Beam|p2a: Gengar
|-damage|p2a: Gengar|65/100
|
|-heal|p2a: Gengar|71/100|[from] item: Leftovers
|-heal|p1a: Lapras|55/100 brn|[from] item: Leftovers
|-damage|p1a: Lapras|42/100 brn|[from] brn
|upkeep
|turn|31
|
|t:|1731064177
|move|p2a: Gengar|Thunderbolt|p1a: Lapras
|-supereffective|p1a: Lapras
|-damage|p1a: Lapras|10/100 brn
|move|p1a: Lapras|Rest|p1a: Lapras
|-status|p1a: Lapras|slp|[from] move: Rest
|-heal|p1a: Lapras|100/100 slp|[silent]
|
|-heal|p2a: Gengar|77/100|[from] item: Leftovers
|upkeep
|turn|32
|inactive|rezzo64 has 270 seconds left.
|
|t:|1731064209
|switch|p1a: 小呆|Blissey, F|88/100
|-damage|p1a: 小呆|76/100|[from] Spikes
|move|p2a: Gengar|Will-O-Wisp|p1a: 小呆
|-status|p1a: 小呆|brn
|
|-heal|p2a: Gengar|83/100|[from] item: Leftovers
|-heal|p1a: 小呆|82/100 brn|[from] item: Leftovers
|-damage|p1a: 小呆|69/100 brn|[from] brn
|upkeep
|turn|33
|inactive|rezzo64 has 270 seconds left.
|inactive|caloominum has 240 seconds left.
|
|t:|1731064254
|move|p2a: Gengar|Explosion|p1a: 小呆
|-crit|p1a: 小呆
|-damage|p1a: 小呆|0 fnt
|faint|p2a: Gengar
|faint|p1a: 小呆
|inactive|caloominum has 240 seconds left.
|inactive|rezzo64 has 270 seconds left.
|
|t:|1731064280
|switch|p2a: Zapdos|Zapdos|100/100
|switch|p1a: Milotic|Milotic, M|100/100
|-damage|p1a: Milotic|88/100|[from] Spikes
|
|-heal|p1a: Milotic|94/100|[from] item: Leftovers
|upkeep
|turn|34
|
|t:|1731064286
|move|p2a: Zapdos|Baton Pass|p2a: Zapdos
|
|t:|1731064288
|switch|p2a: Suicune|Suicune|55/100|[from] Baton Pass
|-damage|p2a: Suicune|30/100|[from] Spikes
|move|p1a: Milotic|Toxic|p2a: Suicune
|-status|p2a: Suicune|tox
|
|-heal|p2a: Suicune|36/100 tox|[from] item: Leftovers
|-damage|p2a: Suicune|30/100 tox|[from] psn
|-heal|p1a: Milotic|100/100|[from] item: Leftovers
|upkeep
|turn|35
|
|t:|1731064295
|switch|p1a: Dugtrio|Dugtrio, F|100/100
|-damage|p1a: Dugtrio|88/100|[from] Spikes
|move|p2a: Suicune|Rest|p2a: Suicune
|-status|p2a: Suicune|slp|[from] move: Rest
|-heal|p2a: Suicune|100/100 slp|[silent]
|
|upkeep
|turn|36
|
|t:|1731064299
|move|p1a: Dugtrio|Earthquake|p2a: Suicune
|-damage|p2a: Suicune|56/100 slp
|cant|p2a: Suicune|slp
|
|-heal|p2a: Suicune|62/100 slp|[from] item: Leftovers
|upkeep
|turn|37
|
|t:|1731064301
|move|p1a: Dugtrio|Earthquake|p2a: Suicune
|-damage|p2a: Suicune|20/100 slp
|cant|p2a: Suicune|slp
|
|-heal|p2a: Suicune|26/100 slp|[from] item: Leftovers
|upkeep
|turn|38
|
|t:|1731064303
|move|p1a: Dugtrio|Earthquake|p2a: Suicune
|-damage|p2a: Suicune|0 fnt
|faint|p2a: Suicune
|inactive|caloominum has 270 seconds left.
|
|t:|1731064328
|switch|p2a: Celebi|Celebi|100/100
|-damage|p2a: Celebi|76/100|[from] Spikes
|
|-heal|p2a: Celebi|82/100|[from] item: Leftovers
|upkeep
|turn|39
|
|t:|1731064345
|switch|p1a: Skarmory|Skarmory, F|59/100
|move|p2a: Celebi|Calm Mind|p2a: Celebi
|-boost|p2a: Celebi|spa|1
|-boost|p2a: Celebi|spd|1
|
|-heal|p2a: Celebi|88/100|[from] item: Leftovers
|-heal|p1a: Skarmory|65/100|[from] item: Leftovers
|upkeep
|turn|40
|
|t:|1731064355
|move|p2a: Celebi|Hidden Power|p1a: Skarmory
|-supereffective|p1a: Skarmory
|-damage|p1a: Skarmory|1/100
|move|p1a: Skarmory|Drill Peck|p2a: Celebi
|-supereffective|p2a: Celebi
|-damage|p2a: Celebi|52/100
|
|-heal|p2a: Celebi|58/100|[from] item: Leftovers
|-heal|p1a: Skarmory|7/100|[from] item: Leftovers
|upkeep
|turn|41
|
|t:|1731064377
|move|p2a: Celebi|Giga Drain|p1a: Skarmory
|-resisted|p1a: Skarmory
|-damage|p1a: Skarmory|0 fnt
|-heal|p2a: Celebi|60/100|[from] drain|[of] p1a: Skarmory
|faint|p1a: Skarmory
|
|t:|1731064390
|switch|p1a: Dugtrio|Dugtrio, F|88/100
|-damage|p1a: Dugtrio|76/100|[from] Spikes
|
|-heal|p2a: Celebi|67/100|[from] item: Leftovers
|upkeep
|turn|42
|
|t:|1731064395
|move|p1a: Dugtrio|Hidden Power|p2a: Celebi
|-supereffective|p2a: Celebi
|-damage|p2a: Celebi|0 fnt
|faint|p2a: Celebi
|
|t:|1731064397
|switch|p2a: Zapdos|Zapdos|100/100
|
|upkeep
|turn|43
|
|t:|1731064411
|move|p1a: Dugtrio|Hidden Power|p2a: Zapdos
|-resisted|p2a: Zapdos
|-damage|p2a: Zapdos|85/100
|move|p2a: Zapdos|Hidden Power|p1a: Dugtrio
|-supereffective|p1a: Dugtrio
|-damage|p1a: Dugtrio|0 fnt
|faint|p1a: Dugtrio
|
|t:|1731064424
|switch|p1a: Milotic|Milotic, M|100/100
|-damage|p1a: Milotic|88/100|[from] Spikes
|
|-heal|p2a: Zapdos|91/100|[from] item: Leftovers
|-heal|p1a: Milotic|94/100|[from] item: Leftovers
|upkeep
|turn|44
|
|t:|1731064430
|move|p2a: Zapdos|Baton Pass|p2a: Zapdos
|
|t:|1731064431
|switch|p2a: Skarmory|Skarmory, M|49/100|[from] Baton Pass
|move|p1a: Milotic|Toxic|p2a: Skarmory
|-immune|p2a: Skarmory
|
|-heal|p1a: Milotic|100/100|[from] item: Leftovers
|-heal|p2a: Skarmory|55/100|[from] item: Leftovers
|upkeep
|turn|45
|
|t:|1731064446
|switch|p1a: Lapras|Lapras, M|100/100 slp
|-damage|p1a: Lapras|88/100 slp|[from] Spikes
|move|p2a: Skarmory|Roar|p1a: Lapras
|drag|p1a: 西瓜|Claydol, shiny|73/100
|
|-heal|p2a: Skarmory|61/100|[from] item: Leftovers
|-heal|p1a: 西瓜|80/100|[from] item: Leftovers
|upkeep
|turn|46
|
|t:|1731064456
|move|p2a: Skarmory|Drill Peck|p1a: 西瓜
|-damage|p1a: 西瓜|59/100
|move|p1a: 西瓜|Rapid Spin|p2a: Skarmory
|-resisted|p2a: Skarmory
|-damage|p2a: Skarmory|60/100
|-sideend|p1: rezzo64|Spikes|[from] move: Rapid Spin|[of] p1a: 西瓜
|
|-heal|p2a: Skarmory|66/100|[from] item: Leftovers
|-heal|p1a: 西瓜|65/100|[from] item: Leftovers
|upkeep
|turn|47
|
|t:|1731064462
|switch|p1a: Lapras|Lapras, M|88/100 slp
|move|p2a: Skarmory|Drill Peck|p1a: Lapras
|-damage|p1a: Lapras|67/100 slp
|
|-heal|p2a: Skarmory|72/100|[from] item: Leftovers
|-heal|p1a: Lapras|73/100 slp|[from] item: Leftovers
|upkeep
|turn|48
|
|t:|1731064466
|move|p2a: Skarmory|Spikes|p1a: Lapras
|-sidestart|p1: rezzo64|Spikes
|cant|p1a: Lapras|slp
|
|-heal|p2a: Skarmory|78/100|[from] item: Leftovers
|-heal|p1a: Lapras|79/100 slp|[from] item: Leftovers
|upkeep
|turn|49
|
|t:|1731064469
|move|p2a: Skarmory|Spikes|p1a: Lapras
|-sidestart|p1: rezzo64|Spikes
|cant|p1a: Lapras|slp
|
|-heal|p2a: Skarmory|84/100|[from] item: Leftovers
|-heal|p1a: Lapras|85/100 slp|[from] item: Leftovers
|upkeep
|turn|50
|
|t:|1731064480
|move|p2a: Skarmory|Spikes|p1a: Lapras
|-sidestart|p1: rezzo64|Spikes
|-curestatus|p1a: Lapras|slp|[msg]
|move|p1a: Lapras|Roar|p2a: Skarmory
|drag|p2a: Metagross|Metagross|60/100
|-damage|p2a: Metagross|35/100|[from] Spikes
|
|-heal|p2a: Metagross|41/100|[from] item: Leftovers
|-heal|p1a: Lapras|91/100|[from] item: Leftovers
|upkeep
|turn|51
|
|t:|1731064505
|switch|p1a: 西瓜|Claydol, shiny|65/100
|move|p2a: Metagross|Rock Slide|p1a: 西瓜|[miss]
|-miss|p2a: Metagross|p1a: 西瓜
|
|-heal|p2a: Metagross|47/100|[from] item: Leftovers
|-heal|p1a: 西瓜|72/100|[from] item: Leftovers
|upkeep
|turn|52
|
|t:|1731064509
|move|p2a: Metagross|Meteor Mash|p1a: 西瓜
|-damage|p1a: 西瓜|19/100
|move|p1a: 西瓜|Rapid Spin|p2a: Metagross
|-resisted|p2a: Metagross
|-damage|p2a: Metagross|45/100
|-sideend|p1: rezzo64|Spikes|[from] move: Rapid Spin|[of] p1a: 西瓜
|
|-heal|p2a: Metagross|52/100|[from] item: Leftovers
|-heal|p1a: 西瓜|25/100|[from] item: Leftovers
|upkeep
|turn|53
|
|t:|1731064515
|move|p2a: Metagross|Meteor Mash|p1a: 西瓜
|-damage|p1a: 西瓜|0 fnt
|-boost|p2a: Metagross|atk|1
|faint|p1a: 西瓜
|
|t:|1731064518
|switch|p1a: Milotic|Milotic, M|100/100
|
|-heal|p2a: Metagross|58/100|[from] item: Leftovers
|upkeep
|turn|54
|
|t:|1731064521
|move|p1a: Milotic|Surf|p2a: Metagross
|-damage|p2a: Metagross|24/100
|move|p2a: Metagross|Earthquake|p1a: Milotic
|-damage|p1a: Milotic|60/100
|
|-heal|p1a: Milotic|66/100|[from] item: Leftovers
|-heal|p2a: Metagross|31/100|[from] item: Leftovers
|upkeep
|turn|55
|
|t:|1731064526
|move|p1a: Milotic|Surf|p2a: Metagross
|-damage|p2a: Metagross|0 fnt
|faint|p2a: Metagross
|
|t:|1731064528
|switch|p2a: Zapdos|Zapdos|91/100
|
|-heal|p2a: Zapdos|98/100|[from] item: Leftovers
|-heal|p1a: Milotic|72/100|[from] item: Leftovers
|upkeep
|turn|56
|
|t:|1731064532
|move|p2a: Zapdos|Thunderbolt|p1a: Milotic
|-supereffective|p1a: Milotic
|-damage|p1a: Milotic|0 fnt
|faint|p1a: Milotic
|
|t:|1731064534
|switch|p1a: Lapras|Lapras, M|91/100
|
|-heal|p2a: Zapdos|100/100|[from] item: Leftovers
|-heal|p1a: Lapras|97/100|[from] item: Leftovers
|upkeep
|turn|57
|
|t:|1731064537
|move|p2a: Zapdos|Thunderbolt|p1a: Lapras
|-supereffective|p1a: Lapras
|-damage|p1a: Lapras|41/100
|move|p1a: Lapras|Ice Beam|p2a: Zapdos
|-supereffective|p2a: Zapdos
|-damage|p2a: Zapdos|43/100
|
|-heal|p2a: Zapdos|49/100|[from] item: Leftovers
|-heal|p1a: Lapras|47/100|[from] item: Leftovers
|upkeep
|turn|58
|c|☆caloominum|gg
|
|t:|1731064543
|move|p2a: Zapdos|Thunderbolt|p1a: Lapras
|-supereffective|p1a: Lapras
|-damage|p1a: Lapras|0 fnt
|faint|p1a: Lapras
|
|win|caloominum
|c|☆rezzo64|gg

</script>
<script type="application/json" class="data" id="replaydata-smogtours-gen3ou-805216">
{"id":"smogtours-gen3ou-805216","format":"[Gen 3] OU","players":["rezzo64","caloominum"],"uploadtime":1731064543,"views":50,"formatid":"gen3ou","rating":null,"private":0,"password":null}
</script>

<script defer src="js/replays.js?9d40a366"></script>
