<!DOCTYPE html>
<meta charset="utf-8" />
<meta name="viewport" content="width=device-width" />

<title>[Gen 3] OU: BillGatesAlt vs. Faantome - Replays - Pok&eacute;mon Showdown!</title>

<meta name="description" content="Watch a replay of a Pok&eacute;mon battle between BillGatesAlt and Faantome! Format: [Gen 3] OU; Date: Oct 12, 2024" />
<!--

Hey, you! Looking in the source for the replay log?

You can find them in JSON format, just add `.json` at the end of a replay URL.

https://replay.pokemonshowdown.com/gen7randomdoublesbattle-865046831.json

Or, if you only need the log itself, add `.log` instead:

https://replay.pokemonshowdown.com/gen7randomdoublesbattle-865046831.log

-->

<link rel="stylesheet" href="//pokemonshowdown.com/style/global.css?0.767286132409787" />
<link rel="stylesheet" href="//play.pokemonshowdown.com/style/font-awesome.css?0.9266228007934947" />
<link rel="stylesheet" href="//play.pokemonshowdown.com/style/battle.css?0.7924700842790926" />
<link rel="stylesheet" href="//play.pokemonshowdown.com/style/utilichart.css?0.8777417872839479" />

<!-- Global site tag (gtag.js) - Google Analytics -->
<script async src="https://www.googletagmanager.com/gtag/js?id=UA-26211653-1"></script>
<script>
  window.dataLayer = window.dataLayer || [];
  function gtag(){dataLayer.push(arguments);}
  gtag('js', new Date());

  gtag('config', 'UA-26211653-1');
</script>
<!-- End Google Analytics -->
<!-- Venatus Ad Manager - Install in <HEAD> of page -->
	<script src="https://hb.vntsm.com/v3/live/ad-manager.min.js" type="text/javascript" data-site-id="642aba63ec9a7b11c3c9c1be" data-mode="scan" async></script>
<!-- / Venatus Ad Manager -->

<style>
	@media (max-width:820px) {
		.battle {
			margin: 0 auto;
		}
		.battle-log {
			margin: 7px auto 0;
			max-width: 640px;
			height: 300px;
			position: static;
		}
	}
	.optgroup {
		display: inline-block;
		line-height: 22px;
		font-size: 10pt;
	}
	.optgroup .button {
		height: 25px;
		padding-top: 0;
		padding-bottom: 0;
	}
	.optgroup button.button {
		padding-left: 12px;
		padding-right: 12px;
	}
	.linklist {
		list-style: none;
		margin: 0.5em 0;
		padding: 0;
	}
	.linklist li {
		padding: 2px 0;
	}
	.sidebar {
		float: left;
		width: 320px;
	}
	.bar-wrapper {
		max-width: 1100px;
		margin: 0 auto;
	}
	.bar-wrapper.has-sidebar {
		max-width: 1430px;
	}
	.mainbar {
		margin: 0;
		padding-right: 1px;
	}
	.mainbar.has-sidebar {
		margin-left: 330px;
	}
	@media (min-width: 1511px) {
		.sidebar {
			width: 400px;
		}
		.bar-wrapper.has-sidebar {
			max-width: 1510px;
		}
		.mainbar.has-sidebar {
			margin-left: 410px;
		}
	}
	.section.first-section {
		margin-top: 9px;
	}
	.blocklink small {
		white-space: normal;
	}
	.button {
		vertical-align: middle;
	}
	.replay-controls {
		padding-top: 10px;
	}
	.replay-controls h1 {
		font-size: 16pt;
		font-weight: normal;
		color: #CCC;
	}
	.pagelink {
		text-align: center;
	}
	.pagelink a {
		width: 150px;
	}
	.textbox, .button {
		font-size: 11pt;
		vertical-align: middle;
	}
	@media (max-width: 450px) {
		.button {
			font-size: 9pt;
		}
	}
</style>

<div>

	<header>
		<div class="nav-wrapper"><ul class="nav">
			<li><a class="button nav-first" href="//pokemonshowdown.com/"><img src="//pokemonshowdown.com/images/pokemonshowdownbeta.png" srcset="//pokemonshowdown.com/images/pokemonshowdownbeta.png 1x, //pokemonshowdown.com/images/pokemonshowdownbeta@2x.png 2x" alt="Pok&eacute;mon Showdown" width="146" height="44" /> Home</a></li>
			<li><a class="button" href="//pokemonshowdown.com/dex/">Pok&eacute;dex</a></li>
			<li><a class="button cur" href="/">Replays</a></li>
			<li><a class="button" href="//pokemonshowdown.com/ladder/">Ladder</a></li>
			<li><a class="button nav-last" href="//pokemonshowdown.com/forums/">Forum</a></li>
			<li><a class="button greenbutton nav-first nav-last" href="//play.pokemonshowdown.com/">Play</a></li>
		</ul></div>
	</header>

	<div class="main" id="main">

		<noscript><section class="section">You need to enable JavaScript to use this page; sorry!</section></noscript>

	</div>

</div>

<script defer nomodule src="//play.pokemonshowdown.com/js/lib/ps-polyfill.js"></script>
<script defer src="//play.pokemonshowdown.com/js/lib/preact.min.js"></script>

<script defer src="//play.pokemonshowdown.com/config/config.js?6dec07f6"></script>
<script defer src="//play.pokemonshowdown.com/js/lib/jquery-1.11.0.min.js"></script>
<script defer src="//play.pokemonshowdown.com/js/lib/html-sanitizer-minified.js"></script>
<script defer src="//play.pokemonshowdown.com/js/battle-sound.js"></script>
<script defer src="//play.pokemonshowdown.com/js/battledata.js?0.6315294753075389"></script>
<script defer src="//play.pokemonshowdown.com/data/pokedex-mini.js?0.7603743185311358"></script>
<script defer src="//play.pokemonshowdown.com/data/pokedex-mini-bw.js?0.030888842834281283"></script>
<script defer src="//play.pokemonshowdown.com/data/graphics.js?0.05593094747507488"></script>
<script defer src="//play.pokemonshowdown.com/data/pokedex.js?0.47064822249611904"></script>
<script defer src="//play.pokemonshowdown.com/data/moves.js?0.8583693120512459"></script>
<script defer src="//play.pokemonshowdown.com/data/abilities.js?0.16017181182386842"></script>
<script defer src="//play.pokemonshowdown.com/data/items.js?0.4163379185673943"></script>
<script defer src="//play.pokemonshowdown.com/data/teambuilder-tables.js?0.31075597372830477"></script>
<script defer src="//play.pokemonshowdown.com/js/battle-tooltips.js?0.6536193500708172"></script>
<script defer src="//play.pokemonshowdown.com/js/battle.js?0.1916591943277901"></script>

<script defer src="js/utils.js?e31f9a17"></script>
<script defer src="js/replays-battle.js?7008c182"></script>

<!-- don't scrape this data! just add .json or .log after the URL!
Full API docs: https://github.com/smogon/pokemon-showdown-client/blob/master/WEB-API.md -->
<script type="text/plain" class="log" id="replaylog-smogtours-gen3ou-797663">
|inactive|Battle timer is ON: inactive players will automatically lose when time's up.
|t:|1728757620
|gametype|singles
|player|p1|BillGatesAlt|clown|
|player|p2|Faantome|sabrina-frlg|
|teamsize|p1|6
|teamsize|p2|6
|gen|3
|tier|[Gen 3] OU
|rule|Sleep Clause Mod: Limit one foe put to sleep
|rule|Switch Priority Clause Mod: Faster Pokémon switch first
|rule|Species Clause: Limit one of each Pokémon
|rule|OHKO Clause: OHKO moves are banned
|rule|Evasion Items Clause: Evasion items are banned
|rule|Evasion Moves Clause: Evasion moves are banned
|rule|Endless Battle Clause: Forcing endless battles is banned
|rule|HP Percentage Mod: HP is shown in percentages
|rule|One Boost Passer Clause: Limit one Baton Passer that has a way to boost its stats
|rule|Freeze Clause Mod: Limit one foe frozen
|
|t:|1728757620
|start
|switch|p1a: Blissey|Blissey, F|100/100
|switch|p2a: Salamence|Salamence, M|100/100
|-ability|p2a: Salamence|Intimidate|boost
|-unboost|p1a: Blissey|atk|1
|turn|1
|
|t:|1728757637
|switch|p2a: Forretress|Forretress, F|100/100
|switch|p1a: Weezing|Weezing, M|100/100
|
|upkeep
|turn|2
|c|☆Faantome|new pokemon
|c|☆Faantome|wow
|
|t:|1728757664
|switch|p2a: Blissey|Blissey, F|100/100
|move|p1a: Weezing|Will-O-Wisp|p2a: Blissey
|-status|p2a: Blissey|brn
|
|-damage|p2a: Blissey|88/100 brn|[from] brn
|upkeep
|turn|3
|
|t:|1728757688
|move|p1a: Weezing|Sludge Bomb|p2a: Blissey
|-damage|p2a: Blissey|65/100 brn
|move|p2a: Blissey|Thunder Wave|p1a: Weezing
|-status|p1a: Weezing|par
|
|-heal|p2a: Blissey|72/100 brn|[from] item: Leftovers
|-damage|p2a: Blissey|59/100 brn|[from] brn
|upkeep
|turn|4
|
|t:|1728757702
|-curestatus|p2a: Blissey|brn|[from] ability: Natural Cure
|switch|p2a: Forretress|Forretress, F|100/100
|cant|p1a: Weezing|par
|
|upkeep
|turn|5
|
|t:|1728757707
|move|p2a: Forretress|Spikes|p1a: Weezing
|-sidestart|p1: BillGatesAlt|Spikes
|cant|p1a: Weezing|par
|
|upkeep
|turn|6
|
|t:|1728757712
|move|p2a: Forretress|Spikes|p1a: Weezing
|-sidestart|p1: BillGatesAlt|Spikes
|move|p1a: Weezing|Will-O-Wisp|p2a: Forretress
|-status|p2a: Forretress|brn
|
|-damage|p2a: Forretress|88/100 brn|[from] brn
|upkeep
|turn|7
|
|t:|1728757734
|switch|p2a: Tyranitar|Tyranitar, F|100/100
|-weather|Sandstorm|[from] ability: Sand Stream|[of] p2a: Tyranitar
|switch|p1a: Skarmory|Skarmory, F|100/100
|
|-weather|Sandstorm|[upkeep]
|upkeep
|turn|8
|
|t:|1728757743
|move|p1a: Skarmory|Spikes|p2a: Tyranitar
|-sidestart|p2: Faantome|Spikes
|move|p2a: Tyranitar|Crunch|p1a: Skarmory
|-resisted|p1a: Skarmory
|-damage|p1a: Skarmory|83/100
|
|-weather|Sandstorm|[upkeep]
|-heal|p1a: Skarmory|89/100|[from] item: Leftovers
|upkeep
|turn|9
|
|t:|1728757750
|move|p1a: Skarmory|Toxic|p2a: Tyranitar
|-status|p2a: Tyranitar|tox
|move|p2a: Tyranitar|Fire Blast|p1a: Skarmory|[miss]
|-miss|p2a: Tyranitar|p1a: Skarmory
|
|-weather|Sandstorm|[upkeep]
|-heal|p1a: Skarmory|95/100|[from] item: Leftovers
|-damage|p2a: Tyranitar|94/100 tox|[from] psn
|upkeep
|turn|10
|
|t:|1728757760
|move|p1a: Skarmory|Protect|p1a: Skarmory
|-singleturn|p1a: Skarmory|Protect
|move|p2a: Tyranitar|Fire Blast|p1a: Skarmory
|-activate|p1a: Skarmory|Protect
|
|-weather|Sandstorm|[upkeep]
|-heal|p1a: Skarmory|100/100|[from] item: Leftovers
|-heal|p2a: Tyranitar|100/100 tox|[from] item: Leftovers
|-damage|p2a: Tyranitar|88/100 tox|[from] psn
|upkeep
|turn|11
|
|t:|1728757777
|switch|p1a: Weezing|Weezing, M|100/100 par
|switch|p2a: Forretress|Forretress, F|88/100 brn
|-damage|p2a: Forretress|76/100 brn|[from] Spikes
|
|-weather|Sandstorm|[upkeep]
|-damage|p1a: Weezing|95/100 par|[from] Sandstorm
|-heal|p2a: Forretress|82/100 brn|[from] item: Leftovers
|-damage|p2a: Forretress|69/100 brn|[from] brn
|-heal|p1a: Weezing|100/100 par|[from] item: Leftovers
|upkeep
|turn|12
|
|t:|1728757788
|switch|p1a: Skarmory|Skarmory, F|100/100
|move|p2a: Forretress|Rapid Spin|p1a: Skarmory
|-resisted|p1a: Skarmory
|-damage|p1a: Skarmory|99/100
|-sideend|p2: Faantome|Spikes|[from] move: Rapid Spin|[of] p2a: Forretress
|
|-weather|Sandstorm|[upkeep]
|-heal|p1a: Skarmory|100/100|[from] item: Leftovers
|-heal|p2a: Forretress|76/100 brn|[from] item: Leftovers
|-damage|p2a: Forretress|63/100 brn|[from] brn
|upkeep
|turn|13
|
|t:|1728757797
|move|p1a: Skarmory|Spikes|p2a: Forretress
|-sidestart|p2: Faantome|Spikes
|move|p2a: Forretress|Rapid Spin|p1a: Skarmory
|-resisted|p1a: Skarmory
|-damage|p1a: Skarmory|99/100
|-sideend|p2: Faantome|Spikes|[from] move: Rapid Spin|[of] p2a: Forretress
|
|-weather|Sandstorm|[upkeep]
|-heal|p1a: Skarmory|100/100|[from] item: Leftovers
|-heal|p2a: Forretress|69/100 brn|[from] item: Leftovers
|-damage|p2a: Forretress|57/100 brn|[from] brn
|upkeep
|turn|14
|
|t:|1728757808
|switch|p2a: Salamence|Salamence, M|100/100
|-ability|p2a: Salamence|Intimidate|boost
|-unboost|p1a: Skarmory|atk|1
|move|p1a: Skarmory|Spikes|p2a: Salamence
|-sidestart|p2: Faantome|Spikes
|
|-weather|Sandstorm|[upkeep]
|-damage|p2a: Salamence|95/100|[from] Sandstorm
|-heal|p2a: Salamence|100/100|[from] item: Leftovers
|upkeep
|turn|15
|
|t:|1728757822
|switch|p1a: Weezing|Weezing, M|100/100 par
|move|p2a: Salamence|Fire Blast|p1a: Weezing
|-damage|p1a: Weezing|43/100 par
|
|-weather|Sandstorm|[upkeep]
|-damage|p2a: Salamence|95/100|[from] Sandstorm
|-damage|p1a: Weezing|37/100 par|[from] Sandstorm
|-heal|p2a: Salamence|100/100|[from] item: Leftovers
|-heal|p1a: Weezing|43/100 par|[from] item: Leftovers
|upkeep
|turn|16
|
|t:|1728757838
|move|p2a: Salamence|Dragon Claw|p1a: Weezing
|-damage|p1a: Weezing|0 fnt
|faint|p1a: Weezing
|
|t:|1728757850
|switch|p1a: Zapdos|Zapdos|100/100
|
|-weather|Sandstorm|[upkeep]
|-damage|p2a: Salamence|95/100|[from] Sandstorm
|-damage|p1a: Zapdos|94/100|[from] Sandstorm
|-heal|p2a: Salamence|100/100|[from] item: Leftovers
|-heal|p1a: Zapdos|100/100|[from] item: Leftovers
|upkeep
|turn|17
|
|t:|1728757861
|switch|p2a: Blissey|Blissey, F|59/100
|-damage|p2a: Blissey|47/100|[from] Spikes
|move|p1a: Zapdos|Thunderbolt|p2a: Blissey
|-damage|p2a: Blissey|33/100
|
|-weather|Sandstorm|[upkeep]
|-damage|p1a: Zapdos|94/100|[from] Sandstorm
|-damage|p2a: Blissey|27/100|[from] Sandstorm
|-heal|p1a: Zapdos|100/100|[from] item: Leftovers
|-heal|p2a: Blissey|33/100|[from] item: Leftovers
|upkeep
|turn|18
|
|t:|1728757879
|move|p1a: Zapdos|Thunderbolt|p2a: Blissey
|-damage|p2a: Blissey|18/100
|move|p2a: Blissey|Soft-Boiled|p2a: Blissey
|-heal|p2a: Blissey|68/100
|
|-weather|Sandstorm|[upkeep]
|-damage|p1a: Zapdos|94/100|[from] Sandstorm
|-damage|p2a: Blissey|62/100|[from] Sandstorm
|-heal|p1a: Zapdos|100/100|[from] item: Leftovers
|-heal|p2a: Blissey|68/100|[from] item: Leftovers
|upkeep
|turn|19
|
|t:|1728757897
|move|p2a: Blissey|Thunder Wave|p1a: Zapdos
|-status|p1a: Zapdos|par
|move|p1a: Zapdos|Roar|p2a: Blissey
|drag|p2a: Tyranitar|Tyranitar, F|88/100 tox
|-damage|p2a: Tyranitar|76/100 tox|[from] Spikes
|
|-weather|Sandstorm|[upkeep]
|-damage|p1a: Zapdos|94/100 par|[from] Sandstorm
|-heal|p2a: Tyranitar|82/100 tox|[from] item: Leftovers
|-damage|p2a: Tyranitar|76/100 tox|[from] psn
|-heal|p1a: Zapdos|100/100 par|[from] item: Leftovers
|upkeep
|turn|20
|inactive|BillGatesAlt has 270 seconds left.
|
|t:|1728757921
|move|p2a: Tyranitar|Crunch|p1a: Zapdos
|-damage|p1a: Zapdos|76/100 par
|-unboost|p1a: Zapdos|spd|1
|move|p1a: Zapdos|Thunderbolt|p2a: Tyranitar
|-damage|p2a: Tyranitar|44/100 tox
|
|-weather|Sandstorm|[upkeep]
|-damage|p1a: Zapdos|70/100 par|[from] Sandstorm
|-heal|p2a: Tyranitar|50/100 tox|[from] item: Leftovers
|-damage|p2a: Tyranitar|38/100 tox|[from] psn
|-heal|p1a: Zapdos|76/100 par|[from] item: Leftovers
|upkeep
|turn|21
|inactive|BillGatesAlt has 270 seconds left.
|
|t:|1728757934
|switch|p2a: Forretress|Forretress, F|57/100 brn
|-damage|p2a: Forretress|45/100 brn|[from] Spikes
|switch|p1a: Blissey|Blissey, F|100/100
|-damage|p1a: Blissey|84/100|[from] Spikes
|
|-weather|Sandstorm|[upkeep]
|-damage|p1a: Blissey|78/100|[from] Sandstorm
|-heal|p1a: Blissey|84/100|[from] item: Leftovers
|-heal|p2a: Forretress|51/100 brn|[from] item: Leftovers
|-damage|p2a: Forretress|38/100 brn|[from] brn
|upkeep
|turn|22
|inactive|BillGatesAlt has 270 seconds left.
|
|t:|1728757955
|switch|p1a: Skarmory|Skarmory, F|100/100
|move|p2a: Forretress|Rapid Spin|p1a: Skarmory
|-resisted|p1a: Skarmory
|-damage|p1a: Skarmory|99/100
|-sideend|p2: Faantome|Spikes|[from] move: Rapid Spin|[of] p2a: Forretress
|
|-weather|Sandstorm|[upkeep]
|-heal|p1a: Skarmory|100/100|[from] item: Leftovers
|-heal|p2a: Forretress|45/100 brn|[from] item: Leftovers
|-damage|p2a: Forretress|32/100 brn|[from] brn
|upkeep
|turn|23
|
|t:|1728757970
|switch|p2a: Jirachi|Jirachi|100/100
|move|p1a: Skarmory|Toxic|p2a: Jirachi
|-immune|p2a: Jirachi
|
|-weather|Sandstorm|[upkeep]
|upkeep
|turn|24
|
|t:|1728757988
|switch|p1a: Moltres|Moltres|100/100
|move|p2a: Jirachi|Wish|p2a: Jirachi
|
|-weather|Sandstorm|[upkeep]
|-damage|p1a: Moltres|94/100|[from] Sandstorm
|-heal|p1a: Moltres|100/100|[from] item: Leftovers
|upkeep
|turn|25
|
|t:|1728757996
|switch|p2a: Blissey|Blissey, F|68/100
|move|p1a: Moltres|Will-O-Wisp|p2a: Blissey|[miss]
|-miss|p1a: Moltres|p2a: Blissey
|
|-heal|p2a: Blissey|100/100|[from] move: Wish|[wisher] Jirachi
|-weather|Sandstorm|[upkeep]
|-damage|p1a: Moltres|94/100|[from] Sandstorm
|-damage|p2a: Blissey|94/100|[from] Sandstorm
|-heal|p1a: Moltres|100/100|[from] item: Leftovers
|-heal|p2a: Blissey|100/100|[from] item: Leftovers
|upkeep
|turn|26
|
|t:|1728758008
|switch|p1a: Zapdos|Zapdos|76/100 par
|move|p2a: Blissey|Thunder Wave|p1a: Zapdos
|-fail|p1a: Zapdos|par
|
|-weather|Sandstorm|[upkeep]
|-damage|p2a: Blissey|94/100|[from] Sandstorm
|-damage|p1a: Zapdos|70/100 par|[from] Sandstorm
|-heal|p2a: Blissey|100/100|[from] item: Leftovers
|-heal|p1a: Zapdos|76/100 par|[from] item: Leftovers
|upkeep
|turn|27
|
|t:|1728758020
|move|p2a: Blissey|Seismic Toss|p1a: Zapdos
|-damage|p1a: Zapdos|50/100 par
|cant|p1a: Zapdos|par
|
|-weather|Sandstorm|[upkeep]
|-damage|p2a: Blissey|94/100|[from] Sandstorm
|-damage|p1a: Zapdos|43/100 par|[from] Sandstorm
|-heal|p2a: Blissey|100/100|[from] item: Leftovers
|-heal|p1a: Zapdos|50/100 par|[from] item: Leftovers
|upkeep
|turn|28
|
|t:|1728758032
|move|p2a: Blissey|Seismic Toss|p1a: Zapdos
|-damage|p1a: Zapdos|24/100 par
|move|p1a: Zapdos|Rest|p1a: Zapdos
|-status|p1a: Zapdos|slp|[from] move: Rest
|-heal|p1a: Zapdos|100/100 slp|[silent]
|
|-weather|Sandstorm|[upkeep]
|-damage|p1a: Zapdos|94/100 slp|[from] Sandstorm
|-damage|p2a: Blissey|94/100|[from] Sandstorm
|-heal|p1a: Zapdos|100/100 slp|[from] item: Leftovers
|-heal|p2a: Blissey|100/100|[from] item: Leftovers
|upkeep
|turn|29
|inactive|BillGatesAlt has 270 seconds left.
|
|t:|1728758048
|switch|p2a: Aerodactyl|Aerodactyl, M|100/100
|cant|p1a: Zapdos|slp
|
|-weather|Sandstorm|[upkeep]
|-damage|p1a: Zapdos|94/100 slp|[from] Sandstorm
|-heal|p1a: Zapdos|100/100 slp|[from] item: Leftovers
|upkeep
|turn|30
|inactive|BillGatesAlt has 270 seconds left.
|
|t:|1728758057
|switch|p1a: Flygon|Flygon, F|100/100
|move|p2a: Aerodactyl|Rock Slide|p1a: Flygon
|-resisted|p1a: Flygon
|-damage|p1a: Flygon|79/100
|
|-weather|Sandstorm|[upkeep]
|-heal|p1a: Flygon|85/100|[from] item: Leftovers
|upkeep
|turn|31
|
|t:|1728758070
|switch|p2a: Jirachi|Jirachi|100/100
|move|p1a: Flygon|Rock Slide|p2a: Jirachi
|-resisted|p2a: Jirachi
|-damage|p2a: Jirachi|95/100
|
|-weather|Sandstorm|[upkeep]
|-heal|p1a: Flygon|91/100|[from] item: Leftovers
|-heal|p2a: Jirachi|100/100|[from] item: Leftovers
|upkeep
|turn|32
|
|t:|1728758099
|switch|p1a: Skarmory|Skarmory, F|100/100
|move|p2a: Jirachi|Wish|p2a: Jirachi
|
|-weather|Sandstorm|[upkeep]
|upkeep
|turn|33
|
|t:|1728758104
|move|p2a: Jirachi|Fire Punch|p1a: Skarmory
|-supereffective|p1a: Skarmory
|-damage|p1a: Skarmory|70/100
|move|p1a: Skarmory|Toxic|p2a: Jirachi|[miss]
|-miss|p1a: Skarmory|p2a: Jirachi
|
|-weather|Sandstorm|[upkeep]
|-heal|p1a: Skarmory|76/100|[from] item: Leftovers
|upkeep
|turn|34
|
|t:|1728758112
|move|p1a: Skarmory|Protect|p1a: Skarmory
|-singleturn|p1a: Skarmory|Protect
|move|p2a: Jirachi|Fire Punch|p1a: Skarmory
|-activate|p1a: Skarmory|Protect
|
|-weather|Sandstorm|[upkeep]
|-heal|p1a: Skarmory|82/100|[from] item: Leftovers
|upkeep
|turn|35
|
|t:|1728758121
|move|p2a: Jirachi|Fire Punch|p1a: Skarmory
|-supereffective|p1a: Skarmory
|-damage|p1a: Skarmory|52/100
|move|p1a: Skarmory|Spikes|p2a: Jirachi
|-sidestart|p2: Faantome|Spikes
|
|-weather|Sandstorm|[upkeep]
|-heal|p1a: Skarmory|58/100|[from] item: Leftovers
|upkeep
|turn|36
|
|t:|1728758132
|switch|p1a: Zapdos|Zapdos|100/100 slp
|move|p2a: Jirachi|Fire Punch|p1a: Zapdos
|-damage|p1a: Zapdos|87/100 slp
|
|-weather|Sandstorm|[upkeep]
|-damage|p1a: Zapdos|81/100 slp|[from] Sandstorm
|-heal|p1a: Zapdos|87/100 slp|[from] item: Leftovers
|upkeep
|turn|37
|
|t:|1728758141
|cant|p1a: Zapdos|slp
|move|p1a: Zapdos|Sleep Talk|p1a: Zapdos
|move|p1a: Zapdos|Rest|p1a: Zapdos|[from]Sleep Talk
|move|p2a: Jirachi|Wish|p2a: Jirachi
|
|-weather|Sandstorm|[upkeep]
|-damage|p1a: Zapdos|81/100 slp|[from] Sandstorm
|-heal|p1a: Zapdos|87/100 slp|[from] item: Leftovers
|upkeep
|turn|38
|
|t:|1728758150
|switch|p2a: Forretress|Forretress, F|32/100 brn
|-damage|p2a: Forretress|20/100 brn|[from] Spikes
|-curestatus|p1a: Zapdos|slp|[msg]
|move|p1a: Zapdos|Thunderbolt|p2a: Forretress
|-damage|p2a: Forretress|0 fnt
|faint|p2a: Forretress
|inactive|Faantome has 270 seconds left.
|
|t:|1728758205
|switch|p2a: Aerodactyl|Aerodactyl, M|100/100
|
|-weather|Sandstorm|[upkeep]
|-damage|p1a: Zapdos|81/100|[from] Sandstorm
|-heal|p1a: Zapdos|87/100|[from] item: Leftovers
|upkeep
|turn|39
|
|t:|1728758215
|switch|p1a: Flygon|Flygon, F|91/100
|move|p2a: Aerodactyl|Double-Edge|p1a: Flygon
|-damage|p1a: Flygon|49/100
|
|-weather|Sandstorm|[upkeep]
|-heal|p1a: Flygon|55/100|[from] item: Leftovers
|upkeep
|turn|40
|inactive|Faantome has 240 seconds left.
|
|t:|1728758245
|switch|p2a: Jirachi|Jirachi|100/100
|-damage|p2a: Jirachi|88/100|[from] Spikes
|move|p1a: Flygon|Protect||[still]
|-fail|p1a: Flygon
|
|-weather|Sandstorm|[upkeep]
|-heal|p1a: Flygon|61/100|[from] item: Leftovers
|-heal|p2a: Jirachi|94/100|[from] item: Leftovers
|upkeep
|turn|41
|
|t:|1728758253
|move|p1a: Flygon|Protect|p1a: Flygon
|-singleturn|p1a: Flygon|Protect
|move|p2a: Jirachi|Toxic|p1a: Flygon
|-activate|p1a: Flygon|Protect
|
|-weather|Sandstorm|[upkeep]
|-heal|p2a: Jirachi|100/100|[from] item: Leftovers
|-heal|p1a: Flygon|67/100|[from] item: Leftovers
|upkeep
|turn|42
|
|t:|1728758270
|switch|p1a: Zapdos|Zapdos|87/100
|move|p2a: Jirachi|Toxic|p1a: Zapdos|[miss]
|-miss|p2a: Jirachi|p1a: Zapdos
|
|-weather|Sandstorm|[upkeep]
|-damage|p1a: Zapdos|81/100|[from] Sandstorm
|-heal|p1a: Zapdos|87/100|[from] item: Leftovers
|upkeep
|turn|43
|
|t:|1728758278
|move|p1a: Zapdos|Thunderbolt|p2a: Jirachi
|-damage|p2a: Jirachi|69/100
|move|p2a: Jirachi|Toxic|p1a: Zapdos
|-status|p1a: Zapdos|tox
|
|-weather|Sandstorm|[upkeep]
|-damage|p1a: Zapdos|81/100 tox|[from] Sandstorm
|-heal|p1a: Zapdos|87/100 tox|[from] item: Leftovers
|-heal|p2a: Jirachi|75/100|[from] item: Leftovers
|-damage|p1a: Zapdos|81/100 tox|[from] psn
|upkeep
|turn|44
|
|t:|1728758287
|move|p2a: Jirachi|Protect|p2a: Jirachi
|-singleturn|p2a: Jirachi|Protect
|move|p1a: Zapdos|Thunderbolt|p2a: Jirachi
|-activate|p2a: Jirachi|Protect
|
|-weather|Sandstorm|[upkeep]
|-damage|p1a: Zapdos|75/100 tox|[from] Sandstorm
|-heal|p1a: Zapdos|81/100 tox|[from] item: Leftovers
|-heal|p2a: Jirachi|81/100|[from] item: Leftovers
|-damage|p1a: Zapdos|69/100 tox|[from] psn
|upkeep
|turn|45
|
|t:|1728758298
|move|p2a: Jirachi|Wish|p2a: Jirachi
|move|p1a: Zapdos|Rest|p1a: Zapdos
|-status|p1a: Zapdos|slp|[from] move: Rest
|-heal|p1a: Zapdos|100/100 slp|[silent]
|
|-weather|Sandstorm|[upkeep]
|-damage|p1a: Zapdos|94/100 slp|[from] Sandstorm
|-heal|p2a: Jirachi|88/100|[from] item: Leftovers
|-heal|p1a: Zapdos|100/100 slp|[from] item: Leftovers
|upkeep
|turn|46
|
|t:|1728758307
|switch|p2a: Aerodactyl|Aerodactyl, M|100/100
|cant|p1a: Zapdos|slp
|
|-weather|Sandstorm|[upkeep]
|-damage|p1a: Zapdos|94/100 slp|[from] Sandstorm
|-heal|p1a: Zapdos|100/100 slp|[from] item: Leftovers
|upkeep
|turn|47
|
|t:|1728758314
|switch|p1a: Skarmory|Skarmory, F|58/100
|move|p2a: Aerodactyl|Rock Slide|p1a: Skarmory
|-damage|p1a: Skarmory|20/100
|
|-weather|Sandstorm|[upkeep]
|-heal|p1a: Skarmory|26/100|[from] item: Leftovers
|upkeep
|turn|48
|
|t:|1728758325
|switch|p1a: Flygon|Flygon, F|67/100
|move|p2a: Aerodactyl|Rock Slide|p1a: Flygon
|-resisted|p1a: Flygon
|-damage|p1a: Flygon|46/100
|
|-weather|Sandstorm|[upkeep]
|-heal|p1a: Flygon|52/100|[from] item: Leftovers
|upkeep
|turn|49
|
|t:|1728758333
|switch|p2a: Jirachi|Jirachi|88/100
|-damage|p2a: Jirachi|75/100|[from] Spikes
|move|p1a: Flygon|Earthquake|p2a: Jirachi
|-supereffective|p2a: Jirachi
|-damage|p2a: Jirachi|35/100
|
|-weather|Sandstorm|[upkeep]
|-heal|p1a: Flygon|58/100|[from] item: Leftovers
|-heal|p2a: Jirachi|41/100|[from] item: Leftovers
|upkeep
|turn|50
|
|t:|1728758345
|move|p2a: Jirachi|Protect|p2a: Jirachi
|-singleturn|p2a: Jirachi|Protect
|move|p1a: Flygon|Earthquake|p2a: Jirachi
|-activate|p2a: Jirachi|Protect
|
|-weather|Sandstorm|[upkeep]
|-heal|p2a: Jirachi|47/100|[from] item: Leftovers
|-heal|p1a: Flygon|64/100|[from] item: Leftovers
|upkeep
|turn|51
|
|t:|1728758361
|move|p1a: Flygon|Earthquake|p2a: Jirachi
|-supereffective|p2a: Jirachi
|-damage|p2a: Jirachi|2/100
|move|p2a: Jirachi|Wish|p2a: Jirachi
|
|-weather|Sandstorm|[upkeep]
|-heal|p1a: Flygon|70/100|[from] item: Leftovers
|-heal|p2a: Jirachi|8/100|[from] item: Leftovers
|upkeep
|turn|52
|
|t:|1728758373
|switch|p1a: Skarmory|Skarmory, F|26/100
|move|p2a: Jirachi|Protect||[still]
|-fail|p2a: Jirachi
|
|-heal|p2a: Jirachi|58/100|[from] move: Wish|[wisher] Jirachi
|-weather|Sandstorm|[upkeep]
|-heal|p2a: Jirachi|64/100|[from] item: Leftovers
|-heal|p1a: Skarmory|32/100|[from] item: Leftovers
|upkeep
|turn|53
|
|t:|1728758389
|move|p1a: Skarmory|Protect|p1a: Skarmory
|-singleturn|p1a: Skarmory|Protect
|move|p2a: Jirachi|Fire Punch|p1a: Skarmory
|-activate|p1a: Skarmory|Protect
|
|-weather|Sandstorm|[upkeep]
|-heal|p2a: Jirachi|70/100|[from] item: Leftovers
|-heal|p1a: Skarmory|38/100|[from] item: Leftovers
|upkeep
|turn|54
|
|t:|1728758397
|switch|p1a: Zapdos|Zapdos|100/100 slp
|move|p2a: Jirachi|Wish|p2a: Jirachi
|
|-weather|Sandstorm|[upkeep]
|-damage|p1a: Zapdos|94/100 slp|[from] Sandstorm
|-heal|p2a: Jirachi|76/100|[from] item: Leftovers
|-heal|p1a: Zapdos|100/100 slp|[from] item: Leftovers
|upkeep
|turn|55
|
|t:|1728758405
|switch|p2a: Aerodactyl|Aerodactyl, M|100/100
|cant|p1a: Zapdos|slp
|move|p1a: Zapdos|Sleep Talk|p1a: Zapdos
|move|p1a: Zapdos|Roar|p2a: Aerodactyl|[from]Sleep Talk
|drag|p2a: Salamence|Salamence, M|100/100
|-ability|p2a: Salamence|Intimidate|boost
|-unboost|p1a: Zapdos|atk|1
|
|-weather|Sandstorm|[upkeep]
|-damage|p2a: Salamence|95/100|[from] Sandstorm
|-damage|p1a: Zapdos|94/100 slp|[from] Sandstorm
|-heal|p2a: Salamence|100/100|[from] item: Leftovers
|-heal|p1a: Zapdos|100/100 slp|[from] item: Leftovers
|upkeep
|turn|56
|
|t:|1728758417
|-curestatus|p1a: Zapdos|slp|[msg]
|move|p1a: Zapdos|Thunderbolt|p2a: Salamence
|-damage|p2a: Salamence|44/100
|move|p2a: Salamence|Roar|p1a: Zapdos
|drag|p1a: Flygon|Flygon, F|70/100
|
|-weather|Sandstorm|[upkeep]
|-damage|p2a: Salamence|38/100|[from] Sandstorm
|-heal|p2a: Salamence|44/100|[from] item: Leftovers
|-heal|p1a: Flygon|76/100|[from] item: Leftovers
|upkeep
|turn|57
|inactive|Faantome has 270 seconds left.
|
|t:|1728758455
|switch|p1a: Zapdos|Zapdos|100/100
|move|p2a: Salamence|Dragon Claw|p1a: Zapdos
|-damage|p1a: Zapdos|71/100
|
|-weather|Sandstorm|[upkeep]
|-damage|p2a: Salamence|38/100|[from] Sandstorm
|-damage|p1a: Zapdos|65/100|[from] Sandstorm
|-heal|p2a: Salamence|44/100|[from] item: Leftovers
|-heal|p1a: Zapdos|71/100|[from] item: Leftovers
|upkeep
|turn|58
|inactive|Faantome has 270 seconds left.
|
|t:|1728758465
|switch|p2a: Blissey|Blissey, F|100/100
|-damage|p2a: Blissey|88/100|[from] Spikes
|move|p1a: Zapdos|Thunderbolt|p2a: Blissey
|-damage|p2a: Blissey|73/100
|
|-weather|Sandstorm|[upkeep]
|-damage|p1a: Zapdos|65/100|[from] Sandstorm
|-damage|p2a: Blissey|66/100|[from] Sandstorm
|-heal|p1a: Zapdos|71/100|[from] item: Leftovers
|-heal|p2a: Blissey|73/100|[from] item: Leftovers
|upkeep
|turn|59
|
|t:|1728758475
|move|p2a: Blissey|Thunder Wave|p1a: Zapdos
|-status|p1a: Zapdos|par
|move|p1a: Zapdos|Roar|p2a: Blissey
|drag|p2a: Jirachi|Jirachi|76/100
|-damage|p2a: Jirachi|64/100|[from] Spikes
|
|-weather|Sandstorm|[upkeep]
|-damage|p1a: Zapdos|65/100 par|[from] Sandstorm
|-heal|p2a: Jirachi|70/100|[from] item: Leftovers
|-heal|p1a: Zapdos|71/100 par|[from] item: Leftovers
|upkeep
|turn|60
|
|t:|1728758486
|move|p2a: Jirachi|Wish|p2a: Jirachi
|move|p1a: Zapdos|Rest|p1a: Zapdos
|-status|p1a: Zapdos|slp|[from] move: Rest
|-heal|p1a: Zapdos|100/100 slp|[silent]
|
|-weather|Sandstorm|[upkeep]
|-damage|p1a: Zapdos|94/100 slp|[from] Sandstorm
|-heal|p2a: Jirachi|76/100|[from] item: Leftovers
|-heal|p1a: Zapdos|100/100 slp|[from] item: Leftovers
|upkeep
|turn|61
|
|t:|1728758495
|switch|p2a: Aerodactyl|Aerodactyl, M|100/100
|cant|p1a: Zapdos|slp
|move|p1a: Zapdos|Sleep Talk|p1a: Zapdos
|move|p1a: Zapdos|Rest|p1a: Zapdos|[from]Sleep Talk
|
|-weather|Sandstorm|[upkeep]
|-damage|p1a: Zapdos|94/100 slp|[from] Sandstorm
|-heal|p1a: Zapdos|100/100 slp|[from] item: Leftovers
|upkeep
|turn|62
|
|t:|1728758504
|switch|p1a: Flygon|Flygon, F|76/100
|move|p2a: Aerodactyl|Rock Slide|p1a: Flygon
|-resisted|p1a: Flygon
|-damage|p1a: Flygon|54/100
|
|-weather|Sandstorm|[upkeep]
|-heal|p1a: Flygon|60/100|[from] item: Leftovers
|upkeep
|turn|63
|
|t:|1728758521
|move|p2a: Aerodactyl|Rock Slide|p1a: Flygon
|-resisted|p1a: Flygon
|-damage|p1a: Flygon|41/100
|move|p1a: Flygon|Rock Slide|p2a: Aerodactyl
|-supereffective|p2a: Aerodactyl
|-damage|p2a: Aerodactyl|42/100
|
|-weather|Sandstorm|[upkeep]
|-heal|p1a: Flygon|47/100|[from] item: Leftovers
|upkeep
|turn|64
|
|t:|1728758538
|switch|p2a: Jirachi|Jirachi|76/100
|-damage|p2a: Jirachi|64/100|[from] Spikes
|move|p1a: Flygon|Protect||[still]
|-fail|p1a: Flygon
|
|-weather|Sandstorm|[upkeep]
|-heal|p2a: Jirachi|70/100|[from] item: Leftovers
|-heal|p1a: Flygon|54/100|[from] item: Leftovers
|upkeep
|turn|65
|
|t:|1728758546
|move|p1a: Flygon|Protect|p1a: Flygon
|-singleturn|p1a: Flygon|Protect
|move|p2a: Jirachi|Toxic|p1a: Flygon
|-activate|p1a: Flygon|Protect
|
|-weather|Sandstorm|[upkeep]
|-heal|p2a: Jirachi|76/100|[from] item: Leftovers
|-heal|p1a: Flygon|60/100|[from] item: Leftovers
|upkeep
|turn|66
|
|t:|1728758555
|switch|p1a: Zapdos|Zapdos|100/100 slp
|move|p2a: Jirachi|Wish|p2a: Jirachi
|
|-weather|Sandstorm|[upkeep]
|-damage|p1a: Zapdos|94/100 slp|[from] Sandstorm
|-heal|p1a: Zapdos|100/100 slp|[from] item: Leftovers
|-heal|p2a: Jirachi|83/100|[from] item: Leftovers
|upkeep
|turn|67
|inactive|Faantome has 270 seconds left.
|inactive|Faantome has 240 seconds left.
|
|t:|1728758642
|switch|p2a: Aerodactyl|Aerodactyl, M|42/100
|cant|p1a: Zapdos|slp
|move|p1a: Zapdos|Sleep Talk|p1a: Zapdos
|move|p1a: Zapdos|Roar|p2a: Aerodactyl|[from]Sleep Talk
|drag|p2a: Tyranitar|Tyranitar, F|38/100 tox
|-damage|p2a: Tyranitar|25/100 tox|[from] Spikes
|
|-heal|p2a: Tyranitar|75/100 tox|[from] move: Wish|[wisher] Jirachi
|-weather|Sandstorm|[upkeep]
|-damage|p1a: Zapdos|94/100 slp|[from] Sandstorm
|-heal|p1a: Zapdos|100/100 slp|[from] item: Leftovers
|-heal|p2a: Tyranitar|81/100 tox|[from] item: Leftovers
|-damage|p2a: Tyranitar|75/100 tox|[from] psn
|upkeep
|turn|68
|inactive|Faantome has 210 seconds left.
|
|t:|1728758662
|switch|p2a: Jirachi|Jirachi|83/100
|-damage|p2a: Jirachi|70/100|[from] Spikes
|cant|p1a: Zapdos|slp
|
|-weather|Sandstorm|[upkeep]
|-damage|p1a: Zapdos|94/100 slp|[from] Sandstorm
|-heal|p1a: Zapdos|100/100 slp|[from] item: Leftovers
|-heal|p2a: Jirachi|76/100|[from] item: Leftovers
|upkeep
|turn|69
|
|t:|1728758670
|move|p2a: Jirachi|Wish|p2a: Jirachi
|-curestatus|p1a: Zapdos|slp|[msg]
|move|p1a: Zapdos|Thunderbolt|p2a: Jirachi
|-damage|p2a: Jirachi|43/100
|
|-weather|Sandstorm|[upkeep]
|-damage|p1a: Zapdos|94/100|[from] Sandstorm
|-heal|p1a: Zapdos|100/100|[from] item: Leftovers
|-heal|p2a: Jirachi|49/100|[from] item: Leftovers
|upkeep
|turn|70
|
|t:|1728758680
|move|p1a: Zapdos|Thunderbolt|p2a: Jirachi
|-damage|p2a: Jirachi|18/100
|move|p2a: Jirachi|Toxic|p1a: Zapdos
|-status|p1a: Zapdos|tox
|
|-heal|p2a: Jirachi|68/100|[from] move: Wish|[wisher] Jirachi
|-weather|Sandstorm|[upkeep]
|-damage|p1a: Zapdos|94/100 tox|[from] Sandstorm
|-heal|p2a: Jirachi|74/100|[from] item: Leftovers
|-heal|p1a: Zapdos|100/100 tox|[from] item: Leftovers
|-damage|p1a: Zapdos|94/100 tox|[from] psn
|upkeep
|turn|71
|
|t:|1728758692
|move|p2a: Jirachi|Wish|p2a: Jirachi
|move|p1a: Zapdos|Rest|p1a: Zapdos
|-status|p1a: Zapdos|slp|[from] move: Rest
|-heal|p1a: Zapdos|100/100 slp|[silent]
|
|-weather|Sandstorm|[upkeep]
|-damage|p1a: Zapdos|94/100 slp|[from] Sandstorm
|-heal|p2a: Jirachi|80/100|[from] item: Leftovers
|-heal|p1a: Zapdos|100/100 slp|[from] item: Leftovers
|upkeep
|turn|72
|
|t:|1728758701
|switch|p2a: Aerodactyl|Aerodactyl, M|42/100
|cant|p1a: Zapdos|slp
|move|p1a: Zapdos|Sleep Talk|p1a: Zapdos
|move|p1a: Zapdos|Rest|p1a: Zapdos|[from]Sleep Talk
|
|-heal|p2a: Aerodactyl|92/100|[from] move: Wish|[wisher] Jirachi
|-weather|Sandstorm|[upkeep]
|-damage|p1a: Zapdos|94/100 slp|[from] Sandstorm
|-heal|p1a: Zapdos|100/100 slp|[from] item: Leftovers
|upkeep
|turn|73
|inactive|Faantome has 240 seconds left.
|
|t:|1728758716
|switch|p1a: Flygon|Flygon, F|60/100
|move|p2a: Aerodactyl|Double-Edge|p1a: Flygon
|-damage|p1a: Flygon|12/100
|
|-weather|Sandstorm|[upkeep]
|-heal|p1a: Flygon|18/100|[from] item: Leftovers
|upkeep
|turn|74
|
|t:|1728758723
|move|p1a: Flygon|Protect|p1a: Flygon
|-singleturn|p1a: Flygon|Protect
|move|p2a: Aerodactyl|Double-Edge|p1a: Flygon
|-activate|p1a: Flygon|Protect
|
|-weather|Sandstorm|[upkeep]
|-heal|p1a: Flygon|24/100|[from] item: Leftovers
|upkeep
|turn|75
|
|t:|1728758734
|switch|p1a: Zapdos|Zapdos|100/100 slp
|move|p2a: Aerodactyl|Double-Edge|p1a: Zapdos
|-damage|p1a: Zapdos|45/100 slp
|
|-weather|Sandstorm|[upkeep]
|-damage|p1a: Zapdos|39/100 slp|[from] Sandstorm
|-heal|p1a: Zapdos|45/100 slp|[from] item: Leftovers
|upkeep
|turn|76
|
|t:|1728758745
|switch|p1a: Skarmory|Skarmory, F|38/100
|move|p2a: Aerodactyl|Double-Edge|p1a: Skarmory
|-resisted|p1a: Skarmory
|-damage|p1a: Skarmory|16/100
|
|-weather|Sandstorm|[upkeep]
|-heal|p1a: Skarmory|22/100|[from] item: Leftovers
|upkeep
|turn|77
|
|t:|1728758753
|move|p2a: Aerodactyl|Double-Edge|p1a: Skarmory
|-resisted|p1a: Skarmory
|-damage|p1a: Skarmory|1/100
|move|p1a: Skarmory|Toxic|p2a: Aerodactyl
|-status|p2a: Aerodactyl|tox
|
|-weather|Sandstorm|[upkeep]
|-damage|p2a: Aerodactyl|86/100 tox|[from] psn
|-heal|p1a: Skarmory|7/100|[from] item: Leftovers
|upkeep
|turn|78
|
|t:|1728758763
|move|p1a: Skarmory|Protect|p1a: Skarmory
|-singleturn|p1a: Skarmory|Protect
|move|p2a: Aerodactyl|Double-Edge|p1a: Skarmory
|-activate|p1a: Skarmory|Protect
|
|-weather|Sandstorm|[upkeep]
|-damage|p2a: Aerodactyl|74/100 tox|[from] psn
|-heal|p1a: Skarmory|13/100|[from] item: Leftovers
|upkeep
|turn|79
|
|t:|1728758774
|move|p1a: Skarmory|Protect||[still]
|-fail|p1a: Skarmory
|move|p2a: Aerodactyl|Double-Edge|p1a: Skarmory
|-resisted|p1a: Skarmory
|-damage|p1a: Skarmory|0 fnt
|faint|p1a: Skarmory
|
|t:|1728758787
|switch|p1a: Moltres|Moltres|100/100
|
|-weather|Sandstorm|[upkeep]
|-damage|p1a: Moltres|94/100|[from] Sandstorm
|-damage|p2a: Aerodactyl|56/100 tox|[from] psn
|-heal|p1a: Moltres|100/100|[from] item: Leftovers
|upkeep
|turn|80
|
|t:|1728758796
|switch|p2a: Blissey|Blissey, F|73/100
|-damage|p2a: Blissey|60/100|[from] Spikes
|move|p1a: Moltres|Flamethrower|p2a: Blissey
|-crit|p2a: Blissey
|-damage|p2a: Blissey|23/100
|
|-weather|Sandstorm|[upkeep]
|-damage|p1a: Moltres|94/100|[from] Sandstorm
|-damage|p2a: Blissey|17/100|[from] Sandstorm
|-heal|p1a: Moltres|100/100|[from] item: Leftovers
|-heal|p2a: Blissey|23/100|[from] item: Leftovers
|upkeep
|turn|81
|
|t:|1728758812
|switch|p1a: Zapdos|Zapdos|45/100 slp
|move|p2a: Blissey|Soft-Boiled|p2a: Blissey
|-heal|p2a: Blissey|73/100
|
|-weather|Sandstorm|[upkeep]
|-damage|p1a: Zapdos|39/100 slp|[from] Sandstorm
|-damage|p2a: Blissey|67/100|[from] Sandstorm
|-heal|p1a: Zapdos|45/100 slp|[from] item: Leftovers
|-heal|p2a: Blissey|73/100|[from] item: Leftovers
|upkeep
|turn|82
|
|t:|1728758825
|cant|p1a: Zapdos|slp
|move|p1a: Zapdos|Sleep Talk|p1a: Zapdos
|move|p1a: Zapdos|Rest|p1a: Zapdos|[from]Sleep Talk
|move|p2a: Blissey|Seismic Toss|p1a: Zapdos
|-damage|p1a: Zapdos|19/100 slp
|
|-weather|Sandstorm|[upkeep]
|-damage|p1a: Zapdos|12/100 slp|[from] Sandstorm
|-damage|p2a: Blissey|67/100|[from] Sandstorm
|-heal|p1a: Zapdos|19/100 slp|[from] item: Leftovers
|-heal|p2a: Blissey|73/100|[from] item: Leftovers
|upkeep
|turn|83
|
|t:|1728758839
|cant|p1a: Zapdos|slp
|move|p2a: Blissey|Seismic Toss|p1a: Zapdos
|-damage|p1a: Zapdos|0 fnt
|faint|p1a: Zapdos
|
|t:|1728758844
|switch|p1a: Blissey|Blissey, F|84/100
|-damage|p1a: Blissey|67/100|[from] Spikes
|
|-weather|Sandstorm|[upkeep]
|-damage|p1a: Blissey|61/100|[from] Sandstorm
|-damage|p2a: Blissey|67/100|[from] Sandstorm
|-heal|p1a: Blissey|67/100|[from] item: Leftovers
|-heal|p2a: Blissey|73/100|[from] item: Leftovers
|upkeep
|turn|84
|c|☆Faantome|FINALLY
|
|t:|1728758853
|move|p1a: Blissey|Wish|p1a: Blissey
|move|p2a: Blissey|Thunder Wave|p1a: Blissey
|-status|p1a: Blissey|par
|
|-weather|Sandstorm|[upkeep]
|-damage|p2a: Blissey|67/100|[from] Sandstorm
|-damage|p1a: Blissey|61/100 par|[from] Sandstorm
|-heal|p2a: Blissey|73/100|[from] item: Leftovers
|-heal|p1a: Blissey|67/100 par|[from] item: Leftovers
|upkeep
|turn|85
|
|t:|1728758868
|-curestatus|p1a: Blissey|par|[from] ability: Natural Cure
|switch|p1a: Flygon|Flygon, F|24/100
|move|p2a: Blissey|Seismic Toss|p1a: Flygon
|-damage|p1a: Flygon|0 fnt
|faint|p1a: Flygon
|c|☆BillGatesAlt|gg
|c|☆Faantome|gg
|-message|BillGatesAlt forfeited.
|
|win|Faantome

</script>
<script type="application/json" class="data" id="replaydata-smogtours-gen3ou-797663">
{"id":"smogtours-gen3ou-797663","format":"[Gen 3] OU","players":["BillGatesAlt","Faantome"],"uploadtime":1728758883,"views":118,"formatid":"gen3ou","rating":null,"private":0,"password":null}
</script>

<script defer src="js/replays.js?9d40a366"></script>
