<!DOCTYPE html>
<meta charset="utf-8" />
<meta name="viewport" content="width=device-width" />

<title>[Gen 3] OU: zacpz vs. crustaceus - Replays - Pok&eacute;mon Showdown!</title>

<meta name="description" content="Watch a replay of a Pok&eacute;mon battle between zacpz and crustaceus! Format: [Gen 3] OU; Date: Oct 17, 2024" />
<!--

Hey, you! Looking in the source for the replay log?

You can find them in JSON format, just add `.json` at the end of a replay URL.

https://replay.pokemonshowdown.com/gen7randomdoublesbattle-865046831.json

Or, if you only need the log itself, add `.log` instead:

https://replay.pokemonshowdown.com/gen7randomdoublesbattle-865046831.log

-->

<link rel="stylesheet" href="//pokemonshowdown.com/style/global.css?0.023195364461161105" />
<link rel="stylesheet" href="//play.pokemonshowdown.com/style/font-awesome.css?0.13261647063804238" />
<link rel="stylesheet" href="//play.pokemonshowdown.com/style/battle.css?0.8753245789963631" />
<link rel="stylesheet" href="//play.pokemonshowdown.com/style/utilichart.css?0.8627959624976733" />

<!-- Global site tag (gtag.js) - Google Analytics -->
<script async src="https://www.googletagmanager.com/gtag/js?id=UA-26211653-1"></script>
<script>
  window.dataLayer = window.dataLayer || [];
  function gtag(){dataLayer.push(arguments);}
  gtag('js', new Date());

  gtag('config', 'UA-26211653-1');
</script>
<!-- End Google Analytics -->
<!-- Venatus Ad Manager - Install in <HEAD> of page -->
	<script src="https://hb.vntsm.com/v3/live/ad-manager.min.js" type="text/javascript" data-site-id="642aba63ec9a7b11c3c9c1be" data-mode="scan" async></script>
<!-- / Venatus Ad Manager -->

<style>
	@media (max-width:820px) {
		.battle {
			margin: 0 auto;
		}
		.battle-log {
			margin: 7px auto 0;
			max-width: 640px;
			height: 300px;
			position: static;
		}
	}
	.optgroup {
		display: inline-block;
		line-height: 22px;
		font-size: 10pt;
	}
	.optgroup .button {
		height: 25px;
		padding-top: 0;
		padding-bottom: 0;
	}
	.optgroup button.button {
		padding-left: 12px;
		padding-right: 12px;
	}
	.linklist {
		list-style: none;
		margin: 0.5em 0;
		padding: 0;
	}
	.linklist li {
		padding: 2px 0;
	}
	.sidebar {
		float: left;
		width: 320px;
	}
	.bar-wrapper {
		max-width: 1100px;
		margin: 0 auto;
	}
	.bar-wrapper.has-sidebar {
		max-width: 1430px;
	}
	.mainbar {
		margin: 0;
		padding-right: 1px;
	}
	.mainbar.has-sidebar {
		margin-left: 330px;
	}
	@media (min-width: 1511px) {
		.sidebar {
			width: 400px;
		}
		.bar-wrapper.has-sidebar {
			max-width: 1510px;
		}
		.mainbar.has-sidebar {
			margin-left: 410px;
		}
	}
	.section.first-section {
		margin-top: 9px;
	}
	.blocklink small {
		white-space: normal;
	}
	.button {
		vertical-align: middle;
	}
	.replay-controls {
		padding-top: 10px;
	}
	.replay-controls h1 {
		font-size: 16pt;
		font-weight: normal;
		color: #CCC;
	}
	.pagelink {
		text-align: center;
	}
	.pagelink a {
		width: 150px;
	}
	.textbox, .button {
		font-size: 11pt;
		vertical-align: middle;
	}
	@media (max-width: 450px) {
		.button {
			font-size: 9pt;
		}
	}
</style>

<div>

	<header>
		<div class="nav-wrapper"><ul class="nav">
			<li><a class="button nav-first" href="//pokemonshowdown.com/"><img src="//pokemonshowdown.com/images/pokemonshowdownbeta.png" srcset="//pokemonshowdown.com/images/pokemonshowdownbeta.png 1x, //pokemonshowdown.com/images/pokemonshowdownbeta@2x.png 2x" alt="Pok&eacute;mon Showdown" width="146" height="44" /> Home</a></li>
			<li><a class="button" href="//pokemonshowdown.com/dex/">Pok&eacute;dex</a></li>
			<li><a class="button cur" href="/">Replays</a></li>
			<li><a class="button" href="//pokemonshowdown.com/ladder/">Ladder</a></li>
			<li><a class="button nav-last" href="//pokemonshowdown.com/forums/">Forum</a></li>
			<li><a class="button greenbutton nav-first nav-last" href="//play.pokemonshowdown.com/">Play</a></li>
		</ul></div>
	</header>

	<div class="main" id="main">

		<noscript><section class="section">You need to enable JavaScript to use this page; sorry!</section></noscript>

	</div>

</div>

<script defer nomodule src="//play.pokemonshowdown.com/js/lib/ps-polyfill.js"></script>
<script defer src="//play.pokemonshowdown.com/js/lib/preact.min.js"></script>

<script defer src="//play.pokemonshowdown.com/config/config.js?2bddbc15"></script>
<script defer src="//play.pokemonshowdown.com/js/lib/jquery-1.11.0.min.js"></script>
<script defer src="//play.pokemonshowdown.com/js/lib/html-sanitizer-minified.js"></script>
<script defer src="//play.pokemonshowdown.com/js/battle-sound.js"></script>
<script defer src="//play.pokemonshowdown.com/js/battledata.js?0.7209276989879541"></script>
<script defer src="//play.pokemonshowdown.com/data/pokedex-mini.js?0.6111056340867951"></script>
<script defer src="//play.pokemonshowdown.com/data/pokedex-mini-bw.js?0.3532142036491459"></script>
<script defer src="//play.pokemonshowdown.com/data/graphics.js?0.24223875632456182"></script>
<script defer src="//play.pokemonshowdown.com/data/pokedex.js?0.38839984266356864"></script>
<script defer src="//play.pokemonshowdown.com/data/moves.js?0.21866028504024015"></script>
<script defer src="//play.pokemonshowdown.com/data/abilities.js?0.2005157953846628"></script>
<script defer src="//play.pokemonshowdown.com/data/items.js?0.9894211263848525"></script>
<script defer src="//play.pokemonshowdown.com/data/teambuilder-tables.js?0.6008791140282215"></script>
<script defer src="//play.pokemonshowdown.com/js/battle-tooltips.js?0.7580118955022959"></script>
<script defer src="//play.pokemonshowdown.com/js/battle.js?0.6057722274234274"></script>

<script defer src="js/utils.js?e31f9a17"></script>
<script defer src="js/replays-battle.js?7008c182"></script>

<!-- don't scrape this data! just add .json or .log after the URL!
Full API docs: https://github.com/smogon/pokemon-showdown-client/blob/master/WEB-API.md -->
<script type="text/plain" class="log" id="replaylog-smogtours-gen3ou-799383">
|inactive|Battle timer is ON: inactive players will automatically lose when time's up.
|t:|1729199640
|gametype|singles
|player|p1|zacpz|#roaplxyorknewyanma|
|player|p2|crustaceus|2|
|teamsize|p1|6
|teamsize|p2|6
|gen|3
|tier|[Gen 3] OU
|rule|Sleep Clause Mod: Limit one foe put to sleep
|rule|Switch Priority Clause Mod: Faster Pokémon switch first
|rule|Species Clause: Limit one of each Pokémon
|rule|OHKO Clause: OHKO moves are banned
|rule|Evasion Items Clause: Evasion items are banned
|rule|Evasion Moves Clause: Evasion moves are banned
|rule|Endless Battle Clause: Forcing endless battles is banned
|rule|HP Percentage Mod: HP is shown in percentages
|rule|One Boost Passer Clause: Limit one Baton Passer that has a way to boost its stats
|rule|Freeze Clause Mod: Limit one foe frozen
|
|t:|1729199640
|start
|switch|p1a: Zapdos|Zapdos|100/100
|switch|p2a: Kalni|Tyranitar, M|100/100
|-weather|Sandstorm|[from] ability: Sand Stream|[of] p2a: Kalni
|turn|1
|c|☆crustaceus|glhf
|c|☆zacpz|you too
|
|t:|1729199656
|move|p1a: Zapdos|Baton Pass|p1a: Zapdos
|
|t:|1729199658
|switch|p1a: Swampert|Swampert, M|100/100|[from] Baton Pass
|move|p2a: Kalni|Rock Slide|p1a: Swampert
|-resisted|p1a: Swampert
|-damage|p1a: Swampert|84/100
|
|-weather|Sandstorm|[upkeep]
|-heal|p1a: Swampert|90/100|[from] item: Leftovers
|upkeep
|turn|2
|
|t:|1729199670
|switch|p2a: Juras|Milotic, F|100/100
|move|p1a: Swampert|Hydro Pump|p2a: Juras
|-resisted|p2a: Juras
|-damage|p2a: Juras|83/100
|
|-weather|Sandstorm|[upkeep]
|-damage|p2a: Juras|77/100|[from] Sandstorm
|-heal|p2a: Juras|83/100|[from] item: Leftovers
|-heal|p1a: Swampert|97/100|[from] item: Leftovers
|upkeep
|turn|3
|
|t:|1729199680
|move|p1a: Swampert|Protect|p1a: Swampert
|-singleturn|p1a: Swampert|Protect
|move|p2a: Juras|Toxic|p1a: Swampert
|-activate|p1a: Swampert|Protect
|
|-weather|Sandstorm|[upkeep]
|-damage|p2a: Juras|77/100|[from] Sandstorm
|-heal|p2a: Juras|83/100|[from] item: Leftovers
|-heal|p1a: Swampert|100/100|[from] item: Leftovers
|upkeep
|turn|4
|
|t:|1729199687
|switch|p2a: Dundurs|Skarmory, M|100/100
|switch|p1a: Jirachi|Jirachi|100/100
|
|-weather|Sandstorm|[upkeep]
|upkeep
|turn|5
|
|t:|1729199694
|move|p1a: Jirachi|Thunderbolt|p2a: Dundurs
|-supereffective|p2a: Dundurs
|-damage|p2a: Dundurs|48/100
|move|p2a: Dundurs|Spikes|p1a: Jirachi
|-sidestart|p1: zacpz|Spikes
|
|-weather|Sandstorm|[upkeep]
|-heal|p2a: Dundurs|54/100|[from] item: Leftovers
|upkeep
|turn|6
|
|t:|1729199698
|switch|p2a: Olas|Blissey, F|100/100
|move|p1a: Jirachi|Calm Mind|p1a: Jirachi
|-boost|p1a: Jirachi|spa|1
|-boost|p1a: Jirachi|spd|1
|
|-weather|Sandstorm|[upkeep]
|-damage|p2a: Olas|94/100|[from] Sandstorm
|-heal|p2a: Olas|100/100|[from] item: Leftovers
|upkeep
|turn|7
|
|t:|1729199708
|move|p1a: Jirachi|Calm Mind|p1a: Jirachi
|-boost|p1a: Jirachi|spa|1
|-boost|p1a: Jirachi|spd|1
|move|p2a: Olas|Calm Mind|p2a: Olas
|-boost|p2a: Olas|spa|1
|-boost|p2a: Olas|spd|1
|
|-weather|Sandstorm|[upkeep]
|-damage|p2a: Olas|94/100|[from] Sandstorm
|-heal|p2a: Olas|100/100|[from] item: Leftovers
|upkeep
|turn|8
|
|t:|1729199735
|switch|p1a: Dugtrio|Dugtrio, M|100/100
|-damage|p1a: Dugtrio|88/100|[from] Spikes
|move|p2a: Olas|Calm Mind|p2a: Olas
|-boost|p2a: Olas|spa|1
|-boost|p2a: Olas|spd|1
|
|-weather|Sandstorm|[upkeep]
|-damage|p2a: Olas|94/100|[from] Sandstorm
|-heal|p2a: Olas|100/100|[from] item: Leftovers
|upkeep
|turn|9
|
|t:|1729199738
|move|p1a: Dugtrio|Beat Up|p2a: Olas
|-damage|p2a: Olas|91/100
|-damage|p2a: Olas|77/100
|-damage|p2a: Olas|64/100
|-damage|p2a: Olas|52/100
|-damage|p2a: Olas|40/100
|-damage|p2a: Olas|30/100
|-hitcount|p2a: Olas|6
|move|p2a: Olas|Ice Beam|p1a: Dugtrio
|-supereffective|p1a: Dugtrio
|-crit|p1a: Dugtrio
|-damage|p1a: Dugtrio|0 fnt
|faint|p1a: Dugtrio
|
|t:|1729199744
|switch|p1a: Heracross|Heracross, F|100/100
|-damage|p1a: Heracross|88/100|[from] Spikes
|
|-weather|Sandstorm|[upkeep]
|-damage|p1a: Heracross|82/100|[from] Sandstorm
|-damage|p2a: Olas|24/100|[from] Sandstorm
|-heal|p1a: Heracross|88/100|[from] item: Leftovers
|-heal|p2a: Olas|30/100|[from] item: Leftovers
|upkeep
|turn|10
|
|t:|1729199755
|switch|p2a: Dundurs|Skarmory, M|54/100
|move|p1a: Heracross|Megahorn|p2a: Dundurs
|-resisted|p2a: Dundurs
|-damage|p2a: Dundurs|40/100
|
|-weather|Sandstorm|[upkeep]
|-damage|p1a: Heracross|82/100|[from] Sandstorm
|-heal|p1a: Heracross|88/100|[from] item: Leftovers
|-heal|p2a: Dundurs|46/100|[from] item: Leftovers
|upkeep
|turn|11
|
|t:|1729199767
|-singleturn|p1a: Heracross|move: Focus Punch
|move|p2a: Dundurs|Toxic|p1a: Heracross
|-status|p1a: Heracross|tox
|move|p1a: Heracross|Focus Punch|p2a: Dundurs
|-damage|p2a: Dundurs|0 fnt
|faint|p2a: Dundurs
|
|t:|1729199772
|switch|p2a: Zemene|Dugtrio, M|100/100
|
|-weather|Sandstorm|[upkeep]
|-damage|p1a: Heracross|82/100 tox|[from] Sandstorm
|-heal|p1a: Heracross|88/100 tox|[from] item: Leftovers
|-damage|p1a: Heracross|82/100 tox|[from] psn
|upkeep
|turn|12
|
|t:|1729199776
|move|p2a: Zemene|Aerial Ace|p1a: Heracross
|-supereffective|p1a: Heracross
|-damage|p1a: Heracross|0 fnt
|faint|p1a: Heracross
|
|t:|1729199782
|switch|p1a: Jirachi|Jirachi|100/100
|-damage|p1a: Jirachi|88/100|[from] Spikes
|
|-weather|Sandstorm|[upkeep]
|-heal|p1a: Jirachi|94/100|[from] item: Leftovers
|upkeep
|turn|13
|
|t:|1729199788
|switch|p2a: Olas|Blissey, F|30/100
|move|p1a: Jirachi|Calm Mind|p1a: Jirachi
|-boost|p1a: Jirachi|spa|1
|-boost|p1a: Jirachi|spd|1
|
|-weather|Sandstorm|[upkeep]
|-damage|p2a: Olas|24/100|[from] Sandstorm
|-heal|p1a: Jirachi|100/100|[from] item: Leftovers
|-heal|p2a: Olas|30/100|[from] item: Leftovers
|upkeep
|turn|14
|
|t:|1729199791
|move|p1a: Jirachi|Psychic|p2a: Olas
|-damage|p2a: Olas|9/100
|move|p2a: Olas|Soft-Boiled|p2a: Olas
|-heal|p2a: Olas|59/100
|
|-weather|Sandstorm|[upkeep]
|-damage|p2a: Olas|53/100|[from] Sandstorm
|-heal|p2a: Olas|59/100|[from] item: Leftovers
|upkeep
|turn|15
|
|t:|1729199798
|move|p1a: Jirachi|Psychic|p2a: Olas
|-damage|p2a: Olas|35/100
|move|p2a: Olas|Calm Mind|p2a: Olas
|-boost|p2a: Olas|spa|1
|-boost|p2a: Olas|spd|1
|
|-weather|Sandstorm|[upkeep]
|-damage|p2a: Olas|29/100|[from] Sandstorm
|-heal|p2a: Olas|35/100|[from] item: Leftovers
|upkeep
|turn|16
|
|t:|1729199802
|move|p1a: Jirachi|Psychic|p2a: Olas
|-damage|p2a: Olas|20/100
|move|p2a: Olas|Soft-Boiled|p2a: Olas
|-heal|p2a: Olas|69/100
|
|-weather|Sandstorm|[upkeep]
|-damage|p2a: Olas|63/100|[from] Sandstorm
|-heal|p2a: Olas|69/100|[from] item: Leftovers
|upkeep
|turn|17
|
|t:|1729199811
|move|p1a: Jirachi|Calm Mind|p1a: Jirachi
|-boost|p1a: Jirachi|spa|1
|-boost|p1a: Jirachi|spd|1
|move|p2a: Olas|Calm Mind|p2a: Olas
|-boost|p2a: Olas|spa|1
|-boost|p2a: Olas|spd|1
|
|-weather|Sandstorm|[upkeep]
|-damage|p2a: Olas|63/100|[from] Sandstorm
|-heal|p2a: Olas|69/100|[from] item: Leftovers
|upkeep
|turn|18
|
|t:|1729199819
|move|p1a: Jirachi|Calm Mind|p1a: Jirachi
|-boost|p1a: Jirachi|spa|1
|-boost|p1a: Jirachi|spd|1
|move|p2a: Olas|Thunderbolt|p1a: Jirachi
|-damage|p1a: Jirachi|82/100
|
|-weather|Sandstorm|[upkeep]
|-damage|p2a: Olas|63/100|[from] Sandstorm
|-heal|p1a: Jirachi|89/100|[from] item: Leftovers
|-heal|p2a: Olas|69/100|[from] item: Leftovers
|upkeep
|turn|19
|
|t:|1729199823
|move|p1a: Jirachi|Calm Mind|p1a: Jirachi
|-boost|p1a: Jirachi|spa|1
|-boost|p1a: Jirachi|spd|1
|move|p2a: Olas|Calm Mind|p2a: Olas
|-boost|p2a: Olas|spa|1
|-boost|p2a: Olas|spd|1
|
|-weather|Sandstorm|[upkeep]
|-damage|p2a: Olas|63/100|[from] Sandstorm
|-heal|p1a: Jirachi|95/100|[from] item: Leftovers
|-heal|p2a: Olas|69/100|[from] item: Leftovers
|upkeep
|turn|20
|
|t:|1729199826
|move|p1a: Jirachi|Ice Punch|p2a: Olas
|-damage|p2a: Olas|60/100
|move|p2a: Olas|Calm Mind|p2a: Olas
|-boost|p2a: Olas|spa|1
|-boost|p2a: Olas|spd|1
|
|-weather|Sandstorm|[upkeep]
|-damage|p2a: Olas|54/100|[from] Sandstorm
|-heal|p1a: Jirachi|100/100|[from] item: Leftovers
|-heal|p2a: Olas|60/100|[from] item: Leftovers
|upkeep
|turn|21
|
|t:|1729199830
|move|p1a: Jirachi|Ice Punch|p2a: Olas
|-damage|p2a: Olas|52/100
|move|p2a: Olas|Soft-Boiled|p2a: Olas
|-heal|p2a: Olas|100/100
|
|-weather|Sandstorm|[upkeep]
|-damage|p2a: Olas|94/100|[from] Sandstorm
|-heal|p2a: Olas|100/100|[from] item: Leftovers
|upkeep
|turn|22
|
|t:|1729199839
|move|p1a: Jirachi|Ice Punch|p2a: Olas
|-damage|p2a: Olas|91/100
|move|p2a: Olas|Ice Beam|p1a: Jirachi
|-resisted|p1a: Jirachi
|-damage|p1a: Jirachi|90/100
|
|-weather|Sandstorm|[upkeep]
|-damage|p2a: Olas|85/100|[from] Sandstorm
|-heal|p1a: Jirachi|96/100|[from] item: Leftovers
|-heal|p2a: Olas|91/100|[from] item: Leftovers
|upkeep
|turn|23
|
|t:|1729199847
|move|p1a: Jirachi|Ice Punch|p2a: Olas
|-damage|p2a: Olas|82/100
|move|p2a: Olas|Ice Beam|p1a: Jirachi
|-resisted|p1a: Jirachi
|-damage|p1a: Jirachi|85/100
|
|-weather|Sandstorm|[upkeep]
|-damage|p2a: Olas|76/100|[from] Sandstorm
|-heal|p1a: Jirachi|91/100|[from] item: Leftovers
|-heal|p2a: Olas|82/100|[from] item: Leftovers
|upkeep
|turn|24
|
|t:|1729199851
|move|p1a: Jirachi|Calm Mind|p1a: Jirachi
|-boost|p1a: Jirachi|spa|1
|-boost|p1a: Jirachi|spd|1
|move|p2a: Olas|Thunderbolt|p1a: Jirachi
|-damage|p1a: Jirachi|73/100
|
|-weather|Sandstorm|[upkeep]
|-damage|p2a: Olas|76/100|[from] Sandstorm
|-heal|p1a: Jirachi|79/100|[from] item: Leftovers
|-heal|p2a: Olas|82/100|[from] item: Leftovers
|upkeep
|turn|25
|
|t:|1729199854
|move|p1a: Jirachi|Ice Punch|p2a: Olas
|-damage|p2a: Olas|73/100
|move|p2a: Olas|Calm Mind|p2a: Olas
|-boost|p2a: Olas|spa|1
|-boost|p2a: Olas|spd|1
|
|-weather|Sandstorm|[upkeep]
|-damage|p2a: Olas|67/100|[from] Sandstorm
|-heal|p1a: Jirachi|85/100|[from] item: Leftovers
|-heal|p2a: Olas|73/100|[from] item: Leftovers
|upkeep
|turn|26
|
|t:|1729199858
|move|p1a: Jirachi|Ice Punch|p2a: Olas
|-damage|p2a: Olas|65/100
|move|p2a: Olas|Ice Beam|p1a: Jirachi
|-resisted|p1a: Jirachi
|-damage|p1a: Jirachi|74/100
|
|-weather|Sandstorm|[upkeep]
|-damage|p2a: Olas|59/100|[from] Sandstorm
|-heal|p1a: Jirachi|80/100|[from] item: Leftovers
|-heal|p2a: Olas|65/100|[from] item: Leftovers
|upkeep
|turn|27
|
|t:|1729199863
|move|p1a: Jirachi|Ice Punch|p2a: Olas
|-damage|p2a: Olas|57/100
|move|p2a: Olas|Calm Mind|p2a: Olas
|-boost|p2a: Olas|spa|1
|-boost|p2a: Olas|spd|1
|
|-weather|Sandstorm|[upkeep]
|-damage|p2a: Olas|51/100|[from] Sandstorm
|-heal|p1a: Jirachi|86/100|[from] item: Leftovers
|-heal|p2a: Olas|57/100|[from] item: Leftovers
|upkeep
|turn|28
|
|t:|1729199867
|move|p1a: Jirachi|Ice Punch|p2a: Olas
|-damage|p2a: Olas|49/100
|move|p2a: Olas|Soft-Boiled|p2a: Olas
|-heal|p2a: Olas|99/100
|
|-weather|Sandstorm|[upkeep]
|-damage|p2a: Olas|93/100|[from] Sandstorm
|-heal|p1a: Jirachi|93/100|[from] item: Leftovers
|-heal|p2a: Olas|99/100|[from] item: Leftovers
|upkeep
|turn|29
|
|t:|1729199872
|move|p1a: Jirachi|Ice Punch|p2a: Olas
|-damage|p2a: Olas|91/100
|move|p2a: Olas|Ice Beam|p1a: Jirachi
|-resisted|p1a: Jirachi
|-crit|p1a: Jirachi
|-damage|p1a: Jirachi|12/100
|
|-weather|Sandstorm|[upkeep]
|-damage|p2a: Olas|85/100|[from] Sandstorm
|-heal|p1a: Jirachi|18/100|[from] item: Leftovers
|-heal|p2a: Olas|91/100|[from] item: Leftovers
|upkeep
|turn|30
|
|t:|1729199879
|move|p1a: Jirachi|Ice Punch|p2a: Olas
|-damage|p2a: Olas|84/100
|move|p2a: Olas|Thunderbolt|p1a: Jirachi
|-damage|p1a: Jirachi|0 fnt
|faint|p1a: Jirachi
|c|☆zacpz|who turned off the serene grass haha?
|c|☆zacpz|gg
|
|t:|1729199895
|switch|p1a: Zapdos|Zapdos|100/100
|
|-weather|Sandstorm|[upkeep]
|-damage|p1a: Zapdos|94/100|[from] Sandstorm
|-damage|p2a: Olas|78/100|[from] Sandstorm
|-heal|p1a: Zapdos|100/100|[from] item: Leftovers
|-heal|p2a: Olas|84/100|[from] item: Leftovers
|upkeep
|turn|31
|c|☆crustaceus|gg
|c|☆crustaceus|cm war always funny
|
|t:|1729199906
|move|p1a: Zapdos|Thunder Wave|p2a: Olas
|-status|p2a: Olas|par
|move|p2a: Olas|Ice Beam|p1a: Zapdos
|-supereffective|p1a: Zapdos
|-damage|p1a: Zapdos|0 fnt
|faint|p1a: Zapdos
|c|☆zacpz|yeah
|c|☆zacpz|I was dumb to not just cm war immediately
|
|t:|1729199918
|switch|p1a: Swampert|Swampert, M|100/100
|-damage|p1a: Swampert|88/100|[from] Spikes
|
|-weather|Sandstorm|[upkeep]
|-damage|p2a: Olas|78/100 par|[from] Sandstorm
|-heal|p1a: Swampert|94/100|[from] item: Leftovers
|-heal|p2a: Olas|84/100 par|[from] item: Leftovers
|upkeep
|turn|32
|
|t:|1729199924
|move|p1a: Swampert|Earthquake|p2a: Olas
|-crit|p2a: Olas
|-damage|p2a: Olas|13/100 par
|move|p2a: Olas|Ice Beam|p1a: Swampert
|-damage|p1a: Swampert|9/100
|
|-weather|Sandstorm|[upkeep]
|-damage|p2a: Olas|7/100 par|[from] Sandstorm
|-heal|p1a: Swampert|15/100|[from] item: Leftovers
|-heal|p2a: Olas|13/100 par|[from] item: Leftovers
|upkeep
|turn|33
|
|t:|1729199936
|move|p1a: Swampert|Earthquake|p2a: Olas
|-damage|p2a: Olas|0 fnt
|faint|p2a: Olas
|
|t:|1729199942
|switch|p2a: Zemene|Dugtrio, M|100/100
|
|-weather|Sandstorm|[upkeep]
|-heal|p1a: Swampert|22/100|[from] item: Leftovers
|upkeep
|turn|34
|
|t:|1729199951
|move|p1a: Swampert|Protect|p1a: Swampert
|-singleturn|p1a: Swampert|Protect
|move|p2a: Zemene|Earthquake|p1a: Swampert
|-activate|p1a: Swampert|Protect
|
|-weather|Sandstorm|[upkeep]
|-heal|p1a: Swampert|28/100|[from] item: Leftovers
|upkeep
|turn|35
|
|t:|1729199960
|move|p1a: Swampert|Protect|p1a: Swampert
|-singleturn|p1a: Swampert|Protect
|move|p2a: Zemene|Earthquake|p1a: Swampert
|-activate|p1a: Swampert|Protect
|
|-weather|Sandstorm|[upkeep]
|-heal|p1a: Swampert|34/100|[from] item: Leftovers
|upkeep
|turn|36
|
|t:|1729199963
|move|p1a: Swampert|Protect|p1a: Swampert
|-singleturn|p1a: Swampert|Protect
|move|p2a: Zemene|Earthquake|p1a: Swampert
|-activate|p1a: Swampert|Protect
|
|-weather|Sandstorm|[upkeep]
|-heal|p1a: Swampert|40/100|[from] item: Leftovers
|upkeep
|turn|37
|
|t:|1729199967
|move|p2a: Zemene|Earthquake|p1a: Swampert
|-damage|p1a: Swampert|0 fnt
|faint|p1a: Swampert
|
|t:|1729199971
|switch|p1a: Raikou|Raikou|100/100
|-damage|p1a: Raikou|88/100|[from] Spikes
|
|-weather|Sandstorm|[upkeep]
|-damage|p1a: Raikou|82/100|[from] Sandstorm
|-heal|p1a: Raikou|88/100|[from] item: Leftovers
|upkeep
|turn|38
|c|☆crustaceus|oof thought maybe suicune
|c|☆crustaceus|then you had a chance
|
|t:|1729199987
|move|p2a: Zemene|Earthquake|p1a: Raikou
|-supereffective|p1a: Raikou
|-damage|p1a: Raikou|0 fnt
|faint|p1a: Raikou
|
|win|crustaceus
|c|☆zacpz|i wish
|c|☆crustaceus|ggwp
|c|☆zacpz|this team is ancient

</script>
<script type="application/json" class="data" id="replaydata-smogtours-gen3ou-799383">
{"id":"smogtours-gen3ou-799383","format":"[Gen 3] OU","players":["zacpz","crustaceus"],"uploadtime":1729199987,"views":111,"formatid":"gen3ou","rating":null,"private":0,"password":null}
</script>

<script defer src="js/replays.js?9d40a366"></script>
