<!DOCTYPE html>
<meta charset="utf-8" />
<meta name="viewport" content="width=device-width" />

<title>[Gen 3] OU: lt. pickles vs. witgiz - Replays - Pok&eacute;mon Showdown!</title>

<meta name="description" content="Watch a replay of a Pok&eacute;mon battle between lt. pickles and witgiz! Format: [Gen 3] OU; Date: Oct 20, 2024" />
<!--

Hey, you! Looking in the source for the replay log?

You can find them in JSON format, just add `.json` at the end of a replay URL.

https://replay.pokemonshowdown.com/gen7randomdoublesbattle-865046831.json

Or, if you only need the log itself, add `.log` instead:

https://replay.pokemonshowdown.com/gen7randomdoublesbattle-865046831.log

-->

<link rel="stylesheet" href="//pokemonshowdown.com/style/global.css?0.023195364461161105" />
<link rel="stylesheet" href="//play.pokemonshowdown.com/style/font-awesome.css?0.13261647063804238" />
<link rel="stylesheet" href="//play.pokemonshowdown.com/style/battle.css?0.8753245789963631" />
<link rel="stylesheet" href="//play.pokemonshowdown.com/style/utilichart.css?0.8627959624976733" />

<!-- Global site tag (gtag.js) - Google Analytics -->
<script async src="https://www.googletagmanager.com/gtag/js?id=UA-26211653-1"></script>
<script>
  window.dataLayer = window.dataLayer || [];
  function gtag(){dataLayer.push(arguments);}
  gtag('js', new Date());

  gtag('config', 'UA-26211653-1');
</script>
<!-- End Google Analytics -->
<!-- Venatus Ad Manager - Install in <HEAD> of page -->
	<script src="https://hb.vntsm.com/v3/live/ad-manager.min.js" type="text/javascript" data-site-id="642aba63ec9a7b11c3c9c1be" data-mode="scan" async></script>
<!-- / Venatus Ad Manager -->

<style>
	@media (max-width:820px) {
		.battle {
			margin: 0 auto;
		}
		.battle-log {
			margin: 7px auto 0;
			max-width: 640px;
			height: 300px;
			position: static;
		}
	}
	.optgroup {
		display: inline-block;
		line-height: 22px;
		font-size: 10pt;
	}
	.optgroup .button {
		height: 25px;
		padding-top: 0;
		padding-bottom: 0;
	}
	.optgroup button.button {
		padding-left: 12px;
		padding-right: 12px;
	}
	.linklist {
		list-style: none;
		margin: 0.5em 0;
		padding: 0;
	}
	.linklist li {
		padding: 2px 0;
	}
	.sidebar {
		float: left;
		width: 320px;
	}
	.bar-wrapper {
		max-width: 1100px;
		margin: 0 auto;
	}
	.bar-wrapper.has-sidebar {
		max-width: 1430px;
	}
	.mainbar {
		margin: 0;
		padding-right: 1px;
	}
	.mainbar.has-sidebar {
		margin-left: 330px;
	}
	@media (min-width: 1511px) {
		.sidebar {
			width: 400px;
		}
		.bar-wrapper.has-sidebar {
			max-width: 1510px;
		}
		.mainbar.has-sidebar {
			margin-left: 410px;
		}
	}
	.section.first-section {
		margin-top: 9px;
	}
	.blocklink small {
		white-space: normal;
	}
	.button {
		vertical-align: middle;
	}
	.replay-controls {
		padding-top: 10px;
	}
	.replay-controls h1 {
		font-size: 16pt;
		font-weight: normal;
		color: #CCC;
	}
	.pagelink {
		text-align: center;
	}
	.pagelink a {
		width: 150px;
	}
	.textbox, .button {
		font-size: 11pt;
		vertical-align: middle;
	}
	@media (max-width: 450px) {
		.button {
			font-size: 9pt;
		}
	}
</style>

<div>

	<header>
		<div class="nav-wrapper"><ul class="nav">
			<li><a class="button nav-first" href="//pokemonshowdown.com/"><img src="//pokemonshowdown.com/images/pokemonshowdownbeta.png" srcset="//pokemonshowdown.com/images/pokemonshowdownbeta.png 1x, //pokemonshowdown.com/images/pokemonshowdownbeta@2x.png 2x" alt="Pok&eacute;mon Showdown" width="146" height="44" /> Home</a></li>
			<li><a class="button" href="//pokemonshowdown.com/dex/">Pok&eacute;dex</a></li>
			<li><a class="button cur" href="/">Replays</a></li>
			<li><a class="button" href="//pokemonshowdown.com/ladder/">Ladder</a></li>
			<li><a class="button nav-last" href="//pokemonshowdown.com/forums/">Forum</a></li>
			<li><a class="button greenbutton nav-first nav-last" href="//play.pokemonshowdown.com/">Play</a></li>
		</ul></div>
	</header>

	<div class="main" id="main">

		<noscript><section class="section">You need to enable JavaScript to use this page; sorry!</section></noscript>

	</div>

</div>

<script defer nomodule src="//play.pokemonshowdown.com/js/lib/ps-polyfill.js"></script>
<script defer src="//play.pokemonshowdown.com/js/lib/preact.min.js"></script>

<script defer src="//play.pokemonshowdown.com/config/config.js?2bddbc15"></script>
<script defer src="//play.pokemonshowdown.com/js/lib/jquery-1.11.0.min.js"></script>
<script defer src="//play.pokemonshowdown.com/js/lib/html-sanitizer-minified.js"></script>
<script defer src="//play.pokemonshowdown.com/js/battle-sound.js"></script>
<script defer src="//play.pokemonshowdown.com/js/battledata.js?0.7209276989879541"></script>
<script defer src="//play.pokemonshowdown.com/data/pokedex-mini.js?0.6111056340867951"></script>
<script defer src="//play.pokemonshowdown.com/data/pokedex-mini-bw.js?0.3532142036491459"></script>
<script defer src="//play.pokemonshowdown.com/data/graphics.js?0.24223875632456182"></script>
<script defer src="//play.pokemonshowdown.com/data/pokedex.js?0.38839984266356864"></script>
<script defer src="//play.pokemonshowdown.com/data/moves.js?0.21866028504024015"></script>
<script defer src="//play.pokemonshowdown.com/data/abilities.js?0.2005157953846628"></script>
<script defer src="//play.pokemonshowdown.com/data/items.js?0.9894211263848525"></script>
<script defer src="//play.pokemonshowdown.com/data/teambuilder-tables.js?0.6008791140282215"></script>
<script defer src="//play.pokemonshowdown.com/js/battle-tooltips.js?0.7580118955022959"></script>
<script defer src="//play.pokemonshowdown.com/js/battle.js?0.6057722274234274"></script>

<script defer src="js/utils.js?e31f9a17"></script>
<script defer src="js/replays-battle.js?7008c182"></script>

<!-- don't scrape this data! just add .json or .log after the URL!
Full API docs: https://github.com/smogon/pokemon-showdown-client/blob/master/WEB-API.md -->
<script type="text/plain" class="log" id="replaylog-smogtours-gen3ou-800665">
|inactive|Battle timer is ON: inactive players will automatically lose when time's up.
|t:|1729450849
|gametype|singles
|player|p1|lt. pickles|ltsurge|
|player|p2|witgiz|linebacker|
|teamsize|p1|6
|teamsize|p2|6
|gen|3
|tier|[Gen 3] OU
|rule|Sleep Clause Mod: Limit one foe put to sleep
|rule|Switch Priority Clause Mod: Faster Pokémon switch first
|rule|Species Clause: Limit one of each Pokémon
|rule|OHKO Clause: OHKO moves are banned
|rule|Evasion Items Clause: Evasion items are banned
|rule|Evasion Moves Clause: Evasion moves are banned
|rule|Endless Battle Clause: Forcing endless battles is banned
|rule|HP Percentage Mod: HP is shown in percentages
|rule|One Boost Passer Clause: Limit one Baton Passer that has a way to boost its stats
|rule|Freeze Clause Mod: Limit one foe frozen
|
|t:|1729450849
|start
|switch|p1a: Tyranitar|Tyranitar, M|100/100
|switch|p2a: hexdox|Salamence, F|100/100
|-ability|p2a: hexdox|Intimidate|boost
|-unboost|p1a: Tyranitar|atk|1
|-weather|Sandstorm|[from] ability: Sand Stream|[of] p1a: Tyranitar
|turn|1
|c|☆lt. pickles|hf
|c|☆witgiz|u2
|inactive|witgiz has 270 seconds left.
|
|t:|1729450890
|switch|p1a: Swampert|Swampert, F|100/100
|move|p2a: hexdox|Hidden Power|p1a: Swampert
|-damage|p1a: Swampert|53/100
|
|-weather|Sandstorm|[upkeep]
|-damage|p2a: hexdox|94/100|[from] Sandstorm
|-heal|p1a: Swampert|60/100|[from] item: Leftovers
|upkeep
|turn|2
|
|t:|1729450918
|switch|p2a: hugemungo|Snorlax, M|100/100
|move|p1a: Swampert|Toxic|p2a: hugemungo
|-immune|p2a: hugemungo|[from] ability: Immunity
|
|-weather|Sandstorm|[upkeep]
|-damage|p2a: hugemungo|94/100|[from] Sandstorm
|-heal|p1a: Swampert|66/100|[from] item: Leftovers
|-heal|p2a: hugemungo|100/100|[from] item: Leftovers
|upkeep
|turn|3
|inactive|lt. pickles has 270 seconds left.
|
|t:|1729450941
|move|p1a: Swampert|Protect|p1a: Swampert
|-singleturn|p1a: Swampert|Protect
|move|p2a: hugemungo|Curse|p2a: hugemungo
|-unboost|p2a: hugemungo|spe|1
|-boost|p2a: hugemungo|atk|1
|-boost|p2a: hugemungo|def|1
|
|-weather|Sandstorm|[upkeep]
|-damage|p2a: hugemungo|94/100|[from] Sandstorm
|-heal|p1a: Swampert|72/100|[from] item: Leftovers
|-heal|p2a: hugemungo|100/100|[from] item: Leftovers
|upkeep
|turn|4
|
|t:|1729450950
|switch|p1a: Skarmory|Skarmory, M|100/100
|move|p2a: hugemungo|Return|p1a: Skarmory
|-resisted|p1a: Skarmory
|-damage|p1a: Skarmory|77/100
|
|-weather|Sandstorm|[upkeep]
|-damage|p2a: hugemungo|94/100|[from] Sandstorm
|-heal|p1a: Skarmory|83/100|[from] item: Leftovers
|-heal|p2a: hugemungo|100/100|[from] item: Leftovers
|upkeep
|turn|5
|inactive|lt. pickles has 270 seconds left.
|
|t:|1729450967
|switch|p2a: two_dawn|Magneton|100/100
|move|p1a: Skarmory|Roar|p2a: two_dawn
|drag|p2a: hiddenpain11|Heracross, F, shiny|100/100
|
|-weather|Sandstorm|[upkeep]
|-damage|p2a: hiddenpain11|94/100|[from] Sandstorm
|-heal|p1a: Skarmory|89/100|[from] item: Leftovers
|upkeep
|turn|6
|inactive|lt. pickles has 270 seconds left.
|
|t:|1729451000
|switch|p2a: cheekibreekiow|Suicune|100/100
|move|p1a: Skarmory|Drill Peck|p2a: cheekibreekiow
|-crit|p2a: cheekibreekiow
|-damage|p2a: cheekibreekiow|62/100
|
|-weather|Sandstorm|[upkeep]
|-damage|p2a: cheekibreekiow|56/100|[from] Sandstorm
|-heal|p2a: cheekibreekiow|62/100|[from] item: Leftovers
|-heal|p1a: Skarmory|95/100|[from] item: Leftovers
|upkeep
|turn|7
|inactive|witgiz has 270 seconds left.
|
|t:|1729451040
|switch|p2a: tmr6|Metagross|100/100
|move|p1a: Skarmory|Spikes|p2a: tmr6
|-sidestart|p2: witgiz|Spikes
|
|-weather|Sandstorm|[upkeep]
|-heal|p1a: Skarmory|100/100|[from] item: Leftovers
|upkeep
|turn|8
|
|t:|1729451056
|move|p2a: tmr6|Agility|p2a: tmr6
|-boost|p2a: tmr6|spe|2
|move|p1a: Skarmory|Spikes|p2a: tmr6
|-sidestart|p2: witgiz|Spikes
|
|-weather|Sandstorm|[upkeep]
|upkeep
|turn|9
|inactive|witgiz has 270 seconds left.
|
|t:|1729451065
|move|p2a: tmr6|Meteor Mash|p1a: Skarmory
|-resisted|p1a: Skarmory
|-damage|p1a: Skarmory|78/100
|move|p1a: Skarmory|Roar|p2a: tmr6
|drag|p2a: hugemungo|Snorlax, M|100/100
|-damage|p2a: hugemungo|84/100|[from] Spikes
|
|-weather|Sandstorm|[upkeep]
|-damage|p2a: hugemungo|78/100|[from] Sandstorm
|-heal|p1a: Skarmory|84/100|[from] item: Leftovers
|-heal|p2a: hugemungo|84/100|[from] item: Leftovers
|upkeep
|turn|10
|inactive|witgiz has 270 seconds left.
|
|t:|1729451080
|switch|p2a: two_dawn|Magneton|100/100
|-damage|p2a: two_dawn|84/100|[from] Spikes
|move|p1a: Skarmory|Roar|p2a: two_dawn
|drag|p2a: tmr6|Metagross|100/100
|-damage|p2a: tmr6|84/100|[from] Spikes
|
|-weather|Sandstorm|[upkeep]
|-heal|p1a: Skarmory|90/100|[from] item: Leftovers
|upkeep
|turn|11
|inactive|witgiz has 270 seconds left.
|
|t:|1729451095
|switch|p2a: two_dawn|Magneton|84/100
|-damage|p2a: two_dawn|67/100|[from] Spikes
|move|p1a: Skarmory|Spikes|p2a: two_dawn
|-sidestart|p2: witgiz|Spikes
|
|-weather|Sandstorm|[upkeep]
|-heal|p1a: Skarmory|96/100|[from] item: Leftovers
|upkeep
|turn|12
|
|t:|1729451104
|move|p1a: Skarmory|Protect|p1a: Skarmory
|-singleturn|p1a: Skarmory|Protect
|move|p2a: two_dawn|Thunderbolt|p1a: Skarmory
|-activate|p1a: Skarmory|Protect
|
|-weather|Sandstorm|[upkeep]
|-heal|p1a: Skarmory|100/100|[from] item: Leftovers
|upkeep
|turn|13
|
|t:|1729451106
|move|p2a: two_dawn|Thunderbolt|p1a: Skarmory
|-supereffective|p1a: Skarmory
|-damage|p1a: Skarmory|0 fnt
|faint|p1a: Skarmory
|
|t:|1729451123
|switch|p1a: Swampert|Swampert, F|72/100
|
|-weather|Sandstorm|[upkeep]
|-heal|p1a: Swampert|78/100|[from] item: Leftovers
|upkeep
|turn|14
|
|t:|1729451134
|switch|p2a: hugemungo|Snorlax, M|84/100
|-damage|p2a: hugemungo|59/100|[from] Spikes
|move|p1a: Swampert|Surf|p2a: hugemungo
|-damage|p2a: hugemungo|44/100
|
|-weather|Sandstorm|[upkeep]
|-damage|p2a: hugemungo|37/100|[from] Sandstorm
|-heal|p1a: Swampert|84/100|[from] item: Leftovers
|-heal|p2a: hugemungo|44/100|[from] item: Leftovers
|upkeep
|turn|15
|
|t:|1729451161
|switch|p1a: Tyranitar|Tyranitar, M|100/100
|move|p2a: hugemungo|Curse|p2a: hugemungo
|-unboost|p2a: hugemungo|spe|1
|-boost|p2a: hugemungo|atk|1
|-boost|p2a: hugemungo|def|1
|
|-weather|Sandstorm|[upkeep]
|-damage|p2a: hugemungo|37/100|[from] Sandstorm
|-heal|p2a: hugemungo|44/100|[from] item: Leftovers
|upkeep
|turn|16
|
|t:|1729451176
|move|p1a: Tyranitar|Earthquake|p2a: hugemungo
|-damage|p2a: hugemungo|26/100
|move|p2a: hugemungo|Rest|p2a: hugemungo
|-status|p2a: hugemungo|slp|[from] move: Rest
|-heal|p2a: hugemungo|100/100 slp|[silent]
|
|-weather|Sandstorm|[upkeep]
|-damage|p2a: hugemungo|94/100 slp|[from] Sandstorm
|-heal|p2a: hugemungo|100/100 slp|[from] item: Leftovers
|upkeep
|turn|17
|
|t:|1729451180
|switch|p1a: Zapdos|Zapdos|100/100
|cant|p2a: hugemungo|slp
|
|-weather|Sandstorm|[upkeep]
|-damage|p1a: Zapdos|94/100|[from] Sandstorm
|-damage|p2a: hugemungo|94/100 slp|[from] Sandstorm
|-heal|p1a: Zapdos|100/100|[from] item: Leftovers
|-heal|p2a: hugemungo|100/100 slp|[from] item: Leftovers
|upkeep
|turn|18
|
|t:|1729451185
|cant|p2a: hugemungo|slp
|move|p1a: Zapdos|Roar|p2a: hugemungo
|drag|p2a: two_dawn|Magneton|67/100
|-damage|p2a: two_dawn|43/100|[from] Spikes
|
|-weather|Sandstorm|[upkeep]
|-damage|p1a: Zapdos|94/100|[from] Sandstorm
|-heal|p1a: Zapdos|100/100|[from] item: Leftovers
|upkeep
|turn|19
|inactive|lt. pickles has 270 seconds left.
|
|t:|1729451203
|switch|p2a: hexdox|Salamence, F|94/100
|-ability|p2a: hexdox|Intimidate|boost
|-unboost|p1a: Zapdos|atk|1
|move|p1a: Zapdos|Baton Pass|p1a: Zapdos
|
|t:|1729451221
|switch|p1a: Aerodactyl|Aerodactyl, M|100/100|[from] Baton Pass
|
|-weather|Sandstorm|[upkeep]
|-damage|p2a: hexdox|88/100|[from] Sandstorm
|upkeep
|turn|20
|
|t:|1729451250
|move|p1a: Aerodactyl|Rock Slide|p2a: hexdox
|-supereffective|p2a: hexdox
|-damage|p2a: hexdox|11/100
|cant|p2a: hexdox|flinch
|
|-weather|Sandstorm|[upkeep]
|-damage|p2a: hexdox|5/100|[from] Sandstorm
|upkeep
|turn|21
|
|t:|1729451270
|move|p1a: Aerodactyl|Rock Slide|p2a: hexdox
|-supereffective|p2a: hexdox
|-damage|p2a: hexdox|0 fnt
|faint|p2a: hexdox
|
|t:|1729451272
|switch|p2a: tmr6|Metagross|84/100
|-damage|p2a: tmr6|59/100|[from] Spikes
|
|-weather|Sandstorm|[upkeep]
|upkeep
|turn|22
|
|t:|1729451291
|switch|p1a: Zapdos|Zapdos|100/100
|move|p2a: tmr6|Explosion|p1a: Zapdos
|-damage|p1a: Zapdos|0 fnt
|faint|p2a: tmr6
|faint|p1a: Zapdos
|c|☆lt. pickles|oh
|inactive|lt. pickles has 240 seconds left.
|
|t:|1729451309
|switch|p1a: Tyranitar|Tyranitar, M|100/100
|switch|p2a: cheekibreekiow|Suicune|62/100
|-damage|p2a: cheekibreekiow|37/100|[from] Spikes
|
|-weather|Sandstorm|[upkeep]
|-damage|p2a: cheekibreekiow|31/100|[from] Sandstorm
|-heal|p2a: cheekibreekiow|37/100|[from] item: Leftovers
|upkeep
|turn|23
|inactive|lt. pickles has 240 seconds left.
|
|t:|1729451320
|move|p2a: cheekibreekiow|Hydro Pump|p1a: Tyranitar|[miss]
|-miss|p2a: cheekibreekiow|p1a: Tyranitar
|move|p1a: Tyranitar|Dragon Dance|p1a: Tyranitar
|-boost|p1a: Tyranitar|atk|1
|-boost|p1a: Tyranitar|spe|1
|
|-weather|Sandstorm|[upkeep]
|-damage|p2a: cheekibreekiow|31/100|[from] Sandstorm
|-heal|p2a: cheekibreekiow|37/100|[from] item: Leftovers
|upkeep
|turn|24
|inactive|lt. pickles has 240 seconds left.
|
|t:|1729451336
|move|p1a: Tyranitar|Dragon Dance|p1a: Tyranitar
|-boost|p1a: Tyranitar|atk|1
|-boost|p1a: Tyranitar|spe|1
|move|p2a: cheekibreekiow|Hydro Pump|p1a: Tyranitar
|-supereffective|p1a: Tyranitar
|-damage|p1a: Tyranitar|17/100
|
|-weather|Sandstorm|[upkeep]
|-damage|p2a: cheekibreekiow|31/100|[from] Sandstorm
|-heal|p1a: Tyranitar|23/100|[from] item: Leftovers
|-heal|p2a: cheekibreekiow|37/100|[from] item: Leftovers
|upkeep
|turn|25
|inactive|lt. pickles has 240 seconds left.
|
|t:|1729451342
|move|p1a: Tyranitar|Earthquake|p2a: cheekibreekiow
|-damage|p2a: cheekibreekiow|0 fnt
|faint|p2a: cheekibreekiow
|
|t:|1729451353
|switch|p2a: two_dawn|Magneton|43/100
|-damage|p2a: two_dawn|18/100|[from] Spikes
|
|-weather|Sandstorm|[upkeep]
|-heal|p1a: Tyranitar|29/100|[from] item: Leftovers
|upkeep
|turn|26
|
|t:|1729451359
|move|p1a: Tyranitar|Earthquake|p2a: two_dawn
|-supereffective|p2a: two_dawn
|-damage|p2a: two_dawn|0 fnt
|faint|p2a: two_dawn
|
|t:|1729451361
|switch|p2a: hugemungo|Snorlax, M|100/100 slp
|-damage|p2a: hugemungo|76/100 slp|[from] Spikes
|
|-weather|Sandstorm|[upkeep]
|-damage|p2a: hugemungo|69/100 slp|[from] Sandstorm
|-heal|p1a: Tyranitar|35/100|[from] item: Leftovers
|-heal|p2a: hugemungo|76/100 slp|[from] item: Leftovers
|upkeep
|turn|27
|
|t:|1729451369
|move|p1a: Tyranitar|Earthquake|p2a: hugemungo
|-damage|p2a: hugemungo|22/100 slp
|-curestatus|p2a: hugemungo|slp|[msg]
|move|p2a: hugemungo|Return|p1a: Tyranitar
|-resisted|p1a: Tyranitar
|-damage|p1a: Tyranitar|19/100
|
|-weather|Sandstorm|[upkeep]
|-damage|p2a: hugemungo|16/100|[from] Sandstorm
|-heal|p1a: Tyranitar|25/100|[from] item: Leftovers
|-heal|p2a: hugemungo|22/100|[from] item: Leftovers
|upkeep
|turn|28
|
|t:|1729451375
|move|p1a: Tyranitar|Earthquake|p2a: hugemungo
|-damage|p2a: hugemungo|0 fnt
|faint|p2a: hugemungo
|
|t:|1729451377
|switch|p2a: hiddenpain11|Heracross, F, shiny|94/100
|-damage|p2a: hiddenpain11|69/100|[from] Spikes
|
|-weather|Sandstorm|[upkeep]
|-damage|p2a: hiddenpain11|63/100|[from] Sandstorm
|-heal|p1a: Tyranitar|31/100|[from] item: Leftovers
|upkeep
|turn|29
|
|t:|1729451383
|move|p1a: Tyranitar|Rock Slide|p2a: hiddenpain11
|-damage|p2a: hiddenpain11|0 fnt
|faint|p2a: hiddenpain11
|
|win|lt. pickles
|c|☆witgiz|GG
|c|☆lt. pickles|gg
|c|☆lt. pickles|mb
|player|p2|
|player|p1|
|player|p1|lt. pickles|ltsurge|
|player|p1|
|player|p1|lt. pickles|ltsurge|
|player|p1|

</script>
<script type="application/json" class="data" id="replaydata-smogtours-gen3ou-800665">
{"id":"smogtours-gen3ou-800665","format":"[Gen 3] OU","players":["lt. pickles","witgiz"],"uploadtime":1729451383,"views":97,"formatid":"gen3ou","rating":null,"private":0,"password":null}
</script>

<script defer src="js/replays.js?9d40a366"></script>
