<!DOCTYPE html>
<meta charset="utf-8" />
<meta name="viewport" content="width=device-width" />

<title>[Gen 3] OU: Promeathean0056 vs. No8ull - Replays - Pok&eacute;mon Showdown!</title>

<meta name="description" content="Watch a replay of a Pok&eacute;mon battle between Promeathean0056 and No8ull! Format: [Gen 3] OU; Date: Oct 10, 2024" />
<!--

Hey, you! Looking in the source for the replay log?

You can find them in JSON format, just add `.json` at the end of a replay URL.

https://replay.pokemonshowdown.com/gen7randomdoublesbattle-865046831.json

Or, if you only need the log itself, add `.log` instead:

https://replay.pokemonshowdown.com/gen7randomdoublesbattle-865046831.log

-->

<link rel="stylesheet" href="//pokemonshowdown.com/style/global.css?0.767286132409787" />
<link rel="stylesheet" href="//play.pokemonshowdown.com/style/font-awesome.css?0.9266228007934947" />
<link rel="stylesheet" href="//play.pokemonshowdown.com/style/battle.css?0.7924700842790926" />
<link rel="stylesheet" href="//play.pokemonshowdown.com/style/utilichart.css?0.8777417872839479" />

<!-- Global site tag (gtag.js) - Google Analytics -->
<script async src="https://www.googletagmanager.com/gtag/js?id=UA-26211653-1"></script>
<script>
  window.dataLayer = window.dataLayer || [];
  function gtag(){dataLayer.push(arguments);}
  gtag('js', new Date());

  gtag('config', 'UA-26211653-1');
</script>
<!-- End Google Analytics -->
<!-- Venatus Ad Manager - Install in <HEAD> of page -->
	<script src="https://hb.vntsm.com/v3/live/ad-manager.min.js" type="text/javascript" data-site-id="642aba63ec9a7b11c3c9c1be" data-mode="scan" async></script>
<!-- / Venatus Ad Manager -->

<style>
	@media (max-width:820px) {
		.battle {
			margin: 0 auto;
		}
		.battle-log {
			margin: 7px auto 0;
			max-width: 640px;
			height: 300px;
			position: static;
		}
	}
	.optgroup {
		display: inline-block;
		line-height: 22px;
		font-size: 10pt;
	}
	.optgroup .button {
		height: 25px;
		padding-top: 0;
		padding-bottom: 0;
	}
	.optgroup button.button {
		padding-left: 12px;
		padding-right: 12px;
	}
	.linklist {
		list-style: none;
		margin: 0.5em 0;
		padding: 0;
	}
	.linklist li {
		padding: 2px 0;
	}
	.sidebar {
		float: left;
		width: 320px;
	}
	.bar-wrapper {
		max-width: 1100px;
		margin: 0 auto;
	}
	.bar-wrapper.has-sidebar {
		max-width: 1430px;
	}
	.mainbar {
		margin: 0;
		padding-right: 1px;
	}
	.mainbar.has-sidebar {
		margin-left: 330px;
	}
	@media (min-width: 1511px) {
		.sidebar {
			width: 400px;
		}
		.bar-wrapper.has-sidebar {
			max-width: 1510px;
		}
		.mainbar.has-sidebar {
			margin-left: 410px;
		}
	}
	.section.first-section {
		margin-top: 9px;
	}
	.blocklink small {
		white-space: normal;
	}
	.button {
		vertical-align: middle;
	}
	.replay-controls {
		padding-top: 10px;
	}
	.replay-controls h1 {
		font-size: 16pt;
		font-weight: normal;
		color: #CCC;
	}
	.pagelink {
		text-align: center;
	}
	.pagelink a {
		width: 150px;
	}
	.textbox, .button {
		font-size: 11pt;
		vertical-align: middle;
	}
	@media (max-width: 450px) {
		.button {
			font-size: 9pt;
		}
	}
</style>

<div>

	<header>
		<div class="nav-wrapper"><ul class="nav">
			<li><a class="button nav-first" href="//pokemonshowdown.com/"><img src="//pokemonshowdown.com/images/pokemonshowdownbeta.png" srcset="//pokemonshowdown.com/images/pokemonshowdownbeta.png 1x, //pokemonshowdown.com/images/pokemonshowdownbeta@2x.png 2x" alt="Pok&eacute;mon Showdown" width="146" height="44" /> Home</a></li>
			<li><a class="button" href="//pokemonshowdown.com/dex/">Pok&eacute;dex</a></li>
			<li><a class="button cur" href="/">Replays</a></li>
			<li><a class="button" href="//pokemonshowdown.com/ladder/">Ladder</a></li>
			<li><a class="button nav-last" href="//pokemonshowdown.com/forums/">Forum</a></li>
			<li><a class="button greenbutton nav-first nav-last" href="//play.pokemonshowdown.com/">Play</a></li>
		</ul></div>
	</header>

	<div class="main" id="main">

		<noscript><section class="section">You need to enable JavaScript to use this page; sorry!</section></noscript>

	</div>

</div>

<script defer nomodule src="//play.pokemonshowdown.com/js/lib/ps-polyfill.js"></script>
<script defer src="//play.pokemonshowdown.com/js/lib/preact.min.js"></script>

<script defer src="//play.pokemonshowdown.com/config/config.js?6dec07f6"></script>
<script defer src="//play.pokemonshowdown.com/js/lib/jquery-1.11.0.min.js"></script>
<script defer src="//play.pokemonshowdown.com/js/lib/html-sanitizer-minified.js"></script>
<script defer src="//play.pokemonshowdown.com/js/battle-sound.js"></script>
<script defer src="//play.pokemonshowdown.com/js/battledata.js?0.6315294753075389"></script>
<script defer src="//play.pokemonshowdown.com/data/pokedex-mini.js?0.7603743185311358"></script>
<script defer src="//play.pokemonshowdown.com/data/pokedex-mini-bw.js?0.030888842834281283"></script>
<script defer src="//play.pokemonshowdown.com/data/graphics.js?0.05593094747507488"></script>
<script defer src="//play.pokemonshowdown.com/data/pokedex.js?0.47064822249611904"></script>
<script defer src="//play.pokemonshowdown.com/data/moves.js?0.8583693120512459"></script>
<script defer src="//play.pokemonshowdown.com/data/abilities.js?0.16017181182386842"></script>
<script defer src="//play.pokemonshowdown.com/data/items.js?0.4163379185673943"></script>
<script defer src="//play.pokemonshowdown.com/data/teambuilder-tables.js?0.31075597372830477"></script>
<script defer src="//play.pokemonshowdown.com/js/battle-tooltips.js?0.6536193500708172"></script>
<script defer src="//play.pokemonshowdown.com/js/battle.js?0.1916591943277901"></script>

<script defer src="js/utils.js?e31f9a17"></script>
<script defer src="js/replays-battle.js?7008c182"></script>

<!-- don't scrape this data! just add .json or .log after the URL!
Full API docs: https://github.com/smogon/pokemon-showdown-client/blob/master/WEB-API.md -->
<script type="text/plain" class="log" id="replaylog-smogtours-gen3ou-796834">
|inactive|Battle timer is ON: inactive players will automatically lose when time's up.
|t:|1728521388
|gametype|singles
|player|p1|Promeathean0056|101|
|player|p2|No8ull|266|
|teamsize|p1|6
|teamsize|p2|6
|gen|3
|tier|[Gen 3] OU
|rule|Sleep Clause Mod: Limit one foe put to sleep
|rule|Switch Priority Clause Mod: Faster Pokémon switch first
|rule|Species Clause: Limit one of each Pokémon
|rule|OHKO Clause: OHKO moves are banned
|rule|Evasion Items Clause: Evasion items are banned
|rule|Evasion Moves Clause: Evasion moves are banned
|rule|Endless Battle Clause: Forcing endless battles is banned
|rule|HP Percentage Mod: HP is shown in percentages
|rule|One Boost Passer Clause: Limit one Baton Passer that has a way to boost its stats
|rule|Freeze Clause Mod: Limit one foe frozen
|
|t:|1728521388
|start
|switch|p1a: Metagross|Metagross|100/100
|switch|p2a: Forretress|Forretress, F|100/100
|turn|1
|
|t:|1728521412
|switch|p1a: Magneton|Magneton, shiny|100/100
|switch|p2a: Gengar|Gengar, F|100/100
|
|upkeep
|turn|2
|
|t:|1728521435
|switch|p2a: Camerupt|Camerupt, M|100/100
|switch|p1a: Tyranitar|Tyranitar, F|100/100
|-weather|Sandstorm|[from] ability: Sand Stream|[of] p1a: Tyranitar
|
|-weather|Sandstorm|[upkeep]
|upkeep
|turn|3
|
|t:|1728521448
|switch|p1a: Gyarados|Gyarados, M, shiny|100/100
|-ability|p1a: Gyarados|Intimidate|boost
|-unboost|p2a: Camerupt|atk|1
|switch|p2a: Gyarados|Gyarados, M|100/100
|-ability|p2a: Gyarados|Intimidate|boost
|-unboost|p1a: Gyarados|atk|1
|
|-weather|Sandstorm|[upkeep]
|-damage|p1a: Gyarados|94/100|[from] Sandstorm
|-damage|p2a: Gyarados|94/100|[from] Sandstorm
|-heal|p1a: Gyarados|100/100|[from] item: Leftovers
|-heal|p2a: Gyarados|100/100|[from] item: Leftovers
|upkeep
|turn|4
|
|t:|1728521473
|switch|p1a: Chk ur calendar|Muk, F|100/100
|move|p2a: Gyarados|Thunder Wave|p1a: Chk ur calendar
|-status|p1a: Chk ur calendar|par
|
|-weather|Sandstorm|[upkeep]
|-damage|p2a: Gyarados|94/100|[from] Sandstorm
|-damage|p1a: Chk ur calendar|94/100 par|[from] Sandstorm
|-heal|p2a: Gyarados|100/100|[from] item: Leftovers
|-heal|p1a: Chk ur calendar|100/100 par|[from] item: Leftovers
|upkeep
|turn|5
|inactive|No8ull has 270 seconds left.
|
|t:|1728521513
|switch|p2a: Forretress|Forretress, F|100/100
|switch|p1a: Gyarados|Gyarados, M, shiny|100/100
|-ability|p1a: Gyarados|Intimidate|boost
|-unboost|p2a: Forretress|atk|1
|
|-weather|Sandstorm|[upkeep]
|-damage|p1a: Gyarados|94/100|[from] Sandstorm
|-heal|p1a: Gyarados|100/100|[from] item: Leftovers
|upkeep
|turn|6
|
|t:|1728521522
|move|p1a: Gyarados|Dragon Dance|p1a: Gyarados
|-boost|p1a: Gyarados|atk|1
|-boost|p1a: Gyarados|spe|1
|move|p2a: Forretress|Spikes|p1a: Gyarados
|-sidestart|p1: Promeathean0056|Spikes
|
|-weather|Sandstorm|[upkeep]
|-damage|p1a: Gyarados|94/100|[from] Sandstorm
|-heal|p1a: Gyarados|100/100|[from] item: Leftovers
|upkeep
|turn|7
|
|t:|1728521531
|move|p1a: Gyarados|Dragon Dance|p1a: Gyarados
|-boost|p1a: Gyarados|atk|1
|-boost|p1a: Gyarados|spe|1
|move|p2a: Forretress|Explosion|p1a: Gyarados
|-damage|p1a: Gyarados|23/100
|faint|p2a: Forretress
|inactive|No8ull has 270 seconds left.
|
|t:|1728521554
|switch|p2a: Gyarados|Gyarados, M|100/100
|-ability|p2a: Gyarados|Intimidate|boost
|-unboost|p1a: Gyarados|atk|1
|
|-weather|Sandstorm|[upkeep]
|-damage|p1a: Gyarados|17/100|[from] Sandstorm
|-damage|p2a: Gyarados|94/100|[from] Sandstorm
|-heal|p1a: Gyarados|23/100|[from] item: Leftovers
|-heal|p2a: Gyarados|100/100|[from] item: Leftovers
|upkeep
|turn|8
|
|t:|1728521567
|move|p1a: Gyarados|Double-Edge|p2a: Gyarados
|-damage|p2a: Gyarados|40/100
|-damage|p1a: Gyarados|0 fnt|[from] Recoil|[of] p2a: Gyarados
|faint|p1a: Gyarados
|
|t:|1728521586
|switch|p1a: Chk ur calendar|Muk, F|100/100 par
|-damage|p1a: Chk ur calendar|88/100 par|[from] Spikes
|
|-weather|Sandstorm|[upkeep]
|-damage|p2a: Gyarados|33/100|[from] Sandstorm
|-damage|p1a: Chk ur calendar|82/100 par|[from] Sandstorm
|-heal|p2a: Gyarados|40/100|[from] item: Leftovers
|-heal|p1a: Chk ur calendar|88/100 par|[from] item: Leftovers
|upkeep
|turn|9
|inactive|No8ull has 270 seconds left.
|
|t:|1728521614
|switch|p2a: Milotic|Milotic, F|100/100
|move|p1a: Chk ur calendar|Curse|p1a: Chk ur calendar
|-unboost|p1a: Chk ur calendar|spe|1
|-boost|p1a: Chk ur calendar|atk|1
|-boost|p1a: Chk ur calendar|def|1
|
|-weather|Sandstorm|[upkeep]
|-damage|p2a: Milotic|94/100|[from] Sandstorm
|-damage|p1a: Chk ur calendar|82/100 par|[from] Sandstorm
|-heal|p2a: Milotic|100/100|[from] item: Leftovers
|-heal|p1a: Chk ur calendar|88/100 par|[from] item: Leftovers
|upkeep
|turn|10
|inactive|No8ull has 270 seconds left.
|
|t:|1728521639
|switch|p2a: Gyarados|Gyarados, M|40/100
|-ability|p2a: Gyarados|Intimidate|boost
|-unboost|p1a: Chk ur calendar|atk|1
|move|p1a: Chk ur calendar|Explosion|p2a: Gyarados
|-damage|p2a: Gyarados|0 fnt
|faint|p1a: Chk ur calendar
|faint|p2a: Gyarados
|inactive|No8ull has 270 seconds left.
|
|t:|1728521655
|switch|p2a: Milotic|Milotic, F|100/100
|switch|p1a: Magneton|Magneton, shiny|100/100
|-damage|p1a: Magneton|88/100|[from] Spikes
|
|-weather|Sandstorm|[upkeep]
|-damage|p2a: Milotic|94/100|[from] Sandstorm
|-heal|p2a: Milotic|100/100|[from] item: Leftovers
|upkeep
|turn|11
|
|t:|1728521666
|switch|p2a: Camerupt|Camerupt, M|100/100
|move|p1a: Magneton|Rain Dance|p1a: Magneton
|-weather|RainDance
|
|-weather|RainDance|[upkeep]
|upkeep
|turn|12
|inactive|Promeathean0056 has 270 seconds left.
|
|t:|1728521684
|switch|p1a: Heracross|Heracross, M|100/100
|-damage|p1a: Heracross|88/100|[from] Spikes
|move|p2a: Camerupt|Earthquake|p1a: Heracross
|-resisted|p1a: Heracross
|-damage|p1a: Heracross|56/100
|
|-weather|RainDance|[upkeep]
|upkeep
|turn|13
|
|t:|1728521697
|switch|p2a: Milotic|Milotic, F|100/100
|move|p1a: Heracross|Substitute|p1a: Heracross
|-start|p1a: Heracross|Substitute
|-damage|p1a: Heracross|31/100
|
|-weather|RainDance|[upkeep]
|upkeep
|turn|14
|
|t:|1728521709
|move|p1a: Heracross|Swords Dance|p1a: Heracross
|-boost|p1a: Heracross|atk|2
|move|p2a: Milotic|Surf|p1a: Heracross
|-end|p1a: Heracross|Substitute
|
|-weather|RainDance|[upkeep]
|upkeep
|turn|15
|
|t:|1728521717
|move|p1a: Heracross|Megahorn|p2a: Milotic
|-damage|p2a: Milotic|0 fnt
|faint|p2a: Milotic
|
|t:|1728521723
|switch|p2a: Gengar|Gengar, F|100/100
|
|-weather|none
|upkeep
|turn|16
|
|t:|1728521739
|switch|p1a: Magneton|Magneton, shiny|88/100
|-damage|p1a: Magneton|76/100|[from] Spikes
|move|p2a: Gengar|Destiny Bond|p2a: Gengar
|-singlemove|p2a: Gengar|Destiny Bond
|
|upkeep
|turn|17
|
|t:|1728521746
|switch|p2a: Camerupt|Camerupt, M|100/100
|move|p1a: Magneton|Thunder Wave|p2a: Camerupt
|-immune|p2a: Camerupt
|
|upkeep
|turn|18
|
|t:|1728521757
|move|p1a: Magneton|Rain Dance|p1a: Magneton
|-weather|RainDance
|move|p2a: Camerupt|Earthquake|p1a: Magneton
|-supereffective|p1a: Magneton
|-damage|p1a: Magneton|0 fnt
|faint|p1a: Magneton
|
|t:|1728521766
|switch|p1a: Heracross|Heracross, M|31/100
|-damage|p1a: Heracross|18/100|[from] Spikes
|
|-weather|RainDance|[upkeep]
|-enditem|p1a: Heracross|Salac Berry|[eat]
|-boost|p1a: Heracross|spe|1|[from] item: Salac Berry
|upkeep
|turn|19
|
|t:|1728521781
|move|p1a: Heracross|Rock Slide|p2a: Camerupt
|-damage|p2a: Camerupt|56/100
|move|p2a: Camerupt|Earthquake|p1a: Heracross
|-resisted|p1a: Heracross
|-damage|p1a: Heracross|0 fnt
|faint|p1a: Heracross
|
|t:|1728521789
|switch|p1a: Metagross|Metagross|100/100
|-damage|p1a: Metagross|88/100|[from] Spikes
|
|-weather|RainDance|[upkeep]
|-heal|p1a: Metagross|94/100|[from] item: Leftovers
|-heal|p2a: Camerupt|62/100|[from] item: Leftovers
|upkeep
|turn|20
|
|t:|1728521796
|switch|p2a: Gengar|Gengar, F|100/100
|move|p1a: Metagross|Agility|p1a: Metagross
|-boost|p1a: Metagross|spe|2
|
|-weather|RainDance|[upkeep]
|-heal|p1a: Metagross|99/100|[from] item: Leftovers
|upkeep
|turn|21
|
|t:|1728521804
|switch|p1a: Tyranitar|Tyranitar, F|100/100
|-damage|p1a: Tyranitar|88/100|[from] Spikes
|-weather|Sandstorm|[from] ability: Sand Stream|[of] p1a: Tyranitar
|move|p2a: Gengar|Perish Song|p2a: Gengar
|-start|p1a: Tyranitar|perish3|[silent]
|-start|p2a: Gengar|perish3|[silent]
|-fieldactivate|move: Perish Song
|
|-weather|Sandstorm|[upkeep]
|-damage|p2a: Gengar|94/100|[from] Sandstorm
|-heal|p2a: Gengar|100/100|[from] item: Leftovers
|-heal|p1a: Tyranitar|94/100|[from] item: Leftovers
|-start|p2a: Gengar|perish3
|-start|p1a: Tyranitar|perish3
|upkeep
|turn|22
|
|t:|1728521817
|move|p2a: Gengar|Destiny Bond|p2a: Gengar
|-singlemove|p2a: Gengar|Destiny Bond
|move|p1a: Tyranitar|Crunch|p2a: Gengar
|-supereffective|p2a: Gengar
|-damage|p2a: Gengar|5/100
|-unboost|p2a: Gengar|spd|1
|
|-weather|Sandstorm|[upkeep]
|-damage|p2a: Gengar|0 fnt|[from] Sandstorm
|faint|p2a: Gengar
|-heal|p1a: Tyranitar|100/100|[from] item: Leftovers
|-start|p1a: Tyranitar|perish2
|upkeep
|
|t:|1728521826
|switch|p2a: Porygon2|Porygon2|100/100
|-ability|p2a: Porygon2|Sand Stream|[from] ability: Trace|[of] p1a: Tyranitar
|turn|23
|
|t:|1728521834
|switch|p1a: Metagross|Metagross|99/100
|-damage|p1a: Metagross|88/100|[from] Spikes
|move|p2a: Porygon2|Thunder Wave|p1a: Metagross
|-status|p1a: Metagross|par
|
|-weather|Sandstorm|[upkeep]
|-damage|p2a: Porygon2|94/100|[from] Sandstorm
|-heal|p2a: Porygon2|100/100|[from] item: Leftovers
|-heal|p1a: Metagross|94/100 par|[from] item: Leftovers
|upkeep
|turn|24
|
|t:|1728521845
|move|p2a: Porygon2|Thunderbolt|p1a: Metagross
|-damage|p1a: Metagross|64/100 par
|cant|p1a: Metagross|par
|
|-weather|Sandstorm|[upkeep]
|-damage|p2a: Porygon2|94/100|[from] Sandstorm
|-heal|p2a: Porygon2|100/100|[from] item: Leftovers
|-heal|p1a: Metagross|70/100 par|[from] item: Leftovers
|upkeep
|turn|25
|
|t:|1728521858
|move|p2a: Porygon2|Thunderbolt|p1a: Metagross
|-damage|p1a: Metagross|44/100 par
|cant|p1a: Metagross|par
|
|-weather|Sandstorm|[upkeep]
|-damage|p2a: Porygon2|94/100|[from] Sandstorm
|-heal|p2a: Porygon2|100/100|[from] item: Leftovers
|-heal|p1a: Metagross|50/100 par|[from] item: Leftovers
|upkeep
|turn|26
|
|t:|1728521866
|move|p2a: Porygon2|Thunderbolt|p1a: Metagross
|-damage|p1a: Metagross|23/100 par
|cant|p1a: Metagross|par
|
|-weather|Sandstorm|[upkeep]
|-damage|p2a: Porygon2|94/100|[from] Sandstorm
|-heal|p2a: Porygon2|100/100|[from] item: Leftovers
|-heal|p1a: Metagross|29/100 par|[from] item: Leftovers
|upkeep
|turn|27
|c|☆Promeathean0056|wow
|c|☆Promeathean0056|the odds i must know lol
|c|☆No8ull|sorry
|
|t:|1728521882
|move|p2a: Porygon2|Thunderbolt|p1a: Metagross
|-damage|p1a: Metagross|0 fnt
|faint|p1a: Metagross
|
|t:|1728521886
|switch|p1a: Tyranitar|Tyranitar, F|100/100
|-damage|p1a: Tyranitar|88/100|[from] Spikes
|
|-weather|Sandstorm|[upkeep]
|-damage|p2a: Porygon2|94/100|[from] Sandstorm
|-heal|p2a: Porygon2|100/100|[from] item: Leftovers
|-heal|p1a: Tyranitar|94/100|[from] item: Leftovers
|upkeep
|turn|28
|
|t:|1728521894
|move|p2a: Porygon2|Thunder Wave|p1a: Tyranitar
|-status|p1a: Tyranitar|par
|cant|p1a: Tyranitar|par
|
|-weather|Sandstorm|[upkeep]
|-damage|p2a: Porygon2|94/100|[from] Sandstorm
|-heal|p2a: Porygon2|100/100|[from] item: Leftovers
|-heal|p1a: Tyranitar|100/100 par|[from] item: Leftovers
|upkeep
|turn|29
|c|☆No8ull|wow
|c|☆No8ull|im so sorry
|
|t:|1728521909
|move|p2a: Porygon2|Thunderbolt|p1a: Tyranitar
|-damage|p1a: Tyranitar|82/100 par
|cant|p1a: Tyranitar|par
|
|-weather|Sandstorm|[upkeep]
|-damage|p2a: Porygon2|94/100|[from] Sandstorm
|-heal|p2a: Porygon2|100/100|[from] item: Leftovers
|-heal|p1a: Tyranitar|88/100 par|[from] item: Leftovers
|upkeep
|turn|30
|c|☆Promeathean0056|OMG?
|
|t:|1728521917
|move|p2a: Porygon2|Thunderbolt|p1a: Tyranitar
|-damage|p1a: Tyranitar|69/100 par
|move|p1a: Tyranitar|Brick Break|p2a: Porygon2
|-supereffective|p2a: Porygon2
|-damage|p2a: Porygon2|65/100
|
|-weather|Sandstorm|[upkeep]
|-damage|p2a: Porygon2|59/100|[from] Sandstorm
|-heal|p2a: Porygon2|65/100|[from] item: Leftovers
|-heal|p1a: Tyranitar|75/100 par|[from] item: Leftovers
|upkeep
|turn|31
|
|t:|1728521931
|move|p2a: Porygon2|Thunderbolt|p1a: Tyranitar
|-damage|p1a: Tyranitar|56/100 par
|move|p1a: Tyranitar|Brick Break|p2a: Porygon2
|-supereffective|p2a: Porygon2
|-damage|p2a: Porygon2|32/100
|
|-weather|Sandstorm|[upkeep]
|-damage|p2a: Porygon2|25/100|[from] Sandstorm
|-heal|p2a: Porygon2|32/100|[from] item: Leftovers
|-heal|p1a: Tyranitar|62/100 par|[from] item: Leftovers
|upkeep
|turn|32
|
|t:|1728521941
|move|p2a: Porygon2|Recover|p2a: Porygon2
|-heal|p2a: Porygon2|82/100
|move|p1a: Tyranitar|Brick Break|p2a: Porygon2
|-supereffective|p2a: Porygon2
|-damage|p2a: Porygon2|50/100
|
|-weather|Sandstorm|[upkeep]
|-damage|p2a: Porygon2|44/100|[from] Sandstorm
|-heal|p2a: Porygon2|50/100|[from] item: Leftovers
|-heal|p1a: Tyranitar|68/100 par|[from] item: Leftovers
|upkeep
|turn|33
|
|t:|1728521950
|move|p2a: Porygon2|Recover|p2a: Porygon2
|-heal|p2a: Porygon2|100/100
|move|p1a: Tyranitar|Brick Break|p2a: Porygon2
|-supereffective|p2a: Porygon2
|-damage|p2a: Porygon2|68/100
|
|-weather|Sandstorm|[upkeep]
|-damage|p2a: Porygon2|62/100|[from] Sandstorm
|-heal|p2a: Porygon2|68/100|[from] item: Leftovers
|-heal|p1a: Tyranitar|75/100 par|[from] item: Leftovers
|upkeep
|turn|34
|
|t:|1728521961
|move|p2a: Porygon2|Thunderbolt|p1a: Tyranitar
|-damage|p1a: Tyranitar|55/100 par
|move|p1a: Tyranitar|Ice Beam|p2a: Porygon2
|-damage|p2a: Porygon2|43/100
|
|-weather|Sandstorm|[upkeep]
|-damage|p2a: Porygon2|37/100|[from] Sandstorm
|-heal|p2a: Porygon2|43/100|[from] item: Leftovers
|-heal|p1a: Tyranitar|61/100 par|[from] item: Leftovers
|upkeep
|turn|35
|
|t:|1728521970
|move|p2a: Porygon2|Recover|p2a: Porygon2
|-heal|p2a: Porygon2|93/100
|move|p1a: Tyranitar|Ice Beam|p2a: Porygon2
|-damage|p2a: Porygon2|65/100
|
|-weather|Sandstorm|[upkeep]
|-damage|p2a: Porygon2|59/100|[from] Sandstorm
|-heal|p2a: Porygon2|65/100|[from] item: Leftovers
|-heal|p1a: Tyranitar|68/100 par|[from] item: Leftovers
|upkeep
|turn|36
|
|t:|1728521978
|move|p2a: Porygon2|Thunderbolt|p1a: Tyranitar
|-damage|p1a: Tyranitar|48/100 par
|move|p1a: Tyranitar|Ice Beam|p2a: Porygon2
|-damage|p2a: Porygon2|39/100
|
|-weather|Sandstorm|[upkeep]
|-damage|p2a: Porygon2|33/100|[from] Sandstorm
|-heal|p2a: Porygon2|39/100|[from] item: Leftovers
|-heal|p1a: Tyranitar|54/100 par|[from] item: Leftovers
|upkeep
|turn|37
|
|t:|1728521987
|move|p2a: Porygon2|Recover|p2a: Porygon2
|-heal|p2a: Porygon2|89/100
|move|p1a: Tyranitar|Ice Beam|p2a: Porygon2
|-damage|p2a: Porygon2|63/100
|
|-weather|Sandstorm|[upkeep]
|-damage|p2a: Porygon2|57/100|[from] Sandstorm
|-heal|p2a: Porygon2|63/100|[from] item: Leftovers
|-heal|p1a: Tyranitar|60/100 par|[from] item: Leftovers
|upkeep
|turn|38
|
|t:|1728521996
|move|p2a: Porygon2|Thunderbolt|p1a: Tyranitar
|-damage|p1a: Tyranitar|39/100 par
|move|p1a: Tyranitar|Ice Beam|p2a: Porygon2
|-damage|p2a: Porygon2|36/100
|
|-weather|Sandstorm|[upkeep]
|-damage|p2a: Porygon2|30/100|[from] Sandstorm
|-heal|p2a: Porygon2|36/100|[from] item: Leftovers
|-heal|p1a: Tyranitar|45/100 par|[from] item: Leftovers
|upkeep
|turn|39
|
|t:|1728522005
|move|p2a: Porygon2|Recover|p2a: Porygon2
|-heal|p2a: Porygon2|86/100
|cant|p1a: Tyranitar|par
|
|-weather|Sandstorm|[upkeep]
|-damage|p2a: Porygon2|80/100|[from] Sandstorm
|-heal|p2a: Porygon2|86/100|[from] item: Leftovers
|-heal|p1a: Tyranitar|51/100 par|[from] item: Leftovers
|upkeep
|turn|40
|
|t:|1728522013
|move|p2a: Porygon2|Thunderbolt|p1a: Tyranitar
|-damage|p1a: Tyranitar|33/100 par
|move|p1a: Tyranitar|Ice Beam|p2a: Porygon2
|-damage|p2a: Porygon2|61/100
|
|-weather|Sandstorm|[upkeep]
|-damage|p2a: Porygon2|55/100|[from] Sandstorm
|-heal|p2a: Porygon2|61/100|[from] item: Leftovers
|-heal|p1a: Tyranitar|39/100 par|[from] item: Leftovers
|upkeep
|turn|41
|
|t:|1728522022
|move|p2a: Porygon2|Thunderbolt|p1a: Tyranitar
|-damage|p1a: Tyranitar|20/100 par
|move|p1a: Tyranitar|Ice Beam|p2a: Porygon2
|-damage|p2a: Porygon2|34/100
|
|-weather|Sandstorm|[upkeep]
|-damage|p2a: Porygon2|28/100|[from] Sandstorm
|-heal|p2a: Porygon2|34/100|[from] item: Leftovers
|-heal|p1a: Tyranitar|26/100 par|[from] item: Leftovers
|upkeep
|turn|42
|
|t:|1728522031
|move|p2a: Porygon2|Recover|p2a: Porygon2
|-heal|p2a: Porygon2|84/100
|move|p1a: Tyranitar|Ice Beam|p2a: Porygon2
|-damage|p2a: Porygon2|57/100
|
|-weather|Sandstorm|[upkeep]
|-damage|p2a: Porygon2|50/100|[from] Sandstorm
|-heal|p2a: Porygon2|57/100|[from] item: Leftovers
|-heal|p1a: Tyranitar|32/100 par|[from] item: Leftovers
|upkeep
|turn|43
|
|t:|1728522041
|switch|p2a: Camerupt|Camerupt, M|62/100
|move|p1a: Tyranitar|Ice Beam|p2a: Camerupt
|-damage|p2a: Camerupt|29/100
|
|-weather|Sandstorm|[upkeep]
|-heal|p2a: Camerupt|35/100|[from] item: Leftovers
|-heal|p1a: Tyranitar|38/100 par|[from] item: Leftovers
|upkeep
|turn|44
|
|t:|1728522051
|move|p2a: Camerupt|Earthquake|p1a: Tyranitar
|-supereffective|p1a: Tyranitar
|-damage|p1a: Tyranitar|0 fnt
|faint|p1a: Tyranitar
|
|win|No8ull
|c|☆Promeathean0056|gg
|c|☆No8ull|gg

</script>
<script type="application/json" class="data" id="replaydata-smogtours-gen3ou-796834">
{"id":"smogtours-gen3ou-796834","format":"[Gen 3] OU","players":["Promeathean0056","No8ull"],"uploadtime":1728522051,"views":107,"formatid":"gen3ou","rating":null,"private":0,"password":null}
</script>

<script defer src="js/replays.js?9d40a366"></script>
