<!DOCTYPE html>
<meta charset="utf-8" />
<meta name="viewport" content="width=device-width" />

<title>[Gen 3] OU: OfTheLethani vs. catmode - Replays - Pok&eacute;mon Showdown!</title>

<meta name="description" content="Watch a replay of a Pok&eacute;mon battle between OfTheLethani and catmode! Format: [Gen 3] OU; Date: Oct 14, 2024" />
<!--

Hey, you! Looking in the source for the replay log?

You can find them in JSON format, just add `.json` at the end of a replay URL.

https://replay.pokemonshowdown.com/gen7randomdoublesbattle-865046831.json

Or, if you only need the log itself, add `.log` instead:

https://replay.pokemonshowdown.com/gen7randomdoublesbattle-865046831.log

-->

<link rel="stylesheet" href="//pokemonshowdown.com/style/global.css?0.023195364461161105" />
<link rel="stylesheet" href="//play.pokemonshowdown.com/style/font-awesome.css?0.13261647063804238" />
<link rel="stylesheet" href="//play.pokemonshowdown.com/style/battle.css?0.8753245789963631" />
<link rel="stylesheet" href="//play.pokemonshowdown.com/style/utilichart.css?0.8627959624976733" />

<!-- Global site tag (gtag.js) - Google Analytics -->
<script async src="https://www.googletagmanager.com/gtag/js?id=UA-26211653-1"></script>
<script>
  window.dataLayer = window.dataLayer || [];
  function gtag(){dataLayer.push(arguments);}
  gtag('js', new Date());

  gtag('config', 'UA-26211653-1');
</script>
<!-- End Google Analytics -->
<!-- Venatus Ad Manager - Install in <HEAD> of page -->
	<script src="https://hb.vntsm.com/v3/live/ad-manager.min.js" type="text/javascript" data-site-id="642aba63ec9a7b11c3c9c1be" data-mode="scan" async></script>
<!-- / Venatus Ad Manager -->

<style>
	@media (max-width:820px) {
		.battle {
			margin: 0 auto;
		}
		.battle-log {
			margin: 7px auto 0;
			max-width: 640px;
			height: 300px;
			position: static;
		}
	}
	.optgroup {
		display: inline-block;
		line-height: 22px;
		font-size: 10pt;
	}
	.optgroup .button {
		height: 25px;
		padding-top: 0;
		padding-bottom: 0;
	}
	.optgroup button.button {
		padding-left: 12px;
		padding-right: 12px;
	}
	.linklist {
		list-style: none;
		margin: 0.5em 0;
		padding: 0;
	}
	.linklist li {
		padding: 2px 0;
	}
	.sidebar {
		float: left;
		width: 320px;
	}
	.bar-wrapper {
		max-width: 1100px;
		margin: 0 auto;
	}
	.bar-wrapper.has-sidebar {
		max-width: 1430px;
	}
	.mainbar {
		margin: 0;
		padding-right: 1px;
	}
	.mainbar.has-sidebar {
		margin-left: 330px;
	}
	@media (min-width: 1511px) {
		.sidebar {
			width: 400px;
		}
		.bar-wrapper.has-sidebar {
			max-width: 1510px;
		}
		.mainbar.has-sidebar {
			margin-left: 410px;
		}
	}
	.section.first-section {
		margin-top: 9px;
	}
	.blocklink small {
		white-space: normal;
	}
	.button {
		vertical-align: middle;
	}
	.replay-controls {
		padding-top: 10px;
	}
	.replay-controls h1 {
		font-size: 16pt;
		font-weight: normal;
		color: #CCC;
	}
	.pagelink {
		text-align: center;
	}
	.pagelink a {
		width: 150px;
	}
	.textbox, .button {
		font-size: 11pt;
		vertical-align: middle;
	}
	@media (max-width: 450px) {
		.button {
			font-size: 9pt;
		}
	}
</style>

<div>

	<header>
		<div class="nav-wrapper"><ul class="nav">
			<li><a class="button nav-first" href="//pokemonshowdown.com/"><img src="//pokemonshowdown.com/images/pokemonshowdownbeta.png" srcset="//pokemonshowdown.com/images/pokemonshowdownbeta.png 1x, //pokemonshowdown.com/images/pokemonshowdownbeta@2x.png 2x" alt="Pok&eacute;mon Showdown" width="146" height="44" /> Home</a></li>
			<li><a class="button" href="//pokemonshowdown.com/dex/">Pok&eacute;dex</a></li>
			<li><a class="button cur" href="/">Replays</a></li>
			<li><a class="button" href="//pokemonshowdown.com/ladder/">Ladder</a></li>
			<li><a class="button nav-last" href="//pokemonshowdown.com/forums/">Forum</a></li>
			<li><a class="button greenbutton nav-first nav-last" href="//play.pokemonshowdown.com/">Play</a></li>
		</ul></div>
	</header>

	<div class="main" id="main">

		<noscript><section class="section">You need to enable JavaScript to use this page; sorry!</section></noscript>

	</div>

</div>

<script defer nomodule src="//play.pokemonshowdown.com/js/lib/ps-polyfill.js"></script>
<script defer src="//play.pokemonshowdown.com/js/lib/preact.min.js"></script>

<script defer src="//play.pokemonshowdown.com/config/config.js?2bddbc15"></script>
<script defer src="//play.pokemonshowdown.com/js/lib/jquery-1.11.0.min.js"></script>
<script defer src="//play.pokemonshowdown.com/js/lib/html-sanitizer-minified.js"></script>
<script defer src="//play.pokemonshowdown.com/js/battle-sound.js"></script>
<script defer src="//play.pokemonshowdown.com/js/battledata.js?0.7209276989879541"></script>
<script defer src="//play.pokemonshowdown.com/data/pokedex-mini.js?0.6111056340867951"></script>
<script defer src="//play.pokemonshowdown.com/data/pokedex-mini-bw.js?0.3532142036491459"></script>
<script defer src="//play.pokemonshowdown.com/data/graphics.js?0.24223875632456182"></script>
<script defer src="//play.pokemonshowdown.com/data/pokedex.js?0.38839984266356864"></script>
<script defer src="//play.pokemonshowdown.com/data/moves.js?0.21866028504024015"></script>
<script defer src="//play.pokemonshowdown.com/data/abilities.js?0.2005157953846628"></script>
<script defer src="//play.pokemonshowdown.com/data/items.js?0.9894211263848525"></script>
<script defer src="//play.pokemonshowdown.com/data/teambuilder-tables.js?0.6008791140282215"></script>
<script defer src="//play.pokemonshowdown.com/js/battle-tooltips.js?0.7580118955022959"></script>
<script defer src="//play.pokemonshowdown.com/js/battle.js?0.6057722274234274"></script>

<script defer src="js/utils.js?e31f9a17"></script>
<script defer src="js/replays-battle.js?7008c182"></script>

<!-- don't scrape this data! just add .json or .log after the URL!
Full API docs: https://github.com/smogon/pokemon-showdown-client/blob/master/WEB-API.md -->
<script type="text/plain" class="log" id="replaylog-smogtours-gen3ou-798785">
|inactive|Battle timer is ON: inactive players will automatically lose when time's up.
|t:|1728941944
|gametype|singles
|player|p1|OfTheLethani|170|
|player|p2|catmode|miku-ground|
|teamsize|p1|6
|teamsize|p2|6
|gen|3
|tier|[Gen 3] OU
|rule|Sleep Clause Mod: Limit one foe put to sleep
|rule|Switch Priority Clause Mod: Faster Pokémon switch first
|rule|Species Clause: Limit one of each Pokémon
|rule|OHKO Clause: OHKO moves are banned
|rule|Evasion Items Clause: Evasion items are banned
|rule|Evasion Moves Clause: Evasion moves are banned
|rule|Endless Battle Clause: Forcing endless battles is banned
|rule|HP Percentage Mod: HP is shown in percentages
|rule|One Boost Passer Clause: Limit one Baton Passer that has a way to boost its stats
|rule|Freeze Clause Mod: Limit one foe frozen
|
|t:|1728941944
|start
|switch|p1a: Zapdos|Zapdos|100/100
|switch|p2a: Let’s Go Gambling!|Jirachi|100/100
|turn|1
|
|t:|1728941953
|move|p2a: Let’s Go Gambling!|Body Slam|p1a: Zapdos
|-damage|p1a: Zapdos|60/100
|move|p1a: Zapdos|Thunderbolt|p2a: Let’s Go Gambling!
|-damage|p2a: Let’s Go Gambling!|65/100
|
|-heal|p1a: Zapdos|67/100|[from] item: Leftovers
|upkeep
|turn|2
|
|t:|1728941969
|move|p2a: Let’s Go Gambling!|Body Slam|p1a: Zapdos
|-damage|p1a: Zapdos|25/100
|-status|p1a: Zapdos|par
|move|p1a: Zapdos|Rest|p1a: Zapdos
|-status|p1a: Zapdos|slp|[from] move: Rest
|-heal|p1a: Zapdos|100/100 slp|[silent]
|
|upkeep
|turn|3
|
|t:|1728941980
|switch|p1a: Airmure|Skarmory, F|100/100
|move|p2a: Let’s Go Gambling!|Body Slam|p1a: Airmure
|-resisted|p1a: Airmure
|-damage|p1a: Airmure|85/100
|-status|p1a: Airmure|par
|
|-heal|p1a: Airmure|91/100 par|[from] item: Leftovers
|upkeep
|turn|4
|
|t:|1728941995
|switch|p2a: Mr. Saturn|Magneton, shiny|100/100
|move|p1a: Airmure|Spikes|p2a: Mr. Saturn
|-sidestart|p2: catmode|Spikes
|
|-heal|p1a: Airmure|97/100 par|[from] item: Leftovers
|upkeep
|turn|5
|
|t:|1728942001
|move|p2a: Mr. Saturn|Thunderbolt|p1a: Airmure
|-supereffective|p1a: Airmure
|-damage|p1a: Airmure|0 fnt
|faint|p1a: Airmure
|
|t:|1728942009
|switch|p1a: Libégon|Flygon, F|100/100
|
|upkeep
|turn|6
|
|t:|1728942024
|switch|p2a: Magidragon|Gyarados, M, shiny|100/100
|-ability|p2a: Magidragon|Intimidate|boost
|-unboost|p1a: Libégon|atk|1
|move|p1a: Libégon|Earthquake|p2a: Magidragon
|-immune|p2a: Magidragon
|
|upkeep
|turn|7
|
|t:|1728942035
|switch|p2a: Benis|Celebi|100/100
|-damage|p2a: Benis|88/100|[from] Spikes
|switch|p1a: Zapdos|Zapdos|100/100 slp
|
|-heal|p2a: Benis|94/100|[from] item: Leftovers
|upkeep
|turn|8
|
|t:|1728942050
|cant|p1a: Zapdos|slp
|move|p1a: Zapdos|Sleep Talk|p1a: Zapdos
|move|p1a: Zapdos|Rest|p1a: Zapdos|[from]Sleep Talk
|move|p2a: Benis|Swords Dance|p2a: Benis
|-boost|p2a: Benis|atk|2
|
|-heal|p2a: Benis|100/100|[from] item: Leftovers
|upkeep
|turn|9
|
|t:|1728942058
|cant|p1a: Zapdos|slp
|move|p1a: Zapdos|Sleep Talk|p1a: Zapdos
|move|p1a: Zapdos|Thunderbolt|p2a: Benis|[from]Sleep Talk
|-resisted|p2a: Benis
|-damage|p2a: Benis|86/100
|move|p2a: Benis|Baton Pass|p2a: Benis
|
|t:|1728942070
|switch|p2a: Agent M.|Metagross, shiny|100/100|[from] Baton Pass
|-damage|p2a: Agent M.|88/100|[from] Spikes
|
|upkeep
|turn|10
|
|t:|1728942075
|move|p2a: Agent M.|Hidden Power|p1a: Zapdos
|-supereffective|p1a: Zapdos
|-crit|p1a: Zapdos
|-damage|p1a: Zapdos|0 fnt
|faint|p1a: Zapdos
|inactive|OfTheLethani has 270 seconds left.
|c|☆OfTheLethani|super effective hidden power is throwing me for a loop here haha
|inactive|OfTheLethani has 240 seconds left.
|c|☆catmode|i keep them guessing
|
|t:|1728942141
|switch|p1a: Ptéra|Aerodactyl, F|100/100
|
|upkeep
|turn|11
|
|t:|1728942145
|move|p1a: Ptéra|Earthquake|p2a: Agent M.
|-supereffective|p2a: Agent M.
|-crit|p2a: Agent M.
|-damage|p2a: Agent M.|0 fnt
|faint|p2a: Agent M.
|c|☆catmode|noooo
|c|☆catmode|it was hp rock agiligross
|inactive|catmode has 270 seconds left.
|
|t:|1728942177
|switch|p2a: Benis|Celebi|86/100
|-damage|p2a: Benis|74/100|[from] Spikes
|
|-heal|p2a: Benis|80/100|[from] item: Leftovers
|upkeep
|turn|12
|inactive|OfTheLethani has 240 seconds left.
|
|t:|1728942220
|switch|p1a: Libégon|Flygon, F|100/100
|move|p2a: Benis|Swords Dance|p2a: Benis
|-boost|p2a: Benis|atk|2
|
|-heal|p2a: Benis|86/100|[from] item: Leftovers
|upkeep
|turn|13
|inactive|catmode has 270 seconds left.
|
|t:|1728942236
|move|p2a: Benis|Baton Pass|p2a: Benis
|inactive|catmode has 270 seconds left.
|
|t:|1728942250
|switch|p2a: Let’s Go Gambling!|Jirachi|65/100|[from] Baton Pass
|-damage|p2a: Let’s Go Gambling!|53/100|[from] Spikes
|move|p1a: Libégon|Toxic|p2a: Let’s Go Gambling!
|-immune|p2a: Let’s Go Gambling!
|
|upkeep
|turn|14
|inactive|catmode has 270 seconds left.
|
|t:|1728942270
|move|p1a: Libégon|Protect|p1a: Libégon
|-singleturn|p1a: Libégon|Protect
|move|p2a: Let’s Go Gambling!|Body Slam|p1a: Libégon
|-activate|p1a: Libégon|Protect
|
|upkeep
|turn|15
|inactive|OfTheLethani has 210 seconds left.
|
|t:|1728942309
|move|p2a: Let’s Go Gambling!|Body Slam|p1a: Libégon
|-damage|p1a: Libégon|40/100
|move|p1a: Libégon|Earthquake|p2a: Let’s Go Gambling!
|-supereffective|p2a: Let’s Go Gambling!
|-damage|p2a: Let’s Go Gambling!|0 fnt
|faint|p2a: Let’s Go Gambling!
|inactive|catmode has 270 seconds left.
|
|t:|1728942328
|switch|p2a: Benis|Celebi|86/100
|-damage|p2a: Benis|74/100|[from] Spikes
|
|-heal|p1a: Libégon|47/100|[from] item: Leftovers
|-heal|p2a: Benis|80/100|[from] item: Leftovers
|upkeep
|turn|16
|
|t:|1728942341
|move|p2a: Benis|Leech Seed|p1a: Libégon
|-start|p1a: Libégon|move: Leech Seed
|move|p1a: Libégon|Toxic|p2a: Benis
|-status|p2a: Benis|tox
|
|-heal|p2a: Benis|86/100 tox|[from] item: Leftovers
|-heal|p1a: Libégon|53/100|[from] item: Leftovers
|-damage|p1a: Libégon|40/100|[from] Leech Seed|[of] p2a: Benis
|-heal|p2a: Benis|97/100 tox|[silent]
|-damage|p2a: Benis|91/100 tox|[from] psn
|upkeep
|turn|17
|
|t:|1728942351
|switch|p1a: Tyranocif|Tyranitar, M|100/100
|-weather|Sandstorm|[from] ability: Sand Stream|[of] p1a: Tyranocif
|move|p2a: Benis|Baton Pass|p2a: Benis
|inactive|catmode has 270 seconds left.
|
|t:|1728942379
|-curestatus|p2a: Benis|tox|[from] ability: Natural Cure
|switch|p2a: Magidragon|Gyarados, M, shiny|100/100|[from] Baton Pass
|-ability|p2a: Magidragon|Intimidate|boost
|-unboost|p1a: Tyranocif|atk|1
|
|-weather|Sandstorm|[upkeep]
|-damage|p2a: Magidragon|94/100|[from] Sandstorm
|-heal|p2a: Magidragon|100/100|[from] item: Leftovers
|upkeep
|turn|18
|inactive|OfTheLethani has 210 seconds left.
|
|t:|1728942394
|move|p2a: Magidragon|Thunder Wave|p1a: Tyranocif
|-status|p1a: Tyranocif|par
|move|p1a: Tyranocif|Crunch|p2a: Magidragon
|-damage|p2a: Magidragon|65/100
|
|-weather|Sandstorm|[upkeep]
|-damage|p2a: Magidragon|59/100|[from] Sandstorm
|-heal|p2a: Magidragon|65/100|[from] item: Leftovers
|upkeep
|turn|19
|inactive|OfTheLethani has 210 seconds left.
|inactive|catmode has 270 seconds left.
|
|t:|1728942406
|switch|p1a: Jirachi|Jirachi|100/100
|move|p2a: Magidragon|Earthquake|p1a: Jirachi
|-supereffective|p1a: Jirachi
|-damage|p1a: Jirachi|38/100
|
|-weather|Sandstorm|[upkeep]
|-damage|p2a: Magidragon|59/100|[from] Sandstorm
|-heal|p2a: Magidragon|65/100|[from] item: Leftovers
|-heal|p1a: Jirachi|44/100|[from] item: Leftovers
|upkeep
|turn|20
|inactive|OfTheLethani has 210 seconds left.
|
|t:|1728942415
|switch|p2a: Mr. Saturn|Magneton, shiny|100/100
|-damage|p2a: Mr. Saturn|88/100|[from] Spikes
|move|p1a: Jirachi|Protect||[still]
|-fail|p1a: Jirachi
|
|-weather|Sandstorm|[upkeep]
|-heal|p1a: Jirachi|50/100|[from] item: Leftovers
|upkeep
|turn|21
|inactive|OfTheLethani has 210 seconds left.
|
|t:|1728942425
|move|p1a: Jirachi|Fire Punch|p2a: Mr. Saturn
|-supereffective|p2a: Mr. Saturn
|-damage|p2a: Mr. Saturn|20/100
|move|p2a: Mr. Saturn|Substitute|p2a: Mr. Saturn
|-fail|p2a: Mr. Saturn|move: Substitute|[weak]
|
|-weather|Sandstorm|[upkeep]
|-heal|p1a: Jirachi|56/100|[from] item: Leftovers
|upkeep
|turn|22
|c|☆catmode|oops lol
|c|☆catmode|thought you would protect
|inactive|OfTheLethani has 210 seconds left.
|inactive|catmode has 270 seconds left.
|
|t:|1728942453
|switch|p2a: The Boss|Tyranitar, M, shiny|100/100
|-damage|p2a: The Boss|88/100|[from] Spikes
|move|p1a: Jirachi|Fire Punch|p2a: The Boss
|-resisted|p2a: The Boss
|-damage|p2a: The Boss|79/100
|-status|p2a: The Boss|brn
|-enditem|p2a: The Boss|Lum Berry|[eat]
|-curestatus|p2a: The Boss|brn|[msg]
|
|-weather|Sandstorm|[upkeep]
|-heal|p1a: Jirachi|62/100|[from] item: Leftovers
|upkeep
|turn|23
|inactive|catmode has 270 seconds left.
|inactive|OfTheLethani has 210 seconds left.
|
|t:|1728942472
|move|p1a: Jirachi|Toxic|p2a: The Boss
|-status|p2a: The Boss|tox
|move|p2a: The Boss|Earthquake|p1a: Jirachi
|-supereffective|p1a: Jirachi
|-damage|p1a: Jirachi|9/100
|
|-weather|Sandstorm|[upkeep]
|-heal|p1a: Jirachi|16/100|[from] item: Leftovers
|-damage|p2a: The Boss|73/100 tox|[from] psn
|upkeep
|turn|24
|
|t:|1728942482
|move|p1a: Jirachi|Wish|p1a: Jirachi
|move|p2a: The Boss|Dragon Dance|p2a: The Boss
|-boost|p2a: The Boss|atk|1
|-boost|p2a: The Boss|spe|1
|
|-weather|Sandstorm|[upkeep]
|-damage|p2a: The Boss|61/100 tox|[from] psn
|-heal|p1a: Jirachi|22/100|[from] item: Leftovers
|upkeep
|turn|25
|
|t:|1728942489
|move|p1a: Jirachi|Protect|p1a: Jirachi
|-singleturn|p1a: Jirachi|Protect
|move|p2a: The Boss|Dragon Dance|p2a: The Boss
|-boost|p2a: The Boss|atk|1
|-boost|p2a: The Boss|spe|1
|
|-heal|p1a: Jirachi|72/100|[from] move: Wish|[wisher] Jirachi
|-weather|Sandstorm|[upkeep]
|-damage|p2a: The Boss|42/100 tox|[from] psn
|-heal|p1a: Jirachi|78/100|[from] item: Leftovers
|upkeep
|turn|26
|inactive|catmode has 270 seconds left.
|inactive|OfTheLethani has 210 seconds left.
|
|t:|1728942520
|switch|p1a: Tyranocif|Tyranitar, M|100/100 par
|move|p2a: The Boss|Rock Slide|p1a: Tyranocif|[miss]
|-miss|p2a: The Boss|p1a: Tyranocif
|
|-weather|Sandstorm|[upkeep]
|-damage|p2a: The Boss|18/100 tox|[from] psn
|upkeep
|turn|27
|
|t:|1728942534
|switch|p1a: Libégon|Flygon, F|40/100
|move|p2a: The Boss|Rock Slide|p1a: Libégon
|-resisted|p1a: Libégon
|-damage|p1a: Libégon|9/100
|
|-weather|Sandstorm|[upkeep]
|-damage|p2a: The Boss|0 fnt|[from] psn
|faint|p2a: The Boss
|-heal|p1a: Libégon|15/100|[from] item: Leftovers
|upkeep
|
|t:|1728942543
|switch|p2a: Benis|Celebi|91/100
|-damage|p2a: Benis|79/100|[from] Spikes
|turn|28
|
|t:|1728942547
|move|p2a: Benis|Leech Seed|p1a: Libégon
|-start|p1a: Libégon|move: Leech Seed
|move|p1a: Libégon|Flamethrower|p2a: Benis
|-supereffective|p2a: Benis
|-damage|p2a: Benis|54/100
|
|-weather|Sandstorm|[upkeep]
|-damage|p2a: Benis|48/100|[from] Sandstorm
|-heal|p1a: Libégon|21/100|[from] item: Leftovers
|-heal|p2a: Benis|54/100|[from] item: Leftovers
|-damage|p1a: Libégon|9/100|[from] Leech Seed|[of] p2a: Benis
|-heal|p2a: Benis|65/100|[silent]
|upkeep
|turn|29
|
|t:|1728942563
|switch|p1a: Tyranocif|Tyranitar, M|100/100 par
|move|p2a: Benis|Swords Dance|p2a: Benis
|-boost|p2a: Benis|atk|2
|
|-weather|Sandstorm|[upkeep]
|-damage|p2a: Benis|59/100|[from] Sandstorm
|-heal|p2a: Benis|65/100|[from] item: Leftovers
|upkeep
|turn|30
|
|t:|1728942574
|move|p2a: Benis|Hidden Power|p1a: Tyranocif
|-supereffective|p1a: Tyranocif
|-damage|p1a: Tyranocif|0 fnt
|faint|p1a: Tyranocif
|c|☆catmode|hehe
|
|t:|1728942580
|switch|p1a: Ptéra|Aerodactyl, F|100/100
|
|-weather|Sandstorm|[upkeep]
|-damage|p2a: Benis|59/100|[from] Sandstorm
|-heal|p2a: Benis|65/100|[from] item: Leftovers
|upkeep
|turn|31
|
|t:|1728942596
|-activate|p2a: Benis|move: Pursuit
|move|p1a: Ptéra|Pursuit|p2a: Benis|[from]Pursuit
|-supereffective|p2a: Benis
|-damage|p2a: Benis|47/100
|switch|p2a: Mr. Saturn|Magneton, shiny|20/100
|-damage|p2a: Mr. Saturn|7/100|[from] Spikes
|
|-weather|Sandstorm|[upkeep]
|upkeep
|turn|32
|c|☆catmode|thats a new one
|
|t:|1728942605
|move|p1a: Ptéra|Pursuit|p2a: Mr. Saturn
|-resisted|p2a: Mr. Saturn
|-damage|p2a: Mr. Saturn|2/100
|move|p2a: Mr. Saturn|Toxic|p1a: Ptéra
|-status|p1a: Ptéra|tox
|
|-weather|Sandstorm|[upkeep]
|-damage|p1a: Ptéra|95/100 tox|[from] psn
|upkeep
|turn|33
|
|t:|1728942613
|move|p1a: Ptéra|Pursuit|p2a: Mr. Saturn
|-resisted|p2a: Mr. Saturn
|-damage|p2a: Mr. Saturn|0 fnt
|faint|p2a: Mr. Saturn
|
|t:|1728942620
|switch|p2a: Magidragon|Gyarados, M, shiny|65/100
|-ability|p2a: Magidragon|Intimidate|boost
|-unboost|p1a: Ptéra|atk|1
|
|-weather|Sandstorm|[upkeep]
|-damage|p2a: Magidragon|59/100|[from] Sandstorm
|-damage|p1a: Ptéra|83/100 tox|[from] psn
|-heal|p2a: Magidragon|65/100|[from] item: Leftovers
|upkeep
|turn|34
|inactive|OfTheLethani has 240 seconds left.
|
|t:|1728942628
|switch|p1a: Libégon|Flygon, F|9/100
|move|p2a: Magidragon|Dragon Dance|p2a: Magidragon
|-boost|p2a: Magidragon|atk|1
|-boost|p2a: Magidragon|spe|1
|
|-weather|Sandstorm|[upkeep]
|-damage|p2a: Magidragon|59/100|[from] Sandstorm
|-heal|p2a: Magidragon|65/100|[from] item: Leftovers
|-heal|p1a: Libégon|15/100|[from] item: Leftovers
|upkeep
|turn|35
|
|t:|1728942657
|move|p2a: Magidragon|Hidden Power|p1a: Libégon
|-damage|p1a: Libégon|0 fnt
|faint|p1a: Libégon
|c|☆OfTheLethani|There was a second dragon dance mon :O
|inactive|OfTheLethani has 240 seconds left.
|c|☆catmode|Mr. President, a second dragon dancer has hit the tower
|
|t:|1728942691
|switch|p1a: Ptéra|Aerodactyl, F|83/100 tox
|
|-weather|Sandstorm|[upkeep]
|-damage|p2a: Magidragon|59/100|[from] Sandstorm
|-damage|p1a: Ptéra|77/100 tox|[from] psn
|-heal|p2a: Magidragon|65/100|[from] item: Leftovers
|upkeep
|turn|36
|
|t:|1728942700
|move|p1a: Ptéra|Rock Slide|p2a: Magidragon
|-supereffective|p2a: Magidragon
|-damage|p2a: Magidragon|0 fnt
|faint|p2a: Magidragon
|
|t:|1728942702
|switch|p2a: Benis|Celebi|47/100
|-damage|p2a: Benis|34/100|[from] Spikes
|
|-weather|Sandstorm|[upkeep]
|-damage|p2a: Benis|28/100|[from] Sandstorm
|-damage|p1a: Ptéra|65/100 tox|[from] psn
|-heal|p2a: Benis|34/100|[from] item: Leftovers
|upkeep
|turn|37
|
|t:|1728942711
|move|p1a: Ptéra|Rock Slide|p2a: Benis
|-damage|p2a: Benis|1/100
|move|p2a: Benis|Leech Seed|p1a: Ptéra
|-start|p1a: Ptéra|move: Leech Seed
|
|-weather|Sandstorm|[upkeep]
|-damage|p2a: Benis|0 fnt|[from] Sandstorm
|faint|p2a: Benis
|
|win|OfTheLethani
|upkeep
|c|☆catmode|gg
|c|☆OfTheLethani|ggs

</script>
<script type="application/json" class="data" id="replaydata-smogtours-gen3ou-798785">
{"id":"smogtours-gen3ou-798785","format":"[Gen 3] OU","players":["OfTheLethani","catmode"],"uploadtime":1728942711,"views":100,"formatid":"gen3ou","rating":null,"private":0,"password":null}
</script>

<script defer src="js/replays.js?9d40a366"></script>
