<!DOCTYPE html>
<meta charset="utf-8" />
<meta name="viewport" content="width=device-width" />

<title>[Gen 3] OU: FaceOFF3141 vs. justifine - Replays - Pok&eacute;mon Showdown!</title>

<meta name="description" content="Watch a replay of a Pok&eacute;mon battle between FaceOFF3141 and justifine! Format: [Gen 3] OU; Date: Oct 10, 2024" />
<!--

Hey, you! Looking in the source for the replay log?

You can find them in JSON format, just add `.json` at the end of a replay URL.

https://replay.pokemonshowdown.com/gen7randomdoublesbattle-865046831.json

Or, if you only need the log itself, add `.log` instead:

https://replay.pokemonshowdown.com/gen7randomdoublesbattle-865046831.log

-->

<link rel="stylesheet" href="//pokemonshowdown.com/style/global.css?0.767286132409787" />
<link rel="stylesheet" href="//play.pokemonshowdown.com/style/font-awesome.css?0.9266228007934947" />
<link rel="stylesheet" href="//play.pokemonshowdown.com/style/battle.css?0.7924700842790926" />
<link rel="stylesheet" href="//play.pokemonshowdown.com/style/utilichart.css?0.8777417872839479" />

<!-- Global site tag (gtag.js) - Google Analytics -->
<script async src="https://www.googletagmanager.com/gtag/js?id=UA-26211653-1"></script>
<script>
  window.dataLayer = window.dataLayer || [];
  function gtag(){dataLayer.push(arguments);}
  gtag('js', new Date());

  gtag('config', 'UA-26211653-1');
</script>
<!-- End Google Analytics -->
<!-- Venatus Ad Manager - Install in <HEAD> of page -->
	<script src="https://hb.vntsm.com/v3/live/ad-manager.min.js" type="text/javascript" data-site-id="642aba63ec9a7b11c3c9c1be" data-mode="scan" async></script>
<!-- / Venatus Ad Manager -->

<style>
	@media (max-width:820px) {
		.battle {
			margin: 0 auto;
		}
		.battle-log {
			margin: 7px auto 0;
			max-width: 640px;
			height: 300px;
			position: static;
		}
	}
	.optgroup {
		display: inline-block;
		line-height: 22px;
		font-size: 10pt;
	}
	.optgroup .button {
		height: 25px;
		padding-top: 0;
		padding-bottom: 0;
	}
	.optgroup button.button {
		padding-left: 12px;
		padding-right: 12px;
	}
	.linklist {
		list-style: none;
		margin: 0.5em 0;
		padding: 0;
	}
	.linklist li {
		padding: 2px 0;
	}
	.sidebar {
		float: left;
		width: 320px;
	}
	.bar-wrapper {
		max-width: 1100px;
		margin: 0 auto;
	}
	.bar-wrapper.has-sidebar {
		max-width: 1430px;
	}
	.mainbar {
		margin: 0;
		padding-right: 1px;
	}
	.mainbar.has-sidebar {
		margin-left: 330px;
	}
	@media (min-width: 1511px) {
		.sidebar {
			width: 400px;
		}
		.bar-wrapper.has-sidebar {
			max-width: 1510px;
		}
		.mainbar.has-sidebar {
			margin-left: 410px;
		}
	}
	.section.first-section {
		margin-top: 9px;
	}
	.blocklink small {
		white-space: normal;
	}
	.button {
		vertical-align: middle;
	}
	.replay-controls {
		padding-top: 10px;
	}
	.replay-controls h1 {
		font-size: 16pt;
		font-weight: normal;
		color: #CCC;
	}
	.pagelink {
		text-align: center;
	}
	.pagelink a {
		width: 150px;
	}
	.textbox, .button {
		font-size: 11pt;
		vertical-align: middle;
	}
	@media (max-width: 450px) {
		.button {
			font-size: 9pt;
		}
	}
</style>

<div>

	<header>
		<div class="nav-wrapper"><ul class="nav">
			<li><a class="button nav-first" href="//pokemonshowdown.com/"><img src="//pokemonshowdown.com/images/pokemonshowdownbeta.png" srcset="//pokemonshowdown.com/images/pokemonshowdownbeta.png 1x, //pokemonshowdown.com/images/pokemonshowdownbeta@2x.png 2x" alt="Pok&eacute;mon Showdown" width="146" height="44" /> Home</a></li>
			<li><a class="button" href="//pokemonshowdown.com/dex/">Pok&eacute;dex</a></li>
			<li><a class="button cur" href="/">Replays</a></li>
			<li><a class="button" href="//pokemonshowdown.com/ladder/">Ladder</a></li>
			<li><a class="button nav-last" href="//pokemonshowdown.com/forums/">Forum</a></li>
			<li><a class="button greenbutton nav-first nav-last" href="//play.pokemonshowdown.com/">Play</a></li>
		</ul></div>
	</header>

	<div class="main" id="main">

		<noscript><section class="section">You need to enable JavaScript to use this page; sorry!</section></noscript>

	</div>

</div>

<script defer nomodule src="//play.pokemonshowdown.com/js/lib/ps-polyfill.js"></script>
<script defer src="//play.pokemonshowdown.com/js/lib/preact.min.js"></script>

<script defer src="//play.pokemonshowdown.com/config/config.js?6dec07f6"></script>
<script defer src="//play.pokemonshowdown.com/js/lib/jquery-1.11.0.min.js"></script>
<script defer src="//play.pokemonshowdown.com/js/lib/html-sanitizer-minified.js"></script>
<script defer src="//play.pokemonshowdown.com/js/battle-sound.js"></script>
<script defer src="//play.pokemonshowdown.com/js/battledata.js?0.6315294753075389"></script>
<script defer src="//play.pokemonshowdown.com/data/pokedex-mini.js?0.7603743185311358"></script>
<script defer src="//play.pokemonshowdown.com/data/pokedex-mini-bw.js?0.030888842834281283"></script>
<script defer src="//play.pokemonshowdown.com/data/graphics.js?0.05593094747507488"></script>
<script defer src="//play.pokemonshowdown.com/data/pokedex.js?0.47064822249611904"></script>
<script defer src="//play.pokemonshowdown.com/data/moves.js?0.8583693120512459"></script>
<script defer src="//play.pokemonshowdown.com/data/abilities.js?0.16017181182386842"></script>
<script defer src="//play.pokemonshowdown.com/data/items.js?0.4163379185673943"></script>
<script defer src="//play.pokemonshowdown.com/data/teambuilder-tables.js?0.31075597372830477"></script>
<script defer src="//play.pokemonshowdown.com/js/battle-tooltips.js?0.6536193500708172"></script>
<script defer src="//play.pokemonshowdown.com/js/battle.js?0.1916591943277901"></script>

<script defer src="js/utils.js?e31f9a17"></script>
<script defer src="js/replays-battle.js?7008c182"></script>

<!-- don't scrape this data! just add .json or .log after the URL!
Full API docs: https://github.com/smogon/pokemon-showdown-client/blob/master/WEB-API.md -->
<script type="text/plain" class="log" id="replaylog-smogtours-gen3ou-797008">
|inactive|Battle timer is ON: inactive players will automatically lose when time's up.
|t:|1728592893
|gametype|singles
|player|p1|FaceOFF3141|169|
|player|p2|justifine|pokemonbreederf-gen4|
|teamsize|p1|6
|teamsize|p2|6
|gen|3
|tier|[Gen 3] OU
|rule|Sleep Clause Mod: Limit one foe put to sleep
|rule|Switch Priority Clause Mod: Faster Pokémon switch first
|rule|Species Clause: Limit one of each Pokémon
|rule|OHKO Clause: OHKO moves are banned
|rule|Evasion Items Clause: Evasion items are banned
|rule|Evasion Moves Clause: Evasion moves are banned
|rule|Endless Battle Clause: Forcing endless battles is banned
|rule|HP Percentage Mod: HP is shown in percentages
|rule|One Boost Passer Clause: Limit one Baton Passer that has a way to boost its stats
|rule|Freeze Clause Mod: Limit one foe frozen
|
|t:|1728592893
|start
|switch|p1a: Tyranitar|Tyranitar, M|100/100
|switch|p2a: Tyranitar|Tyranitar, M|100/100
|-weather|Sandstorm|[from] ability: Sand Stream|[of] p2a: Tyranitar
|turn|1
|
|t:|1728592918
|move|p2a: Tyranitar|Brick Break|p1a: Tyranitar
|-supereffective|p1a: Tyranitar
|-damage|p1a: Tyranitar|0 fnt
|faint|p1a: Tyranitar
|
|t:|1728592927
|switch|p1a: Salamence|Salamence, M|100/100
|-ability|p1a: Salamence|Intimidate|boost
|-unboost|p2a: Tyranitar|atk|1
|
|-weather|Sandstorm|[upkeep]
|-damage|p1a: Salamence|94/100|[from] Sandstorm
|-heal|p1a: Salamence|100/100|[from] item: Leftovers
|upkeep
|turn|2
|
|t:|1728592933
|switch|p2a: Skarmory|Skarmory, M|100/100
|move|p1a: Salamence|Fire Blast|p2a: Skarmory
|-supereffective|p2a: Skarmory
|-damage|p2a: Skarmory|32/100
|
|-weather|Sandstorm|[upkeep]
|-damage|p1a: Salamence|94/100|[from] Sandstorm
|-heal|p1a: Salamence|100/100|[from] item: Leftovers
|-heal|p2a: Skarmory|38/100|[from] item: Leftovers
|upkeep
|turn|3
|
|t:|1728592936
|move|p2a: Skarmory|Protect|p2a: Skarmory
|-singleturn|p2a: Skarmory|Protect
|move|p1a: Salamence|Dragon Claw|p2a: Skarmory
|-activate|p2a: Skarmory|Protect
|
|-weather|Sandstorm|[upkeep]
|-damage|p1a: Salamence|94/100|[from] Sandstorm
|-heal|p1a: Salamence|100/100|[from] item: Leftovers
|-heal|p2a: Skarmory|44/100|[from] item: Leftovers
|upkeep
|turn|4
|
|t:|1728592958
|switch|p2a: Tyranitar|Tyranitar, M|100/100
|move|p1a: Salamence|Dragon Claw|p2a: Tyranitar
|-damage|p2a: Tyranitar|66/100
|
|-weather|Sandstorm|[upkeep]
|-damage|p1a: Salamence|94/100|[from] Sandstorm
|-heal|p1a: Salamence|100/100|[from] item: Leftovers
|upkeep
|turn|5
|
|t:|1728592963
|move|p1a: Salamence|Brick Break|p2a: Tyranitar
|-supereffective|p2a: Tyranitar
|-damage|p2a: Tyranitar|0 fnt
|faint|p2a: Tyranitar
|
|t:|1728592969
|switch|p2a: Gengar|Gengar, M|100/100
|
|-weather|Sandstorm|[upkeep]
|-damage|p2a: Gengar|94/100|[from] Sandstorm
|-damage|p1a: Salamence|94/100|[from] Sandstorm
|-heal|p2a: Gengar|100/100|[from] item: Leftovers
|-heal|p1a: Salamence|100/100|[from] item: Leftovers
|upkeep
|turn|6
|
|t:|1728592973
|switch|p1a: Jirachi|Jirachi|100/100
|move|p2a: Gengar|Ice Punch|p1a: Jirachi
|-resisted|p1a: Jirachi
|-damage|p1a: Jirachi|92/100
|
|-weather|Sandstorm|[upkeep]
|-damage|p2a: Gengar|94/100|[from] Sandstorm
|-heal|p2a: Gengar|100/100|[from] item: Leftovers
|-heal|p1a: Jirachi|98/100|[from] item: Leftovers
|upkeep
|turn|7
|
|t:|1728592978
|move|p2a: Gengar|Hypnosis|p1a: Jirachi
|-status|p1a: Jirachi|slp|[from] move: Hypnosis
|cant|p1a: Jirachi|slp
|
|-weather|Sandstorm|[upkeep]
|-damage|p2a: Gengar|94/100|[from] Sandstorm
|-heal|p2a: Gengar|100/100|[from] item: Leftovers
|-heal|p1a: Jirachi|100/100 slp|[from] item: Leftovers
|upkeep
|turn|8
|
|t:|1728592987
|switch|p2a: Skarmory|Skarmory, M|44/100
|switch|p1a: Zapdos|Zapdos|100/100
|
|-weather|Sandstorm|[upkeep]
|-damage|p1a: Zapdos|94/100|[from] Sandstorm
|-heal|p1a: Zapdos|100/100|[from] item: Leftovers
|-heal|p2a: Skarmory|50/100|[from] item: Leftovers
|upkeep
|turn|9
|
|t:|1728592991
|move|p2a: Skarmory|Protect|p2a: Skarmory
|-singleturn|p2a: Skarmory|Protect
|move|p1a: Zapdos|Thunderbolt|p2a: Skarmory
|-activate|p2a: Skarmory|Protect
|
|-weather|Sandstorm|[upkeep]
|-damage|p1a: Zapdos|94/100|[from] Sandstorm
|-heal|p1a: Zapdos|100/100|[from] item: Leftovers
|-heal|p2a: Skarmory|56/100|[from] item: Leftovers
|upkeep
|turn|10
|
|t:|1728592996
|switch|p2a: Celebi|Celebi|100/100
|move|p1a: Zapdos|Thunderbolt|p2a: Celebi
|-resisted|p2a: Celebi
|-damage|p2a: Celebi|87/100
|
|-weather|Sandstorm|[upkeep]
|-damage|p2a: Celebi|81/100|[from] Sandstorm
|-damage|p1a: Zapdos|94/100|[from] Sandstorm
|-heal|p2a: Celebi|87/100|[from] item: Leftovers
|-heal|p1a: Zapdos|100/100|[from] item: Leftovers
|upkeep
|turn|11
|
|t:|1728593000
|move|p2a: Celebi|Leech Seed|p1a: Zapdos
|-start|p1a: Zapdos|move: Leech Seed
|move|p1a: Zapdos|Thunder Wave|p2a: Celebi
|-status|p2a: Celebi|par
|
|-weather|Sandstorm|[upkeep]
|-damage|p1a: Zapdos|94/100|[from] Sandstorm
|-damage|p2a: Celebi|81/100 par|[from] Sandstorm
|-heal|p1a: Zapdos|100/100|[from] item: Leftovers
|-damage|p1a: Zapdos|88/100|[from] Leech Seed|[of] p2a: Celebi
|-heal|p2a: Celebi|93/100 par|[silent]
|-heal|p2a: Celebi|99/100 par|[from] item: Leftovers
|upkeep
|turn|12
|
|t:|1728593012
|switch|p1a: Salamence|Salamence, M|100/100
|-ability|p1a: Salamence|Intimidate|boost
|-unboost|p2a: Celebi|atk|1
|-curestatus|p2a: Celebi|par|[from] ability: Natural Cure
|switch|p2a: Swampert|Swampert, M|100/100
|
|-weather|Sandstorm|[upkeep]
|-damage|p1a: Salamence|94/100|[from] Sandstorm
|-heal|p1a: Salamence|100/100|[from] item: Leftovers
|upkeep
|turn|13
|
|t:|1728593023
|switch|p1a: Swampert|Swampert, M|100/100
|move|p2a: Swampert|Protect||[still]
|-fail|p2a: Swampert
|
|-weather|Sandstorm|[upkeep]
|upkeep
|turn|14
|
|t:|1728593029
|switch|p2a: Celebi|Celebi|99/100
|move|p1a: Swampert|Ice Beam|p2a: Celebi
|-supereffective|p2a: Celebi
|-damage|p2a: Celebi|68/100
|
|-weather|Sandstorm|[upkeep]
|-damage|p2a: Celebi|61/100|[from] Sandstorm
|-heal|p2a: Celebi|68/100|[from] item: Leftovers
|upkeep
|turn|15
|
|t:|1728593035
|switch|p1a: Salamence|Salamence, M|100/100
|-ability|p1a: Salamence|Intimidate|boost
|-unboost|p2a: Celebi|atk|1
|move|p2a: Celebi|Leech Seed|p1a: Salamence
|-start|p1a: Salamence|move: Leech Seed
|
|-weather|Sandstorm|[upkeep]
|-damage|p1a: Salamence|94/100|[from] Sandstorm
|-damage|p2a: Celebi|61/100|[from] Sandstorm
|-heal|p1a: Salamence|100/100|[from] item: Leftovers
|-damage|p1a: Salamence|88/100|[from] Leech Seed|[of] p2a: Celebi
|-heal|p2a: Celebi|72/100|[silent]
|-heal|p2a: Celebi|78/100|[from] item: Leftovers
|upkeep
|turn|16
|
|t:|1728593041
|switch|p2a: Moltres|Moltres|100/100
|move|p1a: Salamence|Fire Blast|p2a: Moltres
|-resisted|p2a: Moltres
|-damage|p2a: Moltres|80/100
|
|-weather|Sandstorm|[upkeep]
|-damage|p1a: Salamence|82/100|[from] Sandstorm
|-damage|p2a: Moltres|74/100|[from] Sandstorm
|-heal|p1a: Salamence|88/100|[from] item: Leftovers
|-damage|p1a: Salamence|76/100|[from] Leech Seed|[of] p2a: Moltres
|-heal|p2a: Moltres|86/100|[silent]
|-heal|p2a: Moltres|93/100|[from] item: Leftovers
|upkeep
|turn|17
|
|t:|1728593054
|switch|p1a: Zapdos|Zapdos|88/100
|move|p2a: Moltres|Will-O-Wisp|p1a: Zapdos
|-status|p1a: Zapdos|brn
|
|-weather|Sandstorm|[upkeep]
|-damage|p2a: Moltres|86/100|[from] Sandstorm
|-damage|p1a: Zapdos|82/100 brn|[from] Sandstorm
|-heal|p2a: Moltres|93/100|[from] item: Leftovers
|-heal|p1a: Zapdos|88/100 brn|[from] item: Leftovers
|-damage|p1a: Zapdos|76/100 brn|[from] brn
|upkeep
|turn|18
|
|t:|1728593059
|switch|p2a: Celebi|Celebi|78/100
|move|p1a: Zapdos|Baton Pass|p1a: Zapdos
|
|t:|1728593062
|switch|p1a: Salamence|Salamence, M|76/100|[from] Baton Pass
|-ability|p1a: Salamence|Intimidate|boost
|-unboost|p2a: Celebi|atk|1
|
|-weather|Sandstorm|[upkeep]
|-damage|p1a: Salamence|70/100|[from] Sandstorm
|-damage|p2a: Celebi|72/100|[from] Sandstorm
|-heal|p1a: Salamence|76/100|[from] item: Leftovers
|-heal|p2a: Celebi|78/100|[from] item: Leftovers
|upkeep
|turn|19
|
|t:|1728593072
|switch|p2a: Moltres|Moltres|93/100
|move|p1a: Salamence|Dragon Claw|p2a: Moltres
|-damage|p2a: Moltres|51/100
|
|-weather|Sandstorm|[upkeep]
|-damage|p1a: Salamence|70/100|[from] Sandstorm
|-damage|p2a: Moltres|45/100|[from] Sandstorm
|-heal|p1a: Salamence|76/100|[from] item: Leftovers
|-heal|p2a: Moltres|51/100|[from] item: Leftovers
|upkeep
|turn|20
|
|t:|1728593079
|switch|p1a: Swampert|Swampert, M|100/100
|move|p2a: Moltres|Flamethrower|p1a: Swampert
|-resisted|p1a: Swampert
|-damage|p1a: Swampert|76/100
|
|-weather|Sandstorm|[upkeep]
|-damage|p2a: Moltres|45/100|[from] Sandstorm
|-heal|p2a: Moltres|51/100|[from] item: Leftovers
|-heal|p1a: Swampert|82/100|[from] item: Leftovers
|upkeep
|turn|21
|
|t:|1728593082
|switch|p1a: Zapdos|Zapdos|76/100 brn
|move|p2a: Moltres|Hidden Power|p1a: Zapdos
|-resisted|p1a: Zapdos
|-damage|p1a: Zapdos|67/100 brn
|
|-weather|Sandstorm|[upkeep]
|-damage|p2a: Moltres|45/100|[from] Sandstorm
|-damage|p1a: Zapdos|61/100 brn|[from] Sandstorm
|-heal|p2a: Moltres|51/100|[from] item: Leftovers
|-heal|p1a: Zapdos|67/100 brn|[from] item: Leftovers
|-damage|p1a: Zapdos|55/100 brn|[from] brn
|upkeep
|turn|22
|
|t:|1728593089
|switch|p2a: Celebi|Celebi|78/100
|move|p1a: Zapdos|Hidden Power|p2a: Celebi
|-supereffective|p2a: Celebi
|-damage|p2a: Celebi|52/100
|
|-weather|Sandstorm|[upkeep]
|-damage|p2a: Celebi|46/100|[from] Sandstorm
|-damage|p1a: Zapdos|49/100 brn|[from] Sandstorm
|-heal|p2a: Celebi|52/100|[from] item: Leftovers
|-heal|p1a: Zapdos|55/100 brn|[from] item: Leftovers
|-damage|p1a: Zapdos|43/100 brn|[from] brn
|upkeep
|turn|23
|
|t:|1728593093
|move|p2a: Celebi|Leech Seed|p1a: Zapdos
|-start|p1a: Zapdos|move: Leech Seed
|move|p1a: Zapdos|Baton Pass|p1a: Zapdos
|
|t:|1728593095
|switch|p1a: Salamence|Salamence, M|76/100|[from] Baton Pass
|-ability|p1a: Salamence|Intimidate|boost
|-unboost|p2a: Celebi|atk|1
|
|-weather|Sandstorm|[upkeep]
|-damage|p1a: Salamence|70/100|[from] Sandstorm
|-damage|p2a: Celebi|46/100|[from] Sandstorm
|-heal|p1a: Salamence|76/100|[from] item: Leftovers
|-damage|p1a: Salamence|63/100|[from] Leech Seed|[of] p2a: Celebi
|-heal|p2a: Celebi|56/100|[silent]
|-heal|p2a: Celebi|62/100|[from] item: Leftovers
|upkeep
|turn|24
|
|t:|1728593112
|switch|p1a: Aerodactyl|Aerodactyl, M|100/100
|move|p2a: Celebi|Recover|p2a: Celebi
|-heal|p2a: Celebi|100/100
|
|-weather|Sandstorm|[upkeep]
|-damage|p2a: Celebi|94/100|[from] Sandstorm
|-heal|p2a: Celebi|100/100|[from] item: Leftovers
|upkeep
|turn|25
|
|t:|1728593116
|switch|p2a: Skarmory|Skarmory, M|56/100
|move|p1a: Aerodactyl|Double-Edge|p2a: Skarmory
|-resisted|p2a: Skarmory
|-damage|p2a: Skarmory|33/100
|
|-weather|Sandstorm|[upkeep]
|-heal|p2a: Skarmory|39/100|[from] item: Leftovers
|upkeep
|turn|26
|
|t:|1728593121
|switch|p1a: Salamence|Salamence, M|63/100
|-ability|p1a: Salamence|Intimidate|boost
|-unboost|p2a: Skarmory|atk|1
|move|p2a: Skarmory|Spikes|p1a: Salamence
|-sidestart|p1: FaceOFF3141|Spikes
|
|-weather|Sandstorm|[upkeep]
|-damage|p1a: Salamence|57/100|[from] Sandstorm
|-heal|p1a: Salamence|63/100|[from] item: Leftovers
|-heal|p2a: Skarmory|45/100|[from] item: Leftovers
|upkeep
|turn|27
|
|t:|1728593125
|move|p2a: Skarmory|Protect|p2a: Skarmory
|-singleturn|p2a: Skarmory|Protect
|move|p1a: Salamence|Dragon Claw|p2a: Skarmory
|-activate|p2a: Skarmory|Protect
|
|-weather|Sandstorm|[upkeep]
|-damage|p1a: Salamence|57/100|[from] Sandstorm
|-heal|p1a: Salamence|63/100|[from] item: Leftovers
|-heal|p2a: Skarmory|51/100|[from] item: Leftovers
|upkeep
|turn|28
|
|t:|1728593133
|switch|p2a: Swampert|Swampert, M|100/100
|move|p1a: Salamence|Fire Blast|p2a: Swampert
|-resisted|p2a: Swampert
|-damage|p2a: Swampert|84/100
|
|-weather|Sandstorm|[upkeep]
|-damage|p1a: Salamence|57/100|[from] Sandstorm
|-heal|p1a: Salamence|63/100|[from] item: Leftovers
|-heal|p2a: Swampert|90/100|[from] item: Leftovers
|upkeep
|turn|29
|
|t:|1728593143
|move|p2a: Swampert|Protect|p2a: Swampert
|-singleturn|p2a: Swampert|Protect
|move|p1a: Salamence|Hidden Power|p2a: Swampert
|-activate|p2a: Swampert|Protect
|
|-weather|Sandstorm|[upkeep]
|-damage|p1a: Salamence|57/100|[from] Sandstorm
|-heal|p1a: Salamence|63/100|[from] item: Leftovers
|-heal|p2a: Swampert|96/100|[from] item: Leftovers
|upkeep
|turn|30
|
|t:|1728593158
|switch|p1a: Swampert|Swampert, M|82/100
|-damage|p1a: Swampert|70/100|[from] Spikes
|switch|p2a: Moltres|Moltres|51/100
|
|-weather|Sandstorm|[upkeep]
|-damage|p2a: Moltres|45/100|[from] Sandstorm
|-heal|p2a: Moltres|51/100|[from] item: Leftovers
|-heal|p1a: Swampert|76/100|[from] item: Leftovers
|upkeep
|turn|31
|
|t:|1728593173
|move|p1a: Swampert|Protect|p1a: Swampert
|-singleturn|p1a: Swampert|Protect
|move|p2a: Moltres|Flamethrower|p1a: Swampert
|-activate|p1a: Swampert|Protect
|
|-weather|Sandstorm|[upkeep]
|-damage|p2a: Moltres|45/100|[from] Sandstorm
|-heal|p2a: Moltres|51/100|[from] item: Leftovers
|-heal|p1a: Swampert|82/100|[from] item: Leftovers
|upkeep
|turn|32
|
|t:|1728593181
|move|p2a: Moltres|Hidden Power|p1a: Swampert
|-supereffective|p1a: Swampert
|-damage|p1a: Swampert|0 fnt
|faint|p1a: Swampert
|
|t:|1728593184
|switch|p1a: Aerodactyl|Aerodactyl, M|100/100
|
|-weather|Sandstorm|[upkeep]
|-damage|p2a: Moltres|45/100|[from] Sandstorm
|-heal|p2a: Moltres|51/100|[from] item: Leftovers
|upkeep
|turn|33
|
|t:|1728593187
|switch|p2a: Swampert|Swampert, M|96/100
|move|p1a: Aerodactyl|Double-Edge|p2a: Swampert
|-damage|p2a: Swampert|56/100
|
|-weather|Sandstorm|[upkeep]
|-heal|p2a: Swampert|62/100|[from] item: Leftovers
|upkeep
|turn|34
|
|t:|1728593196
|switch|p1a: Salamence|Salamence, M|63/100
|-ability|p1a: Salamence|Intimidate|boost
|-unboost|p2a: Swampert|atk|1
|move|p2a: Swampert|Protect||[still]
|-fail|p2a: Swampert
|
|-weather|Sandstorm|[upkeep]
|-damage|p1a: Salamence|57/100|[from] Sandstorm
|-heal|p1a: Salamence|63/100|[from] item: Leftovers
|-heal|p2a: Swampert|68/100|[from] item: Leftovers
|upkeep
|turn|35
|
|t:|1728593199
|move|p2a: Swampert|Protect|p2a: Swampert
|-singleturn|p2a: Swampert|Protect
|move|p1a: Salamence|Dragon Claw|p2a: Swampert
|-activate|p2a: Swampert|Protect
|
|-weather|Sandstorm|[upkeep]
|-damage|p1a: Salamence|57/100|[from] Sandstorm
|-heal|p1a: Salamence|63/100|[from] item: Leftovers
|-heal|p2a: Swampert|74/100|[from] item: Leftovers
|upkeep
|turn|36
|
|t:|1728593212
|switch|p2a: Skarmory|Skarmory, M|51/100
|move|p1a: Salamence|Dragon Claw|p2a: Skarmory
|-resisted|p2a: Skarmory
|-damage|p2a: Skarmory|35/100
|
|-weather|Sandstorm|[upkeep]
|-damage|p1a: Salamence|57/100|[from] Sandstorm
|-heal|p1a: Salamence|63/100|[from] item: Leftovers
|-heal|p2a: Skarmory|41/100|[from] item: Leftovers
|upkeep
|turn|37
|
|t:|1728593214
|move|p2a: Skarmory|Protect|p2a: Skarmory
|-singleturn|p2a: Skarmory|Protect
|move|p1a: Salamence|Dragon Claw|p2a: Skarmory
|-activate|p2a: Skarmory|Protect
|
|-weather|Sandstorm|[upkeep]
|-damage|p1a: Salamence|57/100|[from] Sandstorm
|-heal|p1a: Salamence|63/100|[from] item: Leftovers
|-heal|p2a: Skarmory|47/100|[from] item: Leftovers
|upkeep
|turn|38
|
|t:|1728593223
|move|p1a: Salamence|Dragon Claw|p2a: Skarmory
|-resisted|p2a: Skarmory
|-damage|p2a: Skarmory|28/100
|move|p2a: Skarmory|Toxic|p1a: Salamence
|-status|p1a: Salamence|tox
|
|-weather|Sandstorm|[upkeep]
|-damage|p1a: Salamence|57/100 tox|[from] Sandstorm
|-heal|p1a: Salamence|63/100 tox|[from] item: Leftovers
|-damage|p1a: Salamence|57/100 tox|[from] psn
|-heal|p2a: Skarmory|34/100|[from] item: Leftovers
|upkeep
|turn|39
|
|t:|1728593227
|switch|p1a: Zapdos|Zapdos|43/100 brn
|move|p2a: Skarmory|Protect||[still]
|-fail|p2a: Skarmory
|
|-weather|Sandstorm|[upkeep]
|-damage|p1a: Zapdos|37/100 brn|[from] Sandstorm
|-heal|p1a: Zapdos|43/100 brn|[from] item: Leftovers
|-damage|p1a: Zapdos|31/100 brn|[from] brn
|-heal|p2a: Skarmory|40/100|[from] item: Leftovers
|upkeep
|turn|40
|
|t:|1728593230
|move|p2a: Skarmory|Protect|p2a: Skarmory
|-singleturn|p2a: Skarmory|Protect
|move|p1a: Zapdos|Baton Pass|p1a: Zapdos
|
|t:|1728593234
|switch|p1a: Salamence|Salamence, M|57/100 tox|[from] Baton Pass
|-ability|p1a: Salamence|Intimidate|boost
|-unboost|p2a: Skarmory|atk|1
|
|-weather|Sandstorm|[upkeep]
|-damage|p1a: Salamence|51/100 tox|[from] Sandstorm
|-heal|p1a: Salamence|57/100 tox|[from] item: Leftovers
|-damage|p1a: Salamence|51/100 tox|[from] psn
|-heal|p2a: Skarmory|46/100|[from] item: Leftovers
|upkeep
|turn|41
|
|t:|1728593249
|switch|p2a: Moltres|Moltres|51/100
|move|p1a: Salamence|Dragon Claw|p2a: Moltres
|-damage|p2a: Moltres|6/100
|
|-weather|Sandstorm|[upkeep]
|-damage|p1a: Salamence|45/100 tox|[from] Sandstorm
|-damage|p2a: Moltres|0 fnt|[from] Sandstorm
|faint|p2a: Moltres
|-heal|p1a: Salamence|51/100 tox|[from] item: Leftovers
|-damage|p1a: Salamence|39/100 tox|[from] psn
|upkeep
|
|t:|1728593260
|switch|p2a: Gengar|Gengar, M|100/100
|turn|42
|
|t:|1728593265
|switch|p1a: Jirachi|Jirachi|100/100 slp
|-damage|p1a: Jirachi|88/100 slp|[from] Spikes
|move|p2a: Gengar|Thunderbolt|p1a: Jirachi
|-crit|p1a: Jirachi
|-damage|p1a: Jirachi|42/100 slp
|
|-weather|Sandstorm|[upkeep]
|-damage|p2a: Gengar|94/100|[from] Sandstorm
|-heal|p2a: Gengar|100/100|[from] item: Leftovers
|-heal|p1a: Jirachi|48/100 slp|[from] item: Leftovers
|upkeep
|turn|43
|
|t:|1728593272
|cant|p1a: Jirachi|slp
|move|p2a: Gengar|Thunderbolt|p1a: Jirachi
|-damage|p1a: Jirachi|26/100 slp
|
|-weather|Sandstorm|[upkeep]
|-damage|p2a: Gengar|94/100|[from] Sandstorm
|-heal|p2a: Gengar|100/100|[from] item: Leftovers
|-heal|p1a: Jirachi|33/100 slp|[from] item: Leftovers
|upkeep
|turn|44
|
|t:|1728593276
|cant|p1a: Jirachi|slp
|move|p2a: Gengar|Thunderbolt|p1a: Jirachi
|-damage|p1a: Jirachi|9/100 slp
|
|-weather|Sandstorm|[upkeep]
|-damage|p2a: Gengar|94/100|[from] Sandstorm
|-heal|p2a: Gengar|100/100|[from] item: Leftovers
|-heal|p1a: Jirachi|15/100 slp|[from] item: Leftovers
|upkeep
|turn|45
|
|t:|1728593278
|-curestatus|p1a: Jirachi|slp|[msg]
|move|p1a: Jirachi|Protect|p1a: Jirachi
|-singleturn|p1a: Jirachi|Protect
|move|p2a: Gengar|Thunderbolt|p1a: Jirachi
|-activate|p1a: Jirachi|Protect
|
|-weather|Sandstorm|[upkeep]
|-damage|p2a: Gengar|94/100|[from] Sandstorm
|-heal|p2a: Gengar|100/100|[from] item: Leftovers
|-heal|p1a: Jirachi|21/100|[from] item: Leftovers
|upkeep
|turn|46
|
|t:|1728593282
|move|p2a: Gengar|Thunderbolt|p1a: Jirachi
|-damage|p1a: Jirachi|1/100
|move|p1a: Jirachi|Fire Punch|p2a: Gengar
|-damage|p2a: Gengar|75/100
|-status|p2a: Gengar|brn
|
|-weather|Sandstorm|[upkeep]
|-damage|p2a: Gengar|68/100 brn|[from] Sandstorm
|-heal|p2a: Gengar|75/100 brn|[from] item: Leftovers
|-damage|p2a: Gengar|62/100 brn|[from] brn
|-heal|p1a: Jirachi|7/100|[from] item: Leftovers
|upkeep
|turn|47
|
|t:|1728593286
|move|p1a: Jirachi|Protect|p1a: Jirachi
|-singleturn|p1a: Jirachi|Protect
|move|p2a: Gengar|Thunderbolt|p1a: Jirachi
|-activate|p1a: Jirachi|Protect
|
|-weather|Sandstorm|[upkeep]
|-damage|p2a: Gengar|56/100 brn|[from] Sandstorm
|-heal|p2a: Gengar|62/100 brn|[from] item: Leftovers
|-damage|p2a: Gengar|50/100 brn|[from] brn
|-heal|p1a: Jirachi|13/100|[from] item: Leftovers
|upkeep
|turn|48
|
|t:|1728593299
|move|p1a: Jirachi|Protect|p1a: Jirachi
|-singleturn|p1a: Jirachi|Protect
|move|p2a: Gengar|Thunderbolt|p1a: Jirachi
|-activate|p1a: Jirachi|Protect
|
|-weather|Sandstorm|[upkeep]
|-damage|p2a: Gengar|44/100 brn|[from] Sandstorm
|-heal|p2a: Gengar|50/100 brn|[from] item: Leftovers
|-damage|p2a: Gengar|38/100 brn|[from] brn
|-heal|p1a: Jirachi|19/100|[from] item: Leftovers
|upkeep
|turn|49
|
|t:|1728593301
|move|p1a: Jirachi|Protect||[still]
|-fail|p1a: Jirachi
|move|p2a: Gengar|Thunderbolt|p1a: Jirachi
|-damage|p1a: Jirachi|0 fnt
|faint|p1a: Jirachi
|
|t:|1728593303
|switch|p1a: Aerodactyl|Aerodactyl, M|100/100
|
|-weather|Sandstorm|[upkeep]
|-damage|p2a: Gengar|32/100 brn|[from] Sandstorm
|-heal|p2a: Gengar|38/100 brn|[from] item: Leftovers
|-damage|p2a: Gengar|26/100 brn|[from] brn
|upkeep
|turn|50
|
|t:|1728593313
|move|p1a: Aerodactyl|Rock Slide|p2a: Gengar
|-damage|p2a: Gengar|0 fnt
|faint|p2a: Gengar
|
|t:|1728593330
|switch|p2a: Swampert|Swampert, M|74/100
|
|-weather|Sandstorm|[upkeep]
|-heal|p2a: Swampert|80/100|[from] item: Leftovers
|upkeep
|turn|51
|
|t:|1728593333
|move|p1a: Aerodactyl|Rock Slide|p2a: Swampert
|-resisted|p2a: Swampert
|-damage|p2a: Swampert|64/100
|move|p2a: Swampert|Hydro Pump|p1a: Aerodactyl|[miss]
|-miss|p2a: Swampert|p1a: Aerodactyl
|
|-weather|Sandstorm|[upkeep]
|-heal|p2a: Swampert|70/100|[from] item: Leftovers
|upkeep
|turn|52
|
|t:|1728593338
|switch|p1a: Zapdos|Zapdos|31/100 brn
|move|p2a: Swampert|Protect||[still]
|-fail|p2a: Swampert
|
|-weather|Sandstorm|[upkeep]
|-damage|p1a: Zapdos|25/100 brn|[from] Sandstorm
|-heal|p1a: Zapdos|31/100 brn|[from] item: Leftovers
|-damage|p1a: Zapdos|18/100 brn|[from] brn
|-heal|p2a: Swampert|76/100|[from] item: Leftovers
|upkeep
|turn|53
|
|t:|1728593344
|move|p1a: Zapdos|Hidden Power|p2a: Swampert
|-damage|p2a: Swampert|58/100
|move|p2a: Swampert|Ice Beam|p1a: Zapdos
|-supereffective|p1a: Zapdos
|-damage|p1a: Zapdos|0 fnt
|faint|p1a: Zapdos
|
|t:|1728593347
|switch|p1a: Salamence|Salamence, M|39/100 tox
|-ability|p1a: Salamence|Intimidate|boost
|-unboost|p2a: Swampert|atk|1
|
|-weather|Sandstorm|[upkeep]
|-damage|p1a: Salamence|33/100 tox|[from] Sandstorm
|-heal|p1a: Salamence|39/100 tox|[from] item: Leftovers
|-damage|p1a: Salamence|33/100 tox|[from] psn
|-heal|p2a: Swampert|65/100|[from] item: Leftovers
|upkeep
|turn|54
|
|t:|1728593349
|move|p2a: Swampert|Protect|p2a: Swampert
|-singleturn|p2a: Swampert|Protect
|move|p1a: Salamence|Hidden Power|p2a: Swampert
|-activate|p2a: Swampert|Protect
|
|-weather|Sandstorm|[upkeep]
|-damage|p1a: Salamence|27/100 tox|[from] Sandstorm
|-heal|p1a: Salamence|33/100 tox|[from] item: Leftovers
|-damage|p1a: Salamence|21/100 tox|[from] psn
|-heal|p2a: Swampert|71/100|[from] item: Leftovers
|upkeep
|turn|55
|
|t:|1728593360
|switch|p2a: Skarmory|Skarmory, M|46/100
|move|p1a: Salamence|Fire Blast|p2a: Skarmory
|-supereffective|p2a: Skarmory
|-damage|p2a: Skarmory|0 fnt
|faint|p2a: Skarmory
|
|t:|1728593375
|switch|p2a: Swampert|Swampert, M|71/100
|
|-weather|Sandstorm|[upkeep]
|-damage|p1a: Salamence|15/100 tox|[from] Sandstorm
|-heal|p1a: Salamence|21/100 tox|[from] item: Leftovers
|-damage|p1a: Salamence|3/100 tox|[from] psn
|-heal|p2a: Swampert|77/100|[from] item: Leftovers
|upkeep
|turn|56
|
|t:|1728593380
|switch|p1a: Aerodactyl|Aerodactyl, M|100/100
|move|p2a: Swampert|Protect||[still]
|-fail|p2a: Swampert
|
|-weather|Sandstorm|[upkeep]
|-heal|p2a: Swampert|83/100|[from] item: Leftovers
|upkeep
|turn|57
|
|t:|1728593385
|move|p2a: Swampert|Protect|p2a: Swampert
|-singleturn|p2a: Swampert|Protect
|move|p1a: Aerodactyl|Double-Edge|p2a: Swampert
|-activate|p2a: Swampert|Protect
|
|-weather|Sandstorm|[upkeep]
|-heal|p2a: Swampert|89/100|[from] item: Leftovers
|upkeep
|turn|58
|
|t:|1728593391
|move|p1a: Aerodactyl|Double-Edge|p2a: Swampert
|-damage|p2a: Swampert|48/100
|move|p2a: Swampert|Hydro Pump|p1a: Aerodactyl
|-supereffective|p1a: Aerodactyl
|-damage|p1a: Aerodactyl|1/100
|
|-weather|Sandstorm|[upkeep]
|-heal|p2a: Swampert|55/100|[from] item: Leftovers
|upkeep
|turn|59
|
|t:|1728593396
|move|p2a: Swampert|Protect|p2a: Swampert
|-singleturn|p2a: Swampert|Protect
|move|p1a: Aerodactyl|Double-Edge|p2a: Swampert
|-activate|p2a: Swampert|Protect
|
|-weather|Sandstorm|[upkeep]
|-heal|p2a: Swampert|61/100|[from] item: Leftovers
|upkeep
|turn|60
|
|t:|1728593402
|move|p1a: Aerodactyl|Double-Edge|p2a: Swampert
|-damage|p2a: Swampert|22/100
|move|p2a: Swampert|Ice Beam|p1a: Aerodactyl
|-supereffective|p1a: Aerodactyl
|-damage|p1a: Aerodactyl|0 fnt
|faint|p1a: Aerodactyl
|
|t:|1728593404
|switch|p1a: Salamence|Salamence, M|3/100 tox
|-ability|p1a: Salamence|Intimidate|boost
|-unboost|p2a: Swampert|atk|1
|
|-weather|Sandstorm|[upkeep]
|-damage|p1a: Salamence|0 fnt|[from] Sandstorm
|faint|p1a: Salamence
|
|win|justifine
|upkeep
|player|p1|
|player|p2|

</script>
<script type="application/json" class="data" id="replaydata-smogtours-gen3ou-797008">
{"id":"smogtours-gen3ou-797008","format":"[Gen 3] OU","players":["FaceOFF3141","justifine"],"uploadtime":1728593404,"views":91,"formatid":"gen3ou","rating":null,"private":0,"password":null}
</script>

<script defer src="js/replays.js?9d40a366"></script>
