<!DOCTYPE html>
<meta charset="utf-8" />
<meta name="viewport" content="width=device-width" />

<title>[Gen 3] OU: Sepulo vs. pkLeech - Replays - Pok&eacute;mon Showdown!</title>

<meta name="description" content="Watch a replay of a Pok&eacute;mon battle between Sepulo and pkLeech! Format: [Gen 3] OU; Date: Nov 14, 2024" />
<!--

Hey, you! Looking in the source for the replay log?

You can find them in JSON format, just add `.json` at the end of a replay URL.

https://replay.pokemonshowdown.com/gen7randomdoublesbattle-865046831.json

Or, if you only need the log itself, add `.log` instead:

https://replay.pokemonshowdown.com/gen7randomdoublesbattle-865046831.log

-->

<link rel="stylesheet" href="//pokemonshowdown.com/style/global.css?0.767286132409787" />
<link rel="stylesheet" href="//play.pokemonshowdown.com/style/font-awesome.css?0.9266228007934947" />
<link rel="stylesheet" href="//play.pokemonshowdown.com/style/battle.css?0.7924700842790926" />
<link rel="stylesheet" href="//play.pokemonshowdown.com/style/utilichart.css?0.8777417872839479" />

<!-- Global site tag (gtag.js) - Google Analytics -->
<script async src="https://www.googletagmanager.com/gtag/js?id=UA-26211653-1"></script>
<script>
  window.dataLayer = window.dataLayer || [];
  function gtag(){dataLayer.push(arguments);}
  gtag('js', new Date());

  gtag('config', 'UA-26211653-1');
</script>
<!-- End Google Analytics -->
<!-- Venatus Ad Manager - Install in <HEAD> of page -->
	<script src="https://hb.vntsm.com/v3/live/ad-manager.min.js" type="text/javascript" data-site-id="642aba63ec9a7b11c3c9c1be" data-mode="scan" async></script>
<!-- / Venatus Ad Manager -->

<style>
	@media (max-width:820px) {
		.battle {
			margin: 0 auto;
		}
		.battle-log {
			margin: 7px auto 0;
			max-width: 640px;
			height: 300px;
			position: static;
		}
	}
	.optgroup {
		display: inline-block;
		line-height: 22px;
		font-size: 10pt;
	}
	.optgroup .button {
		height: 25px;
		padding-top: 0;
		padding-bottom: 0;
	}
	.optgroup button.button {
		padding-left: 12px;
		padding-right: 12px;
	}
	.linklist {
		list-style: none;
		margin: 0.5em 0;
		padding: 0;
	}
	.linklist li {
		padding: 2px 0;
	}
	.sidebar {
		float: left;
		width: 320px;
	}
	.bar-wrapper {
		max-width: 1100px;
		margin: 0 auto;
	}
	.bar-wrapper.has-sidebar {
		max-width: 1430px;
	}
	.mainbar {
		margin: 0;
		padding-right: 1px;
	}
	.mainbar.has-sidebar {
		margin-left: 330px;
	}
	@media (min-width: 1511px) {
		.sidebar {
			width: 400px;
		}
		.bar-wrapper.has-sidebar {
			max-width: 1510px;
		}
		.mainbar.has-sidebar {
			margin-left: 410px;
		}
	}
	.section.first-section {
		margin-top: 9px;
	}
	.blocklink small {
		white-space: normal;
	}
	.button {
		vertical-align: middle;
	}
	.replay-controls {
		padding-top: 10px;
	}
	.replay-controls h1 {
		font-size: 16pt;
		font-weight: normal;
		color: #CCC;
	}
	.pagelink {
		text-align: center;
	}
	.pagelink a {
		width: 150px;
	}
	.textbox, .button {
		font-size: 11pt;
		vertical-align: middle;
	}
	@media (max-width: 450px) {
		.button {
			font-size: 9pt;
		}
	}
</style>

<div>

	<header>
		<div class="nav-wrapper"><ul class="nav">
			<li><a class="button nav-first" href="//pokemonshowdown.com/"><img src="//pokemonshowdown.com/images/pokemonshowdownbeta.png" srcset="//pokemonshowdown.com/images/pokemonshowdownbeta.png 1x, //pokemonshowdown.com/images/pokemonshowdownbeta@2x.png 2x" alt="Pok&eacute;mon Showdown" width="146" height="44" /> Home</a></li>
			<li><a class="button" href="//pokemonshowdown.com/dex/">Pok&eacute;dex</a></li>
			<li><a class="button cur" href="/">Replays</a></li>
			<li><a class="button" href="//pokemonshowdown.com/ladder/">Ladder</a></li>
			<li><a class="button nav-last" href="//pokemonshowdown.com/forums/">Forum</a></li>
			<li><a class="button greenbutton nav-first nav-last" href="//play.pokemonshowdown.com/">Play</a></li>
		</ul></div>
	</header>

	<div class="main" id="main">

		<noscript><section class="section">You need to enable JavaScript to use this page; sorry!</section></noscript>

	</div>

</div>

<script defer nomodule src="//play.pokemonshowdown.com/js/lib/ps-polyfill.js"></script>
<script defer src="//play.pokemonshowdown.com/js/lib/preact.min.js"></script>

<script defer src="//play.pokemonshowdown.com/config/config.js?6dec07f6"></script>
<script defer src="//play.pokemonshowdown.com/js/lib/jquery-1.11.0.min.js"></script>
<script defer src="//play.pokemonshowdown.com/js/lib/html-sanitizer-minified.js"></script>
<script defer src="//play.pokemonshowdown.com/js/battle-sound.js"></script>
<script defer src="//play.pokemonshowdown.com/js/battledata.js?0.6315294753075389"></script>
<script defer src="//play.pokemonshowdown.com/data/pokedex-mini.js?0.7603743185311358"></script>
<script defer src="//play.pokemonshowdown.com/data/pokedex-mini-bw.js?0.030888842834281283"></script>
<script defer src="//play.pokemonshowdown.com/data/graphics.js?0.05593094747507488"></script>
<script defer src="//play.pokemonshowdown.com/data/pokedex.js?0.47064822249611904"></script>
<script defer src="//play.pokemonshowdown.com/data/moves.js?0.8583693120512459"></script>
<script defer src="//play.pokemonshowdown.com/data/abilities.js?0.16017181182386842"></script>
<script defer src="//play.pokemonshowdown.com/data/items.js?0.4163379185673943"></script>
<script defer src="//play.pokemonshowdown.com/data/teambuilder-tables.js?0.31075597372830477"></script>
<script defer src="//play.pokemonshowdown.com/js/battle-tooltips.js?0.6536193500708172"></script>
<script defer src="//play.pokemonshowdown.com/js/battle.js?0.1916591943277901"></script>

<script defer src="js/utils.js?e31f9a17"></script>
<script defer src="js/replays-battle.js?7008c182"></script>

<!-- don't scrape this data! just add .json or .log after the URL!
Full API docs: https://github.com/smogon/pokemon-showdown-client/blob/master/WEB-API.md -->
<script type="text/plain" class="log" id="replaylog-smogtours-gen3ou-806294">
|inactive|Battle timer is ON: inactive players will automatically lose when time's up.
|t:|1731623517
|gametype|singles
|player|p1|Sepulo|pokemonbreeder|
|player|p2|pkLeech|pokemonbreeder-gen4|
|teamsize|p1|6
|teamsize|p2|6
|gen|3
|tier|[Gen 3] OU
|rule|Sleep Clause Mod: Limit one foe put to sleep
|rule|Switch Priority Clause Mod: Faster Pokémon switch first
|rule|Species Clause: Limit one of each Pokémon
|rule|OHKO Clause: OHKO moves are banned
|rule|Evasion Items Clause: Evasion items are banned
|rule|Evasion Moves Clause: Evasion moves are banned
|rule|Endless Battle Clause: Forcing endless battles is banned
|rule|HP Percentage Mod: HP is shown in percentages
|rule|One Boost Passer Clause: Limit one Baton Passer that has a way to boost its stats
|rule|Freeze Clause Mod: Limit one foe frozen
|
|t:|1731623517
|start
|switch|p1a: Swampert|Swampert, F|100/100
|switch|p2a: Zapdos|Zapdos|100/100
|turn|1
|c|☆pkLeech|have fun!
|c|☆Sepulo|u2
|
|t:|1731623534
|move|p2a: Zapdos|Toxic|p1a: Swampert
|-status|p1a: Swampert|tox
|move|p1a: Swampert|Hydro Pump|p2a: Zapdos
|-damage|p2a: Zapdos|48/100
|
|-heal|p2a: Zapdos|54/100|[from] item: Leftovers
|-damage|p1a: Swampert|94/100 tox|[from] psn
|upkeep
|turn|2
|inactive|pkLeech has 270 seconds left.
|
|t:|1731623570
|switch|p2a: Registeel|Registeel|100/100
|move|p1a: Swampert|Ice Beam|p2a: Registeel
|-resisted|p2a: Registeel
|-damage|p2a: Registeel|93/100
|
|-heal|p1a: Swampert|100/100 tox|[from] item: Leftovers
|-damage|p1a: Swampert|88/100 tox|[from] psn
|-heal|p2a: Registeel|99/100|[from] item: Leftovers
|upkeep
|turn|3
|inactive|pkLeech has 270 seconds left.
|
|t:|1731623586
|switch|p1a: Zapdos|Zapdos|100/100
|switch|p2a: Celebi|Celebi|100/100
|
|upkeep
|turn|4
|inactive|pkLeech has 270 seconds left.
|inactive|pkLeech has 240 seconds left.
|
|t:|1731623622
|switch|p2a: Zapdos|Zapdos|54/100
|switch|p1a: Flygon|Flygon, F|100/100
|
|-heal|p2a: Zapdos|60/100|[from] item: Leftovers
|upkeep
|turn|5
|inactive|pkLeech has 240 seconds left.
|
|t:|1731623635
|switch|p1a: Gengar|Gengar, F|100/100
|switch|p2a: Salamence|Salamence, M|100/100
|-ability|p2a: Salamence|Intimidate|boost
|-unboost|p1a: Gengar|atk|1
|
|upkeep
|turn|6
|inactive|pkLeech has 240 seconds left.
|
|t:|1731623659
|switch|p2a: Snorlax|Snorlax, F|100/100
|move|p1a: Gengar|Will-O-Wisp|p2a: Snorlax
|-status|p2a: Snorlax|brn
|
|-damage|p2a: Snorlax|88/100 brn|[from] brn
|upkeep
|turn|7
|inactive|pkLeech has 210 seconds left.
|
|t:|1731623694
|switch|p1a: Tyranitar|Tyranitar, F|100/100
|-weather|Sandstorm|[from] ability: Sand Stream|[of] p1a: Tyranitar
|switch|p2a: Magneton|Magneton|100/100
|
|-weather|Sandstorm|[upkeep]
|upkeep
|turn|8
|inactive|pkLeech has 210 seconds left.
|
|t:|1731623708
|-singleturn|p1a: Tyranitar|move: Focus Punch
|switch|p2a: Zapdos|Zapdos|60/100
|move|p1a: Tyranitar|Focus Punch|p2a: Zapdos
|-resisted|p2a: Zapdos
|-damage|p2a: Zapdos|37/100
|
|-weather|Sandstorm|[upkeep]
|-damage|p2a: Zapdos|30/100|[from] Sandstorm
|-heal|p2a: Zapdos|37/100|[from] item: Leftovers
|upkeep
|turn|9
|
|t:|1731623736
|move|p2a: Zapdos|Hidden Power|p1a: Tyranitar
|-supereffective|p1a: Tyranitar
|-damage|p1a: Tyranitar|34/100
|move|p1a: Tyranitar|Crunch|p2a: Zapdos
|-crit|p2a: Zapdos
|-damage|p2a: Zapdos|0 fnt
|faint|p2a: Zapdos
|inactive|pkLeech has 210 seconds left.
|
|t:|1731623755
|switch|p2a: Salamence|Salamence, M|100/100
|-ability|p2a: Salamence|Intimidate|boost
|-unboost|p1a: Tyranitar|atk|1
|
|-weather|Sandstorm|[upkeep]
|-damage|p2a: Salamence|94/100|[from] Sandstorm
|-heal|p2a: Salamence|100/100|[from] item: Leftovers
|-heal|p1a: Tyranitar|40/100|[from] item: Leftovers
|upkeep
|turn|10
|inactive|Sepulo has 270 seconds left.
|
|t:|1731623779
|switch|p1a: Skarmory|Skarmory, M|100/100
|move|p2a: Salamence|Dragon Claw|p1a: Skarmory
|-resisted|p1a: Skarmory
|-damage|p1a: Skarmory|80/100
|
|-weather|Sandstorm|[upkeep]
|-damage|p2a: Salamence|94/100|[from] Sandstorm
|-heal|p2a: Salamence|100/100|[from] item: Leftovers
|-heal|p1a: Skarmory|86/100|[from] item: Leftovers
|upkeep
|turn|11
|inactive|Sepulo has 270 seconds left.
|inactive|pkLeech has 210 seconds left.
|
|t:|1731623813
|switch|p1a: Tyranitar|Tyranitar, F|40/100
|move|p2a: Salamence|Fire Blast|p1a: Tyranitar
|-resisted|p1a: Tyranitar
|-damage|p1a: Tyranitar|23/100
|
|-weather|Sandstorm|[upkeep]
|-damage|p2a: Salamence|94/100|[from] Sandstorm
|-heal|p2a: Salamence|100/100|[from] item: Leftovers
|-heal|p1a: Tyranitar|30/100|[from] item: Leftovers
|upkeep
|turn|12
|
|t:|1731623837
|-singleturn|p1a: Tyranitar|move: Focus Punch
|move|p2a: Salamence|Dragon Claw|p1a: Tyranitar
|-damage|p1a: Tyranitar|0 fnt
|faint|p1a: Tyranitar
|
|t:|1731623846
|switch|p1a: Gengar|Gengar, F|100/100
|
|-weather|Sandstorm|[upkeep]
|-damage|p1a: Gengar|95/100|[from] Sandstorm
|-damage|p2a: Salamence|94/100|[from] Sandstorm
|-heal|p1a: Gengar|100/100|[from] item: Leftovers
|-heal|p2a: Salamence|100/100|[from] item: Leftovers
|upkeep
|turn|13
|inactive|pkLeech has 210 seconds left.
|
|t:|1731623860
|switch|p2a: Snorlax|Snorlax, F|88/100 brn
|move|p1a: Gengar|Ice Punch|p2a: Snorlax
|-damage|p2a: Snorlax|75/100 brn
|
|-weather|Sandstorm|[upkeep]
|-damage|p1a: Gengar|95/100|[from] Sandstorm
|-damage|p2a: Snorlax|69/100 brn|[from] Sandstorm
|-heal|p1a: Gengar|100/100|[from] item: Leftovers
|-heal|p2a: Snorlax|75/100 brn|[from] item: Leftovers
|-damage|p2a: Snorlax|63/100 brn|[from] brn
|upkeep
|turn|14
|inactive|pkLeech has 210 seconds left.
|
|t:|1731623888
|switch|p1a: Skarmory|Skarmory, M|86/100
|move|p2a: Snorlax|Shadow Ball|p1a: Skarmory
|-resisted|p1a: Skarmory
|-damage|p1a: Skarmory|83/100
|
|-weather|Sandstorm|[upkeep]
|-damage|p2a: Snorlax|56/100 brn|[from] Sandstorm
|-heal|p1a: Skarmory|89/100|[from] item: Leftovers
|-heal|p2a: Snorlax|63/100 brn|[from] item: Leftovers
|-damage|p2a: Snorlax|50/100 brn|[from] brn
|upkeep
|turn|15
|
|t:|1731623894
|switch|p2a: Magneton|Magneton|100/100
|move|p1a: Skarmory|Spikes|p2a: Magneton
|-sidestart|p2: pkLeech|Spikes
|
|-weather|Sandstorm|[upkeep]
|-heal|p1a: Skarmory|95/100|[from] item: Leftovers
|upkeep
|turn|16
|
|t:|1731623897
|move|p2a: Magneton|Thunderbolt|p1a: Skarmory
|-supereffective|p1a: Skarmory
|-crit|p1a: Skarmory
|-damage|p1a: Skarmory|0 fnt
|faint|p1a: Skarmory
|
|t:|1731623901
|switch|p1a: Flygon|Flygon, F|100/100
|
|-weather|Sandstorm|[upkeep]
|upkeep
|turn|17
|inactive|Sepulo has 270 seconds left.
|
|t:|1731623910
|switch|p2a: Salamence|Salamence, M|100/100
|-ability|p2a: Salamence|Intimidate|boost
|-unboost|p1a: Flygon|atk|1
|move|p1a: Flygon|Earthquake|p2a: Salamence
|-immune|p2a: Salamence
|
|-weather|Sandstorm|[upkeep]
|-damage|p2a: Salamence|94/100|[from] Sandstorm
|-heal|p2a: Salamence|100/100|[from] item: Leftovers
|upkeep
|turn|18
|
|t:|1731623915
|switch|p1a: Zapdos|Zapdos|100/100
|move|p2a: Salamence|Dragon Claw|p1a: Zapdos
|-damage|p1a: Zapdos|65/100
|
|-weather|Sandstorm|[upkeep]
|-damage|p2a: Salamence|94/100|[from] Sandstorm
|-damage|p1a: Zapdos|59/100|[from] Sandstorm
|-heal|p2a: Salamence|100/100|[from] item: Leftovers
|-heal|p1a: Zapdos|65/100|[from] item: Leftovers
|upkeep
|turn|19
|inactive|pkLeech has 240 seconds left.
|
|t:|1731623945
|switch|p2a: Magneton|Magneton|100/100
|-damage|p2a: Magneton|88/100|[from] Spikes
|move|p1a: Zapdos|Thunderbolt|p2a: Magneton
|-resisted|p2a: Magneton
|-damage|p2a: Magneton|40/100
|
|-weather|Sandstorm|[upkeep]
|-damage|p1a: Zapdos|59/100|[from] Sandstorm
|-heal|p1a: Zapdos|65/100|[from] item: Leftovers
|upkeep
|turn|20
|inactive|pkLeech has 210 seconds left.
|
|t:|1731623985
|move|p1a: Zapdos|Thunderbolt|p2a: Magneton
|-resisted|p2a: Magneton
|-damage|p2a: Magneton|0 fnt
|faint|p2a: Magneton
|
|t:|1731623996
|switch|p2a: Snorlax|Snorlax, F|50/100 brn
|-damage|p2a: Snorlax|38/100 brn|[from] Spikes
|
|-weather|Sandstorm|[upkeep]
|-damage|p1a: Zapdos|59/100|[from] Sandstorm
|-damage|p2a: Snorlax|31/100 brn|[from] Sandstorm
|-heal|p1a: Zapdos|65/100|[from] item: Leftovers
|-heal|p2a: Snorlax|38/100 brn|[from] item: Leftovers
|-damage|p2a: Snorlax|25/100 brn|[from] brn
|upkeep
|turn|21
|
|t:|1731624011
|switch|p1a: Gengar|Gengar, F|100/100
|move|p2a: Snorlax|Rest|p2a: Snorlax
|-status|p2a: Snorlax|slp|[from] move: Rest
|-heal|p2a: Snorlax|100/100 slp|[silent]
|
|-weather|Sandstorm|[upkeep]
|-damage|p1a: Gengar|95/100|[from] Sandstorm
|-damage|p2a: Snorlax|94/100 slp|[from] Sandstorm
|-heal|p1a: Gengar|100/100|[from] item: Leftovers
|-heal|p2a: Snorlax|100/100 slp|[from] item: Leftovers
|upkeep
|turn|22
|
|t:|1731624023
|switch|p1a: Swampert|Swampert, F|88/100 tox
|cant|p2a: Snorlax|slp
|
|-weather|Sandstorm|[upkeep]
|-damage|p2a: Snorlax|94/100 slp|[from] Sandstorm
|-heal|p1a: Swampert|94/100 tox|[from] item: Leftovers
|-damage|p1a: Swampert|88/100 tox|[from] psn
|-heal|p2a: Snorlax|100/100 slp|[from] item: Leftovers
|upkeep
|turn|23
|
|t:|1731624034
|-singleturn|p1a: Swampert|move: Focus Punch
|cant|p2a: Snorlax|slp
|move|p1a: Swampert|Focus Punch|p2a: Snorlax
|-supereffective|p2a: Snorlax
|-damage|p2a: Snorlax|37/100 slp
|
|-weather|Sandstorm|[upkeep]
|-damage|p2a: Snorlax|30/100 slp|[from] Sandstorm
|-heal|p1a: Swampert|94/100 tox|[from] item: Leftovers
|-damage|p1a: Swampert|82/100 tox|[from] psn
|-heal|p2a: Snorlax|37/100 slp|[from] item: Leftovers
|upkeep
|turn|24
|inactive|pkLeech has 180 seconds left.
|
|t:|1731624089
|move|p1a: Swampert|Earthquake|p2a: Snorlax
|-damage|p2a: Snorlax|5/100 slp
|-curestatus|p2a: Snorlax|slp|[msg]
|move|p2a: Snorlax|Return|p1a: Swampert
|-damage|p1a: Swampert|43/100 tox
|
|-weather|Sandstorm|[upkeep]
|-damage|p2a: Snorlax|0 fnt|[from] Sandstorm
|faint|p2a: Snorlax
|-heal|p1a: Swampert|49/100 tox|[from] item: Leftovers
|-damage|p1a: Swampert|30/100 tox|[from] psn
|upkeep
|inactive|pkLeech has 150 seconds left.
|
|t:|1731624107
|switch|p2a: Celebi|Celebi|100/100
|-damage|p2a: Celebi|88/100|[from] Spikes
|turn|25
|inactive|pkLeech has 150 seconds left.
|
|t:|1731624125
|move|p2a: Celebi|Calm Mind|p2a: Celebi
|-boost|p2a: Celebi|spa|1
|-boost|p2a: Celebi|spd|1
|move|p1a: Swampert|Ice Beam|p2a: Celebi
|-supereffective|p2a: Celebi
|-damage|p2a: Celebi|61/100
|
|-weather|Sandstorm|[upkeep]
|-damage|p2a: Celebi|55/100|[from] Sandstorm
|-heal|p2a: Celebi|61/100|[from] item: Leftovers
|-heal|p1a: Swampert|36/100 tox|[from] item: Leftovers
|-damage|p1a: Swampert|11/100 tox|[from] psn
|upkeep
|turn|26
|
|t:|1731624136
|move|p2a: Celebi|Psychic|p1a: Swampert
|-damage|p1a: Swampert|0 fnt
|faint|p1a: Swampert
|
|t:|1731624138
|switch|p1a: Flygon|Flygon, F|100/100
|
|-weather|Sandstorm|[upkeep]
|-damage|p2a: Celebi|55/100|[from] Sandstorm
|-heal|p2a: Celebi|61/100|[from] item: Leftovers
|upkeep
|turn|27
|inactive|pkLeech has 150 seconds left.
|inactive|pkLeech has 120 seconds left.
|inactive|pkLeech has 90 seconds left.
|
|t:|1731624225
|move|p2a: Celebi|Substitute|p2a: Celebi
|-start|p2a: Celebi|Substitute
|-damage|p2a: Celebi|36/100
|move|p1a: Flygon|Hidden Power|p2a: Celebi
|-supereffective|p2a: Celebi
|-end|p2a: Celebi|Substitute
|
|-weather|Sandstorm|[upkeep]
|-damage|p2a: Celebi|30/100|[from] Sandstorm
|-heal|p2a: Celebi|36/100|[from] item: Leftovers
|upkeep
|turn|28
|
|t:|1731624239
|switch|p2a: Salamence|Salamence, M|100/100
|-ability|p2a: Salamence|Intimidate|boost
|-unboost|p1a: Flygon|atk|1
|move|p1a: Flygon|Hidden Power|p2a: Salamence
|-resisted|p2a: Salamence
|-damage|p2a: Salamence|92/100
|
|-weather|Sandstorm|[upkeep]
|-damage|p2a: Salamence|86/100|[from] Sandstorm
|-heal|p2a: Salamence|92/100|[from] item: Leftovers
|upkeep
|turn|29
|
|t:|1731624244
|switch|p1a: Gengar|Gengar, F|100/100
|move|p2a: Salamence|Dragon Claw|p1a: Gengar
|-crit|p1a: Gengar
|-damage|p1a: Gengar|0 fnt
|faint|p1a: Gengar
|
|t:|1731624255
|switch|p1a: Zapdos|Zapdos|65/100
|
|-weather|Sandstorm|[upkeep]
|-damage|p2a: Salamence|86/100|[from] Sandstorm
|-damage|p1a: Zapdos|59/100|[from] Sandstorm
|-heal|p2a: Salamence|92/100|[from] item: Leftovers
|-heal|p1a: Zapdos|65/100|[from] item: Leftovers
|upkeep
|turn|30
|
|t:|1731624262
|switch|p2a: Registeel|Registeel|99/100
|-damage|p2a: Registeel|87/100|[from] Spikes
|move|p1a: Zapdos|Thunderbolt|p2a: Registeel
|-damage|p2a: Registeel|57/100
|
|-weather|Sandstorm|[upkeep]
|-damage|p1a: Zapdos|59/100|[from] Sandstorm
|-heal|p1a: Zapdos|65/100|[from] item: Leftovers
|-heal|p2a: Registeel|63/100|[from] item: Leftovers
|upkeep
|turn|31
|
|t:|1731624274
|move|p1a: Zapdos|Thunderbolt|p2a: Registeel
|-damage|p2a: Registeel|34/100
|move|p2a: Registeel|Explosion|p1a: Zapdos
|-damage|p1a: Zapdos|0 fnt
|faint|p2a: Registeel
|faint|p1a: Zapdos
|
|t:|1731624279
|switch|p1a: Flygon|Flygon, F|100/100
|switch|p2a: Salamence|Salamence, M|92/100
|-ability|p2a: Salamence|Intimidate|boost
|-unboost|p1a: Flygon|atk|1
|
|-weather|Sandstorm|[upkeep]
|-damage|p2a: Salamence|86/100|[from] Sandstorm
|-heal|p2a: Salamence|92/100|[from] item: Leftovers
|upkeep
|turn|32
|
|t:|1731624280
|move|p1a: Flygon|Rock Slide|p2a: Salamence
|-supereffective|p2a: Salamence
|-damage|p2a: Salamence|54/100
|cant|p2a: Salamence|flinch
|
|-weather|Sandstorm|[upkeep]
|-damage|p2a: Salamence|48/100|[from] Sandstorm
|-heal|p2a: Salamence|54/100|[from] item: Leftovers
|upkeep
|turn|33
|inactive|pkLeech has 120 seconds left.
|
|t:|1731624286
|move|p1a: Flygon|Rock Slide|p2a: Salamence
|-supereffective|p2a: Salamence
|-damage|p2a: Salamence|17/100
|cant|p2a: Salamence|flinch
|
|-weather|Sandstorm|[upkeep]
|-damage|p2a: Salamence|11/100|[from] Sandstorm
|-heal|p2a: Salamence|17/100|[from] item: Leftovers
|upkeep
|turn|34
|c|☆pkLeech|man
|inactive|pkLeech has 120 seconds left.
|c|☆pkLeech|there was really nothing for me in this set lol
|c|☆Sepulo|yeah most of my run has been fraudulant tbh
|c|☆pkLeech|no but
|inactive|pkLeech has 90 seconds left.
|c|☆pkLeech|you played very well
|c|☆Sepulo|thank you, I think you did too. This was fun
|c|☆pkLeech|in all your games as far as I've seen
|c|☆pkLeech|just wish I got to play a g3
|c|☆pkLeech|ggs
|
|t:|1731624346
|move|p1a: Flygon|Rock Slide|p2a: Salamence
|-supereffective|p2a: Salamence
|-damage|p2a: Salamence|0 fnt
|faint|p2a: Salamence
|c|☆Sepulo|ggs
|
|t:|1731624348
|switch|p2a: Celebi|Celebi|36/100
|-damage|p2a: Celebi|24/100|[from] Spikes
|
|-weather|Sandstorm|[upkeep]
|-damage|p2a: Celebi|17/100|[from] Sandstorm
|-heal|p2a: Celebi|24/100|[from] item: Leftovers
|upkeep
|turn|35
|
|t:|1731624355
|move|p1a: Flygon|Hidden Power|p2a: Celebi
|-supereffective|p2a: Celebi
|-damage|p2a: Celebi|0 fnt
|faint|p2a: Celebi
|
|win|Sepulo

</script>
<script type="application/json" class="data" id="replaydata-smogtours-gen3ou-806294">
{"id":"smogtours-gen3ou-806294","format":"[Gen 3] OU","players":["Sepulo","pkLeech"],"uploadtime":1731624355,"views":22,"formatid":"gen3ou","rating":null,"private":0,"password":null}
</script>

<script defer src="js/replays.js?9d40a366"></script>
