<!DOCTYPE html>
<meta charset="utf-8" />
<meta name="viewport" content="width=device-width" />

<title>[Gen 3] OU: tempokin vs. SqueamishCube - Replays - Pok&eacute;mon Showdown!</title>

<meta name="description" content="Watch a replay of a Pok&eacute;mon battle between tempokin and SqueamishCube! Format: [Gen 3] OU; Date: Oct 19, 2024" />
<!--

Hey, you! Looking in the source for the replay log?

You can find them in JSON format, just add `.json` at the end of a replay URL.

https://replay.pokemonshowdown.com/gen7randomdoublesbattle-865046831.json

Or, if you only need the log itself, add `.log` instead:

https://replay.pokemonshowdown.com/gen7randomdoublesbattle-865046831.log

-->

<link rel="stylesheet" href="//pokemonshowdown.com/style/global.css?0.023195364461161105" />
<link rel="stylesheet" href="//play.pokemonshowdown.com/style/font-awesome.css?0.13261647063804238" />
<link rel="stylesheet" href="//play.pokemonshowdown.com/style/battle.css?0.8753245789963631" />
<link rel="stylesheet" href="//play.pokemonshowdown.com/style/utilichart.css?0.8627959624976733" />

<!-- Global site tag (gtag.js) - Google Analytics -->
<script async src="https://www.googletagmanager.com/gtag/js?id=UA-26211653-1"></script>
<script>
  window.dataLayer = window.dataLayer || [];
  function gtag(){dataLayer.push(arguments);}
  gtag('js', new Date());

  gtag('config', 'UA-26211653-1');
</script>
<!-- End Google Analytics -->
<!-- Venatus Ad Manager - Install in <HEAD> of page -->
	<script src="https://hb.vntsm.com/v3/live/ad-manager.min.js" type="text/javascript" data-site-id="642aba63ec9a7b11c3c9c1be" data-mode="scan" async></script>
<!-- / Venatus Ad Manager -->

<style>
	@media (max-width:820px) {
		.battle {
			margin: 0 auto;
		}
		.battle-log {
			margin: 7px auto 0;
			max-width: 640px;
			height: 300px;
			position: static;
		}
	}
	.optgroup {
		display: inline-block;
		line-height: 22px;
		font-size: 10pt;
	}
	.optgroup .button {
		height: 25px;
		padding-top: 0;
		padding-bottom: 0;
	}
	.optgroup button.button {
		padding-left: 12px;
		padding-right: 12px;
	}
	.linklist {
		list-style: none;
		margin: 0.5em 0;
		padding: 0;
	}
	.linklist li {
		padding: 2px 0;
	}
	.sidebar {
		float: left;
		width: 320px;
	}
	.bar-wrapper {
		max-width: 1100px;
		margin: 0 auto;
	}
	.bar-wrapper.has-sidebar {
		max-width: 1430px;
	}
	.mainbar {
		margin: 0;
		padding-right: 1px;
	}
	.mainbar.has-sidebar {
		margin-left: 330px;
	}
	@media (min-width: 1511px) {
		.sidebar {
			width: 400px;
		}
		.bar-wrapper.has-sidebar {
			max-width: 1510px;
		}
		.mainbar.has-sidebar {
			margin-left: 410px;
		}
	}
	.section.first-section {
		margin-top: 9px;
	}
	.blocklink small {
		white-space: normal;
	}
	.button {
		vertical-align: middle;
	}
	.replay-controls {
		padding-top: 10px;
	}
	.replay-controls h1 {
		font-size: 16pt;
		font-weight: normal;
		color: #CCC;
	}
	.pagelink {
		text-align: center;
	}
	.pagelink a {
		width: 150px;
	}
	.textbox, .button {
		font-size: 11pt;
		vertical-align: middle;
	}
	@media (max-width: 450px) {
		.button {
			font-size: 9pt;
		}
	}
</style>

<div>

	<header>
		<div class="nav-wrapper"><ul class="nav">
			<li><a class="button nav-first" href="//pokemonshowdown.com/"><img src="//pokemonshowdown.com/images/pokemonshowdownbeta.png" srcset="//pokemonshowdown.com/images/pokemonshowdownbeta.png 1x, //pokemonshowdown.com/images/pokemonshowdownbeta@2x.png 2x" alt="Pok&eacute;mon Showdown" width="146" height="44" /> Home</a></li>
			<li><a class="button" href="//pokemonshowdown.com/dex/">Pok&eacute;dex</a></li>
			<li><a class="button cur" href="/">Replays</a></li>
			<li><a class="button" href="//pokemonshowdown.com/ladder/">Ladder</a></li>
			<li><a class="button nav-last" href="//pokemonshowdown.com/forums/">Forum</a></li>
			<li><a class="button greenbutton nav-first nav-last" href="//play.pokemonshowdown.com/">Play</a></li>
		</ul></div>
	</header>

	<div class="main" id="main">

		<noscript><section class="section">You need to enable JavaScript to use this page; sorry!</section></noscript>

	</div>

</div>

<script defer nomodule src="//play.pokemonshowdown.com/js/lib/ps-polyfill.js"></script>
<script defer src="//play.pokemonshowdown.com/js/lib/preact.min.js"></script>

<script defer src="//play.pokemonshowdown.com/config/config.js?2bddbc15"></script>
<script defer src="//play.pokemonshowdown.com/js/lib/jquery-1.11.0.min.js"></script>
<script defer src="//play.pokemonshowdown.com/js/lib/html-sanitizer-minified.js"></script>
<script defer src="//play.pokemonshowdown.com/js/battle-sound.js"></script>
<script defer src="//play.pokemonshowdown.com/js/battledata.js?0.7209276989879541"></script>
<script defer src="//play.pokemonshowdown.com/data/pokedex-mini.js?0.6111056340867951"></script>
<script defer src="//play.pokemonshowdown.com/data/pokedex-mini-bw.js?0.3532142036491459"></script>
<script defer src="//play.pokemonshowdown.com/data/graphics.js?0.24223875632456182"></script>
<script defer src="//play.pokemonshowdown.com/data/pokedex.js?0.38839984266356864"></script>
<script defer src="//play.pokemonshowdown.com/data/moves.js?0.21866028504024015"></script>
<script defer src="//play.pokemonshowdown.com/data/abilities.js?0.2005157953846628"></script>
<script defer src="//play.pokemonshowdown.com/data/items.js?0.9894211263848525"></script>
<script defer src="//play.pokemonshowdown.com/data/teambuilder-tables.js?0.6008791140282215"></script>
<script defer src="//play.pokemonshowdown.com/js/battle-tooltips.js?0.7580118955022959"></script>
<script defer src="//play.pokemonshowdown.com/js/battle.js?0.6057722274234274"></script>

<script defer src="js/utils.js?e31f9a17"></script>
<script defer src="js/replays-battle.js?7008c182"></script>

<!-- don't scrape this data! just add .json or .log after the URL!
Full API docs: https://github.com/smogon/pokemon-showdown-client/blob/master/WEB-API.md -->
<script type="text/plain" class="log" id="replaylog-smogtours-gen3ou-799956">
|inactive|Battle timer is ON: inactive players will automatically lose when time's up.
|t:|1729357740
|gametype|singles
|player|p1|tempokin|steven-masters|
|player|p2|SqueamishCube|102|
|teamsize|p1|6
|teamsize|p2|6
|gen|3
|tier|[Gen 3] OU
|rule|Sleep Clause Mod: Limit one foe put to sleep
|rule|Switch Priority Clause Mod: Faster Pokémon switch first
|rule|Species Clause: Limit one of each Pokémon
|rule|OHKO Clause: OHKO moves are banned
|rule|Evasion Items Clause: Evasion items are banned
|rule|Evasion Moves Clause: Evasion moves are banned
|rule|Endless Battle Clause: Forcing endless battles is banned
|rule|HP Percentage Mod: HP is shown in percentages
|rule|One Boost Passer Clause: Limit one Baton Passer that has a way to boost its stats
|rule|Freeze Clause Mod: Limit one foe frozen
|
|t:|1729357740
|start
|switch|p1a: Blissey|Blissey, F|100/100
|switch|p2a: Tyranitar|Tyranitar, M|100/100
|-weather|Sandstorm|[from] ability: Sand Stream|[of] p2a: Tyranitar
|turn|1
|
|t:|1729357768
|switch|p1a: Suicune|Suicune|100/100
|move|p2a: Tyranitar|Dragon Dance|p2a: Tyranitar
|-boost|p2a: Tyranitar|atk|1
|-boost|p2a: Tyranitar|spe|1
|
|-weather|Sandstorm|[upkeep]
|-damage|p1a: Suicune|94/100|[from] Sandstorm
|-heal|p1a: Suicune|100/100|[from] item: Leftovers
|upkeep
|turn|2
|
|t:|1729357776
|switch|p2a: Skarmory|Skarmory, M|100/100
|move|p1a: Suicune|Roar|p2a: Skarmory
|drag|p2a: Gengar|Gengar, M|100/100
|
|-weather|Sandstorm|[upkeep]
|-damage|p2a: Gengar|94/100|[from] Sandstorm
|-damage|p1a: Suicune|94/100|[from] Sandstorm
|-heal|p2a: Gengar|100/100|[from] item: Leftovers
|-heal|p1a: Suicune|100/100|[from] item: Leftovers
|upkeep
|turn|3
|
|t:|1729357787
|switch|p1a: Claydol|Claydol|100/100
|move|p2a: Gengar|Will-O-Wisp|p1a: Claydol
|-status|p1a: Claydol|brn
|
|-weather|Sandstorm|[upkeep]
|-damage|p2a: Gengar|94/100|[from] Sandstorm
|-heal|p2a: Gengar|100/100|[from] item: Leftovers
|-damage|p1a: Claydol|88/100 brn|[from] brn
|upkeep
|turn|4
|
|t:|1729357796
|switch|p2a: Skarmory|Skarmory, M|100/100
|switch|p1a: Skarmory|Skarmory, F|100/100
|
|-weather|Sandstorm|[upkeep]
|upkeep
|turn|5
|
|t:|1729357800
|move|p1a: Skarmory|Spikes|p2a: Skarmory
|-sidestart|p2: SqueamishCube|Spikes
|move|p2a: Skarmory|Spikes|p1a: Skarmory
|-sidestart|p1: tempokin|Spikes
|
|-weather|Sandstorm|[upkeep]
|upkeep
|turn|6
|
|t:|1729357807
|switch|p1a: Claydol|Claydol|88/100 brn
|switch|p2a: Starmie|Starmie|100/100
|-damage|p2a: Starmie|88/100|[from] Spikes
|
|-weather|Sandstorm|[upkeep]
|-damage|p2a: Starmie|82/100|[from] Sandstorm
|-heal|p2a: Starmie|88/100|[from] item: Leftovers
|-heal|p1a: Claydol|94/100 brn|[from] item: Leftovers
|-damage|p1a: Claydol|82/100 brn|[from] brn
|upkeep
|turn|7
|
|t:|1729357813
|switch|p1a: Blissey|Blissey, F|100/100
|-damage|p1a: Blissey|88/100|[from] Spikes
|move|p2a: Starmie|Surf|p1a: Blissey
|-damage|p1a: Blissey|73/100
|
|-weather|Sandstorm|[upkeep]
|-damage|p2a: Starmie|82/100|[from] Sandstorm
|-damage|p1a: Blissey|66/100|[from] Sandstorm
|-heal|p2a: Starmie|88/100|[from] item: Leftovers
|-heal|p1a: Blissey|73/100|[from] item: Leftovers
|upkeep
|turn|8
|
|t:|1729357818
|switch|p2a: Skarmory|Skarmory, M|100/100
|move|p1a: Blissey|Aromatherapy|p1a: Blissey
|-cureteam|p1a: Blissey|[from] move: Aromatherapy
|
|-weather|Sandstorm|[upkeep]
|-damage|p1a: Blissey|66/100|[from] Sandstorm
|-heal|p1a: Blissey|73/100|[from] item: Leftovers
|upkeep
|turn|9
|
|t:|1729357824
|move|p2a: Skarmory|Spikes|p1a: Blissey
|-sidestart|p1: tempokin|Spikes
|move|p1a: Blissey|Thunderbolt|p2a: Skarmory
|-supereffective|p2a: Skarmory
|-damage|p2a: Skarmory|55/100
|
|-weather|Sandstorm|[upkeep]
|-damage|p1a: Blissey|66/100|[from] Sandstorm
|-heal|p2a: Skarmory|61/100|[from] item: Leftovers
|-heal|p1a: Blissey|73/100|[from] item: Leftovers
|upkeep
|turn|10
|
|t:|1729357827
|switch|p1a: Claydol|Claydol|82/100
|move|p2a: Skarmory|Drill Peck|p1a: Claydol
|-damage|p1a: Claydol|59/100
|
|-weather|Sandstorm|[upkeep]
|-heal|p1a: Claydol|66/100|[from] item: Leftovers
|-heal|p2a: Skarmory|67/100|[from] item: Leftovers
|upkeep
|turn|11
|
|t:|1729357832
|move|p2a: Skarmory|Protect|p2a: Skarmory
|-singleturn|p2a: Skarmory|Protect
|move|p1a: Claydol|Shadow Ball|p2a: Skarmory
|-activate|p2a: Skarmory|Protect
|
|-weather|Sandstorm|[upkeep]
|-heal|p1a: Claydol|72/100|[from] item: Leftovers
|-heal|p2a: Skarmory|73/100|[from] item: Leftovers
|upkeep
|turn|12
|
|t:|1729357841
|move|p1a: Claydol|Rapid Spin|p2a: Skarmory
|-resisted|p2a: Skarmory
|-damage|p2a: Skarmory|71/100
|-sideend|p1: tempokin|Spikes|[from] move: Rapid Spin|[of] p1a: Claydol
|move|p2a: Skarmory|Spikes|p1a: Claydol
|-sidestart|p1: tempokin|Spikes
|
|-weather|Sandstorm|[upkeep]
|-heal|p1a: Claydol|78/100|[from] item: Leftovers
|-heal|p2a: Skarmory|77/100|[from] item: Leftovers
|upkeep
|turn|13
|
|t:|1729357849
|switch|p1a: Skarmory|Skarmory, F|100/100
|move|p2a: Skarmory|Protect||[still]
|-fail|p2a: Skarmory
|
|-weather|Sandstorm|[upkeep]
|-heal|p2a: Skarmory|83/100|[from] item: Leftovers
|upkeep
|turn|14
|
|t:|1729357853
|switch|p2a: Starmie|Starmie|88/100
|-damage|p2a: Starmie|76/100|[from] Spikes
|move|p1a: Skarmory|Spikes|p2a: Starmie
|-sidestart|p2: SqueamishCube|Spikes
|
|-weather|Sandstorm|[upkeep]
|-damage|p2a: Starmie|70/100|[from] Sandstorm
|-heal|p2a: Starmie|76/100|[from] item: Leftovers
|upkeep
|turn|15
|
|t:|1729357858
|move|p2a: Starmie|Surf|p1a: Skarmory
|-damage|p1a: Skarmory|60/100
|move|p1a: Skarmory|Toxic|p2a: Starmie
|-status|p2a: Starmie|tox
|
|-weather|Sandstorm|[upkeep]
|-damage|p2a: Starmie|70/100 tox|[from] Sandstorm
|-heal|p2a: Starmie|76/100 tox|[from] item: Leftovers
|-damage|p2a: Starmie|70/100 tox|[from] psn
|-heal|p1a: Skarmory|66/100|[from] item: Leftovers
|upkeep
|turn|16
|c|☆tempokin|wtf
|c|☆tempokin|thats a strong starmir
|
|t:|1729357870
|-curestatus|p2a: Starmie|tox|[from] ability: Natural Cure
|switch|p2a: Gengar|Gengar, M|100/100
|move|p1a: Skarmory|Protect||[still]
|-fail|p1a: Skarmory
|
|-weather|Sandstorm|[upkeep]
|-damage|p2a: Gengar|94/100|[from] Sandstorm
|-heal|p2a: Gengar|100/100|[from] item: Leftovers
|-heal|p1a: Skarmory|72/100|[from] item: Leftovers
|upkeep
|turn|17
|c|☆tempokin|surf offmie bluff is cool
|c|☆SqueamishCube|He's handsome and brave and isn't scared of anybody
|c|☆tempokin|just like you...
|c|☆tempokin|maybe we can put our differences besides us
|c|☆SqueamishCube|oh my
|c|☆tempokin|can love be found on the battlefield
|inactive|SqueamishCube has 270 seconds left.
|
|t:|1729357903
|move|p1a: Skarmory|Protect|p1a: Skarmory
|-singleturn|p1a: Skarmory|Protect
|move|p2a: Gengar|Will-O-Wisp|p1a: Skarmory
|-activate|p1a: Skarmory|Protect
|
|-weather|Sandstorm|[upkeep]
|-damage|p2a: Gengar|94/100|[from] Sandstorm
|-heal|p2a: Gengar|100/100|[from] item: Leftovers
|-heal|p1a: Skarmory|78/100|[from] item: Leftovers
|upkeep
|turn|18
|
|t:|1729357913
|move|p2a: Gengar|Will-O-Wisp|p1a: Skarmory
|-status|p1a: Skarmory|brn
|move|p1a: Skarmory|Spikes|p2a: Gengar
|-sidestart|p2: SqueamishCube|Spikes
|
|-weather|Sandstorm|[upkeep]
|-damage|p2a: Gengar|94/100|[from] Sandstorm
|-heal|p2a: Gengar|100/100|[from] item: Leftovers
|-heal|p1a: Skarmory|84/100 brn|[from] item: Leftovers
|-damage|p1a: Skarmory|72/100 brn|[from] brn
|upkeep
|turn|19
|
|t:|1729357923
|switch|p1a: Blissey|Blissey, F|73/100
|-damage|p1a: Blissey|60/100|[from] Spikes
|move|p2a: Gengar|Ice Punch|p1a: Blissey
|-damage|p1a: Blissey|50/100
|
|-weather|Sandstorm|[upkeep]
|-damage|p2a: Gengar|94/100|[from] Sandstorm
|-damage|p1a: Blissey|44/100|[from] Sandstorm
|-heal|p2a: Gengar|100/100|[from] item: Leftovers
|-heal|p1a: Blissey|50/100|[from] item: Leftovers
|upkeep
|turn|20
|
|t:|1729357929
|switch|p2a: Skarmory|Skarmory, M|83/100
|move|p1a: Blissey|Soft-Boiled|p1a: Blissey
|-heal|p1a: Blissey|99/100
|
|-weather|Sandstorm|[upkeep]
|-damage|p1a: Blissey|94/100|[from] Sandstorm
|-heal|p2a: Skarmory|89/100|[from] item: Leftovers
|-heal|p1a: Blissey|99/100|[from] item: Leftovers
|upkeep
|turn|21
|
|t:|1729357932
|move|p2a: Skarmory|Drill Peck|p1a: Blissey
|-damage|p1a: Blissey|77/100
|move|p1a: Blissey|Aromatherapy|p1a: Blissey
|-cureteam|p1a: Blissey|[from] move: Aromatherapy
|
|-weather|Sandstorm|[upkeep]
|-damage|p1a: Blissey|71/100|[from] Sandstorm
|-heal|p2a: Skarmory|95/100|[from] item: Leftovers
|-heal|p1a: Blissey|77/100|[from] item: Leftovers
|upkeep
|turn|22
|
|t:|1729357938
|move|p2a: Skarmory|Spikes|p1a: Blissey
|-sidestart|p1: tempokin|Spikes
|move|p1a: Blissey|Thunderbolt|p2a: Skarmory
|-supereffective|p2a: Skarmory
|-damage|p2a: Skarmory|50/100
|
|-weather|Sandstorm|[upkeep]
|-damage|p1a: Blissey|71/100|[from] Sandstorm
|-heal|p2a: Skarmory|56/100|[from] item: Leftovers
|-heal|p1a: Blissey|77/100|[from] item: Leftovers
|upkeep
|turn|23
|
|t:|1729357941
|switch|p1a: Claydol|Claydol|78/100
|move|p2a: Skarmory|Protect||[still]
|-fail|p2a: Skarmory
|
|-weather|Sandstorm|[upkeep]
|-heal|p1a: Claydol|84/100|[from] item: Leftovers
|-heal|p2a: Skarmory|62/100|[from] item: Leftovers
|upkeep
|turn|24
|
|t:|1729357944
|switch|p2a: Gengar|Gengar, M|100/100
|move|p1a: Claydol|Shadow Ball|p2a: Gengar
|-supereffective|p2a: Gengar
|-damage|p2a: Gengar|34/100
|
|-weather|Sandstorm|[upkeep]
|-damage|p2a: Gengar|28/100|[from] Sandstorm
|-heal|p2a: Gengar|34/100|[from] item: Leftovers
|-heal|p1a: Claydol|90/100|[from] item: Leftovers
|upkeep
|turn|25
|
|t:|1729357947
|move|p2a: Gengar|Giga Drain|p1a: Claydol
|-supereffective|p1a: Claydol
|-damage|p1a: Claydol|58/100
|-heal|p2a: Gengar|52/100|[from] drain|[of] p1a: Claydol
|move|p1a: Claydol|Shadow Ball|p2a: Gengar
|-supereffective|p2a: Gengar
|-damage|p2a: Gengar|0 fnt
|faint|p2a: Gengar
|
|t:|1729357950
|switch|p2a: Moltres|Moltres|100/100
|
|-weather|Sandstorm|[upkeep]
|-damage|p2a: Moltres|94/100|[from] Sandstorm
|-heal|p2a: Moltres|100/100|[from] item: Leftovers
|-heal|p1a: Claydol|64/100|[from] item: Leftovers
|upkeep
|turn|26
|
|t:|1729357955
|switch|p1a: Blissey|Blissey, F|77/100
|-damage|p1a: Blissey|61/100|[from] Spikes
|move|p2a: Moltres|Hidden Power|p1a: Blissey
|-damage|p1a: Blissey|52/100
|
|-weather|Sandstorm|[upkeep]
|-damage|p2a: Moltres|94/100|[from] Sandstorm
|-damage|p1a: Blissey|46/100|[from] Sandstorm
|-heal|p2a: Moltres|100/100|[from] item: Leftovers
|-heal|p1a: Blissey|52/100|[from] item: Leftovers
|upkeep
|turn|27
|
|t:|1729357961
|switch|p2a: Skarmory|Skarmory, M|62/100
|move|p1a: Blissey|Soft-Boiled|p1a: Blissey
|-heal|p1a: Blissey|100/100
|
|-weather|Sandstorm|[upkeep]
|-damage|p1a: Blissey|94/100|[from] Sandstorm
|-heal|p2a: Skarmory|68/100|[from] item: Leftovers
|-heal|p1a: Blissey|100/100|[from] item: Leftovers
|upkeep
|turn|28
|
|t:|1729357965
|move|p2a: Skarmory|Protect|p2a: Skarmory
|-singleturn|p2a: Skarmory|Protect
|move|p1a: Blissey|Thunderbolt|p2a: Skarmory
|-activate|p2a: Skarmory|Protect
|
|-weather|Sandstorm|[upkeep]
|-damage|p1a: Blissey|94/100|[from] Sandstorm
|-heal|p2a: Skarmory|74/100|[from] item: Leftovers
|-heal|p1a: Blissey|100/100|[from] item: Leftovers
|upkeep
|turn|29
|
|t:|1729357968
|move|p2a: Skarmory|Toxic|p1a: Blissey|[miss]
|-miss|p2a: Skarmory|p1a: Blissey
|move|p1a: Blissey|Thunderbolt|p2a: Skarmory
|-supereffective|p2a: Skarmory
|-damage|p2a: Skarmory|24/100
|
|-weather|Sandstorm|[upkeep]
|-damage|p1a: Blissey|94/100|[from] Sandstorm
|-heal|p2a: Skarmory|30/100|[from] item: Leftovers
|-heal|p1a: Blissey|100/100|[from] item: Leftovers
|upkeep
|turn|30
|
|t:|1729357971
|switch|p1a: Claydol|Claydol|64/100
|move|p2a: Skarmory|Protect||[still]
|-fail|p2a: Skarmory
|
|-weather|Sandstorm|[upkeep]
|-heal|p1a: Claydol|70/100|[from] item: Leftovers
|-heal|p2a: Skarmory|36/100|[from] item: Leftovers
|upkeep
|turn|31
|
|t:|1729357975
|switch|p2a: Moltres|Moltres|100/100
|move|p1a: Claydol|Rapid Spin|p2a: Moltres
|-damage|p2a: Moltres|94/100
|-sideend|p1: tempokin|Spikes|[from] move: Rapid Spin|[of] p1a: Claydol
|
|-weather|Sandstorm|[upkeep]
|-damage|p2a: Moltres|87/100|[from] Sandstorm
|-heal|p2a: Moltres|94/100|[from] item: Leftovers
|-heal|p1a: Claydol|76/100|[from] item: Leftovers
|upkeep
|turn|32
|
|t:|1729357980
|switch|p1a: Blissey|Blissey, F|100/100
|move|p2a: Moltres|Hidden Power|p1a: Blissey
|-damage|p1a: Blissey|91/100
|
|-weather|Sandstorm|[upkeep]
|-damage|p2a: Moltres|87/100|[from] Sandstorm
|-damage|p1a: Blissey|84/100|[from] Sandstorm
|-heal|p2a: Moltres|94/100|[from] item: Leftovers
|-heal|p1a: Blissey|91/100|[from] item: Leftovers
|upkeep
|turn|33
|
|t:|1729357983
|move|p2a: Moltres|Will-O-Wisp|p1a: Blissey
|-status|p1a: Blissey|brn
|move|p1a: Blissey|Thunderbolt|p2a: Moltres
|-supereffective|p2a: Moltres
|-damage|p2a: Moltres|30/100
|
|-weather|Sandstorm|[upkeep]
|-damage|p2a: Moltres|24/100|[from] Sandstorm
|-damage|p1a: Blissey|84/100 brn|[from] Sandstorm
|-heal|p2a: Moltres|30/100|[from] item: Leftovers
|-heal|p1a: Blissey|91/100 brn|[from] item: Leftovers
|-damage|p1a: Blissey|78/100 brn|[from] brn
|upkeep
|turn|34
|
|t:|1729357991
|switch|p2a: Tyranitar|Tyranitar, M|100/100
|-damage|p2a: Tyranitar|76/100|[from] Spikes
|move|p1a: Blissey|Thunderbolt|p2a: Tyranitar
|-damage|p2a: Tyranitar|55/100
|
|-weather|Sandstorm|[upkeep]
|-damage|p1a: Blissey|72/100 brn|[from] Sandstorm
|-heal|p1a: Blissey|78/100 brn|[from] item: Leftovers
|-damage|p1a: Blissey|66/100 brn|[from] brn
|upkeep
|turn|35
|
|t:|1729357995
|-curestatus|p1a: Blissey|brn|[from] ability: Natural Cure
|switch|p1a: Dugtrio|Dugtrio, F|100/100
|move|p2a: Tyranitar|Dragon Dance|p2a: Tyranitar
|-boost|p2a: Tyranitar|atk|1
|-boost|p2a: Tyranitar|spe|1
|
|-weather|Sandstorm|[upkeep]
|upkeep
|turn|36
|
|t:|1729358002
|move|p1a: Dugtrio|Earthquake|p2a: Tyranitar
|-supereffective|p2a: Tyranitar
|-damage|p2a: Tyranitar|0 fnt
|faint|p2a: Tyranitar
|
|t:|1729358006
|switch|p2a: Aerodactyl|Aerodactyl, M|100/100
|
|-weather|Sandstorm|[upkeep]
|upkeep
|turn|37
|
|t:|1729358013
|switch|p1a: Claydol|Claydol|76/100
|move|p2a: Aerodactyl|Double-Edge|p1a: Claydol
|-damage|p1a: Claydol|25/100
|
|-weather|Sandstorm|[upkeep]
|-heal|p1a: Claydol|31/100|[from] item: Leftovers
|upkeep
|turn|38
|
|t:|1729358016
|switch|p1a: Skarmory|Skarmory, F|72/100
|move|p2a: Aerodactyl|Double-Edge|p1a: Skarmory
|-resisted|p1a: Skarmory
|-damage|p1a: Skarmory|52/100
|
|-weather|Sandstorm|[upkeep]
|-heal|p1a: Skarmory|58/100|[from] item: Leftovers
|upkeep
|turn|39
|
|t:|1729358023
|switch|p2a: Skarmory|Skarmory, M|36/100
|switch|p1a: Claydol|Claydol|31/100
|
|-weather|Sandstorm|[upkeep]
|-heal|p1a: Claydol|38/100|[from] item: Leftovers
|-heal|p2a: Skarmory|42/100|[from] item: Leftovers
|upkeep
|turn|40
|
|t:|1729358034
|move|p1a: Claydol|Rest|p1a: Claydol
|-status|p1a: Claydol|slp|[from] move: Rest
|-heal|p1a: Claydol|100/100 slp|[silent]
|move|p2a: Skarmory|Drill Peck|p1a: Claydol
|-damage|p1a: Claydol|76/100 slp
|
|-weather|Sandstorm|[upkeep]
|-heal|p1a: Claydol|82/100 slp|[from] item: Leftovers
|-heal|p2a: Skarmory|48/100|[from] item: Leftovers
|upkeep
|turn|41
|
|t:|1729358043
|switch|p1a: Blissey|Blissey, F|66/100
|switch|p2a: Moltres|Moltres|30/100
|
|-weather|Sandstorm|[upkeep]
|-damage|p2a: Moltres|24/100|[from] Sandstorm
|-damage|p1a: Blissey|59/100|[from] Sandstorm
|-heal|p2a: Moltres|30/100|[from] item: Leftovers
|-heal|p1a: Blissey|66/100|[from] item: Leftovers
|upkeep
|turn|42
|
|t:|1729358050
|move|p2a: Moltres|Flamethrower|p1a: Blissey
|-damage|p1a: Blissey|47/100
|move|p1a: Blissey|Aromatherapy|p1a: Blissey
|-cureteam|p1a: Blissey|[from] move: Aromatherapy
|
|-weather|Sandstorm|[upkeep]
|-damage|p2a: Moltres|24/100|[from] Sandstorm
|-damage|p1a: Blissey|41/100|[from] Sandstorm
|-heal|p2a: Moltres|30/100|[from] item: Leftovers
|-heal|p1a: Blissey|47/100|[from] item: Leftovers
|upkeep
|turn|43
|
|t:|1729358053
|move|p2a: Moltres|Flamethrower|p1a: Blissey
|-damage|p1a: Blissey|28/100
|move|p1a: Blissey|Soft-Boiled|p1a: Blissey
|-heal|p1a: Blissey|78/100
|
|-weather|Sandstorm|[upkeep]
|-damage|p2a: Moltres|24/100|[from] Sandstorm
|-damage|p1a: Blissey|72/100|[from] Sandstorm
|-heal|p2a: Moltres|30/100|[from] item: Leftovers
|-heal|p1a: Blissey|78/100|[from] item: Leftovers
|upkeep
|turn|44
|
|t:|1729358056
|move|p2a: Moltres|Hidden Power|p1a: Blissey
|-damage|p1a: Blissey|68/100
|move|p1a: Blissey|Soft-Boiled|p1a: Blissey
|-heal|p1a: Blissey|100/100
|
|-weather|Sandstorm|[upkeep]
|-damage|p2a: Moltres|24/100|[from] Sandstorm
|-damage|p1a: Blissey|94/100|[from] Sandstorm
|-heal|p2a: Moltres|30/100|[from] item: Leftovers
|-heal|p1a: Blissey|100/100|[from] item: Leftovers
|upkeep
|turn|45
|
|t:|1729358059
|move|p2a: Moltres|Flamethrower|p1a: Blissey
|-damage|p1a: Blissey|81/100
|move|p1a: Blissey|Thunderbolt|p2a: Moltres
|-supereffective|p2a: Moltres
|-damage|p2a: Moltres|0 fnt
|faint|p2a: Moltres
|
|t:|1729358061
|switch|p2a: Aerodactyl|Aerodactyl, M|100/100
|
|-weather|Sandstorm|[upkeep]
|-damage|p1a: Blissey|75/100|[from] Sandstorm
|-heal|p1a: Blissey|81/100|[from] item: Leftovers
|upkeep
|turn|46
|
|t:|1729358068
|switch|p1a: Claydol|Claydol|82/100
|move|p2a: Aerodactyl|Rock Slide|p1a: Claydol
|-resisted|p1a: Claydol
|-damage|p1a: Claydol|55/100
|
|-weather|Sandstorm|[upkeep]
|-heal|p1a: Claydol|61/100|[from] item: Leftovers
|upkeep
|turn|47
|
|t:|1729358072
|switch|p2a: Skarmory|Skarmory, M|48/100
|move|p1a: Claydol|Shadow Ball|p2a: Skarmory
|-resisted|p2a: Skarmory
|-damage|p2a: Skarmory|40/100
|-unboost|p2a: Skarmory|spd|1
|
|-weather|Sandstorm|[upkeep]
|-heal|p1a: Claydol|67/100|[from] item: Leftovers
|-heal|p2a: Skarmory|46/100|[from] item: Leftovers
|upkeep
|turn|48
|
|t:|1729358076
|switch|p1a: Skarmory|Skarmory, F|58/100
|move|p2a: Skarmory|Toxic|p1a: Skarmory
|-immune|p1a: Skarmory
|
|-weather|Sandstorm|[upkeep]
|-heal|p1a: Skarmory|64/100|[from] item: Leftovers
|-heal|p2a: Skarmory|52/100|[from] item: Leftovers
|upkeep
|turn|49
|
|t:|1729358079
|move|p2a: Skarmory|Drill Peck|p1a: Skarmory
|-resisted|p1a: Skarmory
|-damage|p1a: Skarmory|55/100
|move|p1a: Skarmory|Roar|p2a: Skarmory
|drag|p2a: Aerodactyl|Aerodactyl, M|100/100
|
|-weather|Sandstorm|[upkeep]
|-heal|p1a: Skarmory|61/100|[from] item: Leftovers
|upkeep
|turn|50
|
|t:|1729358083
|move|p2a: Aerodactyl|Rock Slide|p1a: Skarmory
|-damage|p1a: Skarmory|23/100
|move|p1a: Skarmory|Toxic|p2a: Aerodactyl
|-status|p2a: Aerodactyl|tox
|
|-weather|Sandstorm|[upkeep]
|-damage|p2a: Aerodactyl|95/100 tox|[from] psn
|-heal|p1a: Skarmory|29/100|[from] item: Leftovers
|upkeep
|turn|51
|
|t:|1729358087
|move|p1a: Skarmory|Protect|p1a: Skarmory
|-singleturn|p1a: Skarmory|Protect
|move|p2a: Aerodactyl|Rock Slide|p1a: Skarmory|[miss]
|-miss|p2a: Aerodactyl|p1a: Skarmory
|
|-weather|Sandstorm|[upkeep]
|-damage|p2a: Aerodactyl|83/100 tox|[from] psn
|-heal|p1a: Skarmory|35/100|[from] item: Leftovers
|upkeep
|turn|52
|
|t:|1729358090
|switch|p1a: Claydol|Claydol|67/100
|move|p2a: Aerodactyl|Rock Slide|p1a: Claydol
|-resisted|p1a: Claydol
|-damage|p1a: Claydol|44/100
|
|-weather|Sandstorm|[upkeep]
|-damage|p2a: Aerodactyl|65/100 tox|[from] psn
|-heal|p1a: Claydol|50/100|[from] item: Leftovers
|upkeep
|turn|53
|
|t:|1729358092
|move|p2a: Aerodactyl|Rock Slide|p1a: Claydol
|-resisted|p1a: Claydol
|-damage|p1a: Claydol|24/100
|move|p1a: Claydol|Rest|p1a: Claydol
|-status|p1a: Claydol|slp|[from] move: Rest
|-heal|p1a: Claydol|100/100 slp|[silent]
|
|-weather|Sandstorm|[upkeep]
|-damage|p2a: Aerodactyl|41/100 tox|[from] psn
|upkeep
|turn|54
|
|t:|1729358098
|switch|p2a: Starmie|Starmie|70/100
|-damage|p2a: Starmie|45/100|[from] Spikes
|cant|p1a: Claydol|slp
|
|-weather|Sandstorm|[upkeep]
|-damage|p2a: Starmie|39/100|[from] Sandstorm
|-heal|p2a: Starmie|45/100|[from] item: Leftovers
|upkeep
|turn|55
|
|t:|1729358102
|switch|p1a: Blissey|Blissey, F|81/100
|move|p2a: Starmie|Surf|p1a: Blissey
|-damage|p1a: Blissey|63/100
|
|-weather|Sandstorm|[upkeep]
|-damage|p2a: Starmie|39/100|[from] Sandstorm
|-damage|p1a: Blissey|57/100|[from] Sandstorm
|-heal|p2a: Starmie|45/100|[from] item: Leftovers
|-heal|p1a: Blissey|63/100|[from] item: Leftovers
|upkeep
|turn|56
|
|t:|1729358106
|move|p2a: Starmie|Ice Beam|p1a: Blissey
|-damage|p1a: Blissey|53/100
|move|p1a: Blissey|Soft-Boiled|p1a: Blissey
|-heal|p1a: Blissey|100/100
|
|-weather|Sandstorm|[upkeep]
|-damage|p2a: Starmie|39/100|[from] Sandstorm
|-damage|p1a: Blissey|94/100|[from] Sandstorm
|-heal|p2a: Starmie|45/100|[from] item: Leftovers
|-heal|p1a: Blissey|100/100|[from] item: Leftovers
|upkeep
|turn|57
|
|t:|1729358108
|move|p2a: Starmie|Ice Beam|p1a: Blissey
|-damage|p1a: Blissey|89/100
|move|p1a: Blissey|Thunderbolt|p2a: Starmie
|-supereffective|p2a: Starmie
|-damage|p2a: Starmie|0 fnt
|faint|p2a: Starmie
|
|t:|1729358111
|switch|p2a: Aerodactyl|Aerodactyl, M|41/100 tox
|
|-weather|Sandstorm|[upkeep]
|-damage|p1a: Blissey|83/100|[from] Sandstorm
|-damage|p2a: Aerodactyl|35/100 tox|[from] psn
|-heal|p1a: Blissey|89/100|[from] item: Leftovers
|upkeep
|turn|58
|
|t:|1729358117
|switch|p1a: Dusclops|Dusclops, F|100/100
|move|p2a: Aerodactyl|Earthquake|p1a: Dusclops
|-damage|p1a: Dusclops|57/100
|
|-weather|Sandstorm|[upkeep]
|-damage|p1a: Dusclops|51/100|[from] Sandstorm
|-damage|p2a: Aerodactyl|23/100 tox|[from] psn
|-heal|p1a: Dusclops|57/100|[from] item: Leftovers
|upkeep
|turn|59
|
|t:|1729358123
|switch|p2a: Skarmory|Skarmory, M|52/100
|switch|p1a: Skarmory|Skarmory, F|35/100
|
|-weather|Sandstorm|[upkeep]
|-heal|p1a: Skarmory|41/100|[from] item: Leftovers
|-heal|p2a: Skarmory|58/100|[from] item: Leftovers
|upkeep
|turn|60
|
|t:|1729358125
|switch|p1a: Dusclops|Dusclops, F|57/100
|move|p2a: Skarmory|Drill Peck|p1a: Dusclops
|-damage|p1a: Dusclops|35/100
|
|-weather|Sandstorm|[upkeep]
|-damage|p1a: Dusclops|29/100|[from] Sandstorm
|-heal|p2a: Skarmory|64/100|[from] item: Leftovers
|-heal|p1a: Dusclops|35/100|[from] item: Leftovers
|upkeep
|turn|61
|
|t:|1729358131
|move|p2a: Skarmory|Drill Peck|p1a: Dusclops
|-damage|p1a: Dusclops|13/100
|move|p1a: Dusclops|Will-O-Wisp|p2a: Skarmory
|-status|p2a: Skarmory|brn
|
|-weather|Sandstorm|[upkeep]
|-damage|p1a: Dusclops|7/100|[from] Sandstorm
|-heal|p2a: Skarmory|70/100 brn|[from] item: Leftovers
|-damage|p2a: Skarmory|57/100 brn|[from] brn
|-heal|p1a: Dusclops|13/100|[from] item: Leftovers
|upkeep
|turn|62
|
|t:|1729358135
|switch|p1a: Skarmory|Skarmory, F|41/100
|move|p2a: Skarmory|Drill Peck|p1a: Skarmory
|-resisted|p1a: Skarmory
|-damage|p1a: Skarmory|37/100
|
|-weather|Sandstorm|[upkeep]
|-heal|p1a: Skarmory|43/100|[from] item: Leftovers
|-heal|p2a: Skarmory|63/100 brn|[from] item: Leftovers
|-damage|p2a: Skarmory|51/100 brn|[from] brn
|upkeep
|turn|63
|
|t:|1729358140
|switch|p1a: Claydol|Claydol|100/100 slp
|move|p2a: Skarmory|Drill Peck|p1a: Claydol
|-crit|p1a: Claydol
|-damage|p1a: Claydol|76/100 slp
|
|-weather|Sandstorm|[upkeep]
|-heal|p1a: Claydol|82/100 slp|[from] item: Leftovers
|-heal|p2a: Skarmory|57/100 brn|[from] item: Leftovers
|-damage|p2a: Skarmory|45/100 brn|[from] brn
|upkeep
|turn|64
|
|t:|1729358157
|switch|p1a: Skarmory|Skarmory, F|43/100
|move|p2a: Skarmory|Drill Peck|p1a: Skarmory
|-resisted|p1a: Skarmory
|-damage|p1a: Skarmory|39/100
|
|-weather|Sandstorm|[upkeep]
|-heal|p1a: Skarmory|45/100|[from] item: Leftovers
|-heal|p2a: Skarmory|51/100 brn|[from] item: Leftovers
|-damage|p2a: Skarmory|39/100 brn|[from] brn
|upkeep
|turn|65
|
|t:|1729358161
|move|p1a: Skarmory|Protect|p1a: Skarmory
|-singleturn|p1a: Skarmory|Protect
|move|p2a: Skarmory|Drill Peck|p1a: Skarmory
|-activate|p1a: Skarmory|Protect
|
|-weather|Sandstorm|[upkeep]
|-heal|p1a: Skarmory|51/100|[from] item: Leftovers
|-heal|p2a: Skarmory|45/100 brn|[from] item: Leftovers
|-damage|p2a: Skarmory|32/100 brn|[from] brn
|upkeep
|turn|66
|
|t:|1729358163
|move|p1a: Skarmory|Spikes||[still]
|-fail|p1a: Skarmory
|move|p2a: Skarmory|Drill Peck|p1a: Skarmory
|-resisted|p1a: Skarmory
|-damage|p1a: Skarmory|47/100
|
|-weather|Sandstorm|[upkeep]
|-heal|p1a: Skarmory|53/100|[from] item: Leftovers
|-heal|p2a: Skarmory|38/100 brn|[from] item: Leftovers
|-damage|p2a: Skarmory|26/100 brn|[from] brn
|upkeep
|turn|67
|
|t:|1729358165
|move|p1a: Skarmory|Spikes||[still]
|-fail|p1a: Skarmory
|move|p2a: Skarmory|Drill Peck|p1a: Skarmory
|-resisted|p1a: Skarmory
|-damage|p1a: Skarmory|48/100
|
|-weather|Sandstorm|[upkeep]
|-heal|p1a: Skarmory|54/100|[from] item: Leftovers
|-heal|p2a: Skarmory|32/100 brn|[from] item: Leftovers
|-damage|p2a: Skarmory|20/100 brn|[from] brn
|upkeep
|turn|68
|
|t:|1729358167
|move|p1a: Skarmory|Spikes||[still]
|-fail|p1a: Skarmory
|move|p2a: Skarmory|Drill Peck|p1a: Skarmory
|-resisted|p1a: Skarmory
|-damage|p1a: Skarmory|50/100
|
|-weather|Sandstorm|[upkeep]
|-heal|p1a: Skarmory|56/100|[from] item: Leftovers
|-heal|p2a: Skarmory|26/100 brn|[from] item: Leftovers
|-damage|p2a: Skarmory|13/100 brn|[from] brn
|upkeep
|turn|69
|
|t:|1729358168
|move|p1a: Skarmory|Spikes||[still]
|-fail|p1a: Skarmory
|move|p2a: Skarmory|Drill Peck|p1a: Skarmory
|-resisted|p1a: Skarmory
|-damage|p1a: Skarmory|52/100
|
|-weather|Sandstorm|[upkeep]
|-heal|p1a: Skarmory|58/100|[from] item: Leftovers
|-heal|p2a: Skarmory|19/100 brn|[from] item: Leftovers
|-damage|p2a: Skarmory|7/100 brn|[from] brn
|upkeep
|turn|70
|
|t:|1729358170
|move|p1a: Skarmory|Spikes||[still]
|-fail|p1a: Skarmory
|move|p2a: Skarmory|Drill Peck|p1a: Skarmory
|-resisted|p1a: Skarmory
|-damage|p1a: Skarmory|54/100
|
|-weather|Sandstorm|[upkeep]
|-heal|p1a: Skarmory|60/100|[from] item: Leftovers
|-heal|p2a: Skarmory|13/100 brn|[from] item: Leftovers
|-damage|p2a: Skarmory|1/100 brn|[from] brn
|upkeep
|turn|71
|
|t:|1729358171
|move|p1a: Skarmory|Spikes||[still]
|-fail|p1a: Skarmory
|move|p2a: Skarmory|Drill Peck|p1a: Skarmory
|-resisted|p1a: Skarmory
|-damage|p1a: Skarmory|56/100
|
|-weather|Sandstorm|[upkeep]
|-heal|p1a: Skarmory|62/100|[from] item: Leftovers
|-heal|p2a: Skarmory|7/100 brn|[from] item: Leftovers
|-damage|p2a: Skarmory|0 fnt|[from] brn
|faint|p2a: Skarmory
|upkeep
|
|t:|1729358172
|switch|p2a: Aerodactyl|Aerodactyl, M|23/100 tox
|turn|72
|
|t:|1729358174
|move|p1a: Skarmory|Protect|p1a: Skarmory
|-singleturn|p1a: Skarmory|Protect
|move|p2a: Aerodactyl|Rock Slide|p1a: Skarmory
|-activate|p1a: Skarmory|Protect
|
|-weather|Sandstorm|[upkeep]
|-damage|p2a: Aerodactyl|17/100 tox|[from] psn
|-heal|p1a: Skarmory|68/100|[from] item: Leftovers
|upkeep
|turn|73
|
|t:|1729358178
|switch|p1a: Claydol|Claydol|82/100 slp
|move|p2a: Aerodactyl|Rock Slide|p1a: Claydol
|-resisted|p1a: Claydol
|-damage|p1a: Claydol|55/100 slp
|
|-weather|Sandstorm|[upkeep]
|-damage|p2a: Aerodactyl|5/100 tox|[from] psn
|-heal|p1a: Claydol|61/100 slp|[from] item: Leftovers
|upkeep
|turn|74
|
|t:|1729358180
|move|p2a: Aerodactyl|Rock Slide|p1a: Claydol
|-resisted|p1a: Claydol
|-damage|p1a: Claydol|34/100 slp
|cant|p1a: Claydol|slp
|
|-weather|Sandstorm|[upkeep]
|-damage|p2a: Aerodactyl|0 fnt|[from] psn
|faint|p2a: Aerodactyl
|
|win|tempokin
|upkeep
|c|☆tempokin|gg

</script>
<script type="application/json" class="data" id="replaydata-smogtours-gen3ou-799956">
{"id":"smogtours-gen3ou-799956","format":"[Gen 3] OU","players":["tempokin","SqueamishCube"],"uploadtime":1729358180,"views":83,"formatid":"gen3ou","rating":null,"private":0,"password":null}
</script>

<script defer src="js/replays.js?9d40a366"></script>
