<!DOCTYPE html>
<meta charset="utf-8" />
<meta name="viewport" content="width=device-width" />

<title>[Gen 3] OU: fanofthecats27 vs. Pak - Replays - Pok&eacute;mon Showdown!</title>

<meta name="description" content="Watch a replay of a Pok&eacute;mon battle between fanofthecats27 and Pak! Format: [Gen 3] OU; Date: Nov 17, 2024" />
<!--

Hey, you! Looking in the source for the replay log?

You can find them in JSON format, just add `.json` at the end of a replay URL.

https://replay.pokemonshowdown.com/gen7randomdoublesbattle-865046831.json

Or, if you only need the log itself, add `.log` instead:

https://replay.pokemonshowdown.com/gen7randomdoublesbattle-865046831.log

-->

<link rel="stylesheet" href="//pokemonshowdown.com/style/global.css?0.767286132409787" />
<link rel="stylesheet" href="//play.pokemonshowdown.com/style/font-awesome.css?0.9266228007934947" />
<link rel="stylesheet" href="//play.pokemonshowdown.com/style/battle.css?0.7924700842790926" />
<link rel="stylesheet" href="//play.pokemonshowdown.com/style/utilichart.css?0.8777417872839479" />

<!-- Global site tag (gtag.js) - Google Analytics -->
<script async src="https://www.googletagmanager.com/gtag/js?id=UA-26211653-1"></script>
<script>
  window.dataLayer = window.dataLayer || [];
  function gtag(){dataLayer.push(arguments);}
  gtag('js', new Date());

  gtag('config', 'UA-26211653-1');
</script>
<!-- End Google Analytics -->
<!-- Venatus Ad Manager - Install in <HEAD> of page -->
	<script src="https://hb.vntsm.com/v3/live/ad-manager.min.js" type="text/javascript" data-site-id="642aba63ec9a7b11c3c9c1be" data-mode="scan" async></script>
<!-- / Venatus Ad Manager -->

<style>
	@media (max-width:820px) {
		.battle {
			margin: 0 auto;
		}
		.battle-log {
			margin: 7px auto 0;
			max-width: 640px;
			height: 300px;
			position: static;
		}
	}
	.optgroup {
		display: inline-block;
		line-height: 22px;
		font-size: 10pt;
	}
	.optgroup .button {
		height: 25px;
		padding-top: 0;
		padding-bottom: 0;
	}
	.optgroup button.button {
		padding-left: 12px;
		padding-right: 12px;
	}
	.linklist {
		list-style: none;
		margin: 0.5em 0;
		padding: 0;
	}
	.linklist li {
		padding: 2px 0;
	}
	.sidebar {
		float: left;
		width: 320px;
	}
	.bar-wrapper {
		max-width: 1100px;
		margin: 0 auto;
	}
	.bar-wrapper.has-sidebar {
		max-width: 1430px;
	}
	.mainbar {
		margin: 0;
		padding-right: 1px;
	}
	.mainbar.has-sidebar {
		margin-left: 330px;
	}
	@media (min-width: 1511px) {
		.sidebar {
			width: 400px;
		}
		.bar-wrapper.has-sidebar {
			max-width: 1510px;
		}
		.mainbar.has-sidebar {
			margin-left: 410px;
		}
	}
	.section.first-section {
		margin-top: 9px;
	}
	.blocklink small {
		white-space: normal;
	}
	.button {
		vertical-align: middle;
	}
	.replay-controls {
		padding-top: 10px;
	}
	.replay-controls h1 {
		font-size: 16pt;
		font-weight: normal;
		color: #CCC;
	}
	.pagelink {
		text-align: center;
	}
	.pagelink a {
		width: 150px;
	}
	.textbox, .button {
		font-size: 11pt;
		vertical-align: middle;
	}
	@media (max-width: 450px) {
		.button {
			font-size: 9pt;
		}
	}
</style>

<div>

	<header>
		<div class="nav-wrapper"><ul class="nav">
			<li><a class="button nav-first" href="//pokemonshowdown.com/"><img src="//pokemonshowdown.com/images/pokemonshowdownbeta.png" srcset="//pokemonshowdown.com/images/pokemonshowdownbeta.png 1x, //pokemonshowdown.com/images/pokemonshowdownbeta@2x.png 2x" alt="Pok&eacute;mon Showdown" width="146" height="44" /> Home</a></li>
			<li><a class="button" href="//pokemonshowdown.com/dex/">Pok&eacute;dex</a></li>
			<li><a class="button cur" href="/">Replays</a></li>
			<li><a class="button" href="//pokemonshowdown.com/ladder/">Ladder</a></li>
			<li><a class="button nav-last" href="//pokemonshowdown.com/forums/">Forum</a></li>
			<li><a class="button greenbutton nav-first nav-last" href="//play.pokemonshowdown.com/">Play</a></li>
		</ul></div>
	</header>

	<div class="main" id="main">

		<noscript><section class="section">You need to enable JavaScript to use this page; sorry!</section></noscript>

	</div>

</div>

<script defer nomodule src="//play.pokemonshowdown.com/js/lib/ps-polyfill.js"></script>
<script defer src="//play.pokemonshowdown.com/js/lib/preact.min.js"></script>

<script defer src="//play.pokemonshowdown.com/config/config.js?6dec07f6"></script>
<script defer src="//play.pokemonshowdown.com/js/lib/jquery-1.11.0.min.js"></script>
<script defer src="//play.pokemonshowdown.com/js/lib/html-sanitizer-minified.js"></script>
<script defer src="//play.pokemonshowdown.com/js/battle-sound.js"></script>
<script defer src="//play.pokemonshowdown.com/js/battledata.js?0.6315294753075389"></script>
<script defer src="//play.pokemonshowdown.com/data/pokedex-mini.js?0.7603743185311358"></script>
<script defer src="//play.pokemonshowdown.com/data/pokedex-mini-bw.js?0.030888842834281283"></script>
<script defer src="//play.pokemonshowdown.com/data/graphics.js?0.05593094747507488"></script>
<script defer src="//play.pokemonshowdown.com/data/pokedex.js?0.47064822249611904"></script>
<script defer src="//play.pokemonshowdown.com/data/moves.js?0.8583693120512459"></script>
<script defer src="//play.pokemonshowdown.com/data/abilities.js?0.16017181182386842"></script>
<script defer src="//play.pokemonshowdown.com/data/items.js?0.4163379185673943"></script>
<script defer src="//play.pokemonshowdown.com/data/teambuilder-tables.js?0.31075597372830477"></script>
<script defer src="//play.pokemonshowdown.com/js/battle-tooltips.js?0.6536193500708172"></script>
<script defer src="//play.pokemonshowdown.com/js/battle.js?0.1916591943277901"></script>

<script defer src="js/utils.js?e31f9a17"></script>
<script defer src="js/replays-battle.js?7008c182"></script>

<!-- don't scrape this data! just add .json or .log after the URL!
Full API docs: https://github.com/smogon/pokemon-showdown-client/blob/master/WEB-API.md -->
<script type="text/plain" class="log" id="replaylog-smogtours-gen3ou-806630">
|inactive|Battle timer is ON: inactive players will automatically lose when time's up.
|t:|1731802556
|gametype|singles
|player|p1|fanofthecats27|bea|
|player|p2|Pak|#pak|
|teamsize|p1|6
|teamsize|p2|6
|gen|3
|tier|[Gen 3] OU
|rule|Sleep Clause Mod: Limit one foe put to sleep
|rule|Switch Priority Clause Mod: Faster Pokémon switch first
|rule|Species Clause: Limit one of each Pokémon
|rule|OHKO Clause: OHKO moves are banned
|rule|Evasion Items Clause: Evasion items are banned
|rule|Evasion Moves Clause: Evasion moves are banned
|rule|Endless Battle Clause: Forcing endless battles is banned
|rule|HP Percentage Mod: HP is shown in percentages
|rule|One Boost Passer Clause: Limit one Baton Passer that has a way to boost its stats
|rule|Freeze Clause Mod: Limit one foe frozen
|
|t:|1731802556
|start
|switch|p1a: Tyranitar|Tyranitar, M|100/100
|switch|p2a: Tyranitar|Tyranitar, M|100/100
|-weather|Sandstorm|[from] ability: Sand Stream|[of] p1a: Tyranitar
|turn|1
|c|☆fanofthecats27|Hf!
|c|☆Pak|hf
|c|☆fanofthecats27|Lets have a better one
|c|☆fanofthecats27|/log fanofthecats27 made the replay of this battle unlisted.
|
|t:|1731802575
|-singleturn|p1a: Tyranitar|move: Focus Punch
|switch|p2a: indigo plateau|Suicune|100/100
|move|p1a: Tyranitar|Focus Punch|p2a: indigo plateau
|-damage|p2a: indigo plateau|63/100
|
|-weather|Sandstorm|[upkeep]
|-damage|p2a: indigo plateau|57/100|[from] Sandstorm
|-heal|p2a: indigo plateau|63/100|[from] item: Leftovers
|upkeep
|turn|2
|c|☆fanofthecats27|Ip mentioned
|c|☆fanofthecats27|Thats mans
|
|t:|1731802590
|switch|p1a: Starmie|Starmie|100/100
|move|p2a: indigo plateau|Roar|p1a: Starmie
|drag|p1a: Tyranitar|Tyranitar, M|100/100
|
|-weather|Sandstorm|[upkeep]
|-damage|p2a: indigo plateau|57/100|[from] Sandstorm
|-heal|p2a: indigo plateau|63/100|[from] item: Leftovers
|upkeep
|turn|3
|
|t:|1731802600
|switch|p1a: Starmie|Starmie|100/100
|move|p2a: indigo plateau|Surf|p1a: Starmie
|-resisted|p1a: Starmie
|-damage|p1a: Starmie|77/100
|
|-weather|Sandstorm|[upkeep]
|-damage|p1a: Starmie|71/100|[from] Sandstorm
|-damage|p2a: indigo plateau|57/100|[from] Sandstorm
|-heal|p1a: Starmie|77/100|[from] item: Leftovers
|-heal|p2a: indigo plateau|63/100|[from] item: Leftovers
|upkeep
|turn|4
|c|☆fanofthecats27|Is he still around
|
|t:|1731802621
|switch|p2a: Blissey|Blissey, F, shiny|100/100
|move|p1a: Starmie|Hydro Pump|p2a: Blissey
|-damage|p2a: Blissey|80/100
|
|-weather|Sandstorm|[upkeep]
|-damage|p1a: Starmie|71/100|[from] Sandstorm
|-damage|p2a: Blissey|74/100|[from] Sandstorm
|-heal|p1a: Starmie|77/100|[from] item: Leftovers
|-heal|p2a: Blissey|80/100|[from] item: Leftovers
|upkeep
|turn|5
|
|t:|1731802631
|switch|p1a: Skarmory|Skarmory, F|100/100
|move|p2a: Blissey|Thunder Wave|p1a: Skarmory
|-status|p1a: Skarmory|par
|
|-weather|Sandstorm|[upkeep]
|-damage|p2a: Blissey|74/100|[from] Sandstorm
|-heal|p2a: Blissey|80/100|[from] item: Leftovers
|upkeep
|turn|6
|
|t:|1731802634
|switch|p2a: Forretress|Forretress, F|100/100
|cant|p1a: Skarmory|par
|
|-weather|Sandstorm|[upkeep]
|upkeep
|turn|7
|
|t:|1731802639
|move|p2a: Forretress|Spikes|p1a: Skarmory
|-sidestart|p1: fanofthecats27|Spikes
|move|p1a: Skarmory|Spikes|p2a: Forretress
|-sidestart|p2: Pak|Spikes
|
|-weather|Sandstorm|[upkeep]
|upkeep
|turn|8
|
|t:|1731802644
|switch|p1a: Gengar|Gengar, M|100/100
|move|p2a: Forretress|Spikes|p1a: Gengar
|-sidestart|p1: fanofthecats27|Spikes
|
|-weather|Sandstorm|[upkeep]
|-damage|p1a: Gengar|95/100|[from] Sandstorm
|-heal|p1a: Gengar|100/100|[from] item: Leftovers
|upkeep
|turn|9
|
|t:|1731802651
|switch|p2a: Blissey|Blissey, F, shiny|80/100
|-damage|p2a: Blissey|67/100|[from] Spikes
|move|p1a: Gengar|Will-O-Wisp|p2a: Blissey
|-status|p2a: Blissey|brn
|
|-weather|Sandstorm|[upkeep]
|-damage|p1a: Gengar|95/100|[from] Sandstorm
|-damage|p2a: Blissey|61/100 brn|[from] Sandstorm
|-heal|p1a: Gengar|100/100|[from] item: Leftovers
|-heal|p2a: Blissey|67/100 brn|[from] item: Leftovers
|-damage|p2a: Blissey|55/100 brn|[from] brn
|upkeep
|turn|10
|
|t:|1731802655
|-curestatus|p2a: Blissey|brn|[from] ability: Natural Cure
|switch|p2a: Tyranitar|Tyranitar, M|100/100
|-damage|p2a: Tyranitar|88/100|[from] Spikes
|move|p1a: Gengar|Taunt|p2a: Tyranitar
|-start|p2a: Tyranitar|move: Taunt
|
|-weather|Sandstorm|[upkeep]
|-damage|p1a: Gengar|95/100|[from] Sandstorm
|-heal|p1a: Gengar|100/100|[from] item: Leftovers
|-heal|p2a: Tyranitar|94/100|[from] item: Leftovers
|upkeep
|turn|11
|
|t:|1731802658
|move|p1a: Gengar|Will-O-Wisp|p2a: Tyranitar|[miss]
|-miss|p1a: Gengar|p2a: Tyranitar
|move|p2a: Tyranitar|Pursuit|p1a: Gengar
|-supereffective|p1a: Gengar
|-damage|p1a: Gengar|55/100
|
|-weather|Sandstorm|[upkeep]
|-damage|p1a: Gengar|49/100|[from] Sandstorm
|-heal|p1a: Gengar|55/100|[from] item: Leftovers
|-heal|p2a: Tyranitar|100/100|[from] item: Leftovers
|-end|p2a: Tyranitar|move: Taunt|[silent]
|upkeep
|turn|12
|
|t:|1731802664
|move|p1a: Gengar|Destiny Bond|p1a: Gengar
|-singlemove|p1a: Gengar|Destiny Bond
|move|p2a: Tyranitar|Pursuit|p1a: Gengar
|-supereffective|p1a: Gengar
|-damage|p1a: Gengar|12/100
|
|-weather|Sandstorm|[upkeep]
|-damage|p1a: Gengar|6/100|[from] Sandstorm
|-heal|p1a: Gengar|12/100|[from] item: Leftovers
|upkeep
|turn|13
|inactive|Pak has 270 seconds left.
|
|t:|1731802711
|move|p1a: Gengar|Destiny Bond|p1a: Gengar
|-singlemove|p1a: Gengar|Destiny Bond
|move|p2a: Tyranitar|Pursuit|p1a: Gengar
|-supereffective|p1a: Gengar
|-damage|p1a: Gengar|0 fnt
|faint|p1a: Gengar
|-activate|p1a: Gengar|move: Destiny Bond
|faint|p2a: Tyranitar
|
|t:|1731802725
|switch|p1a: Jirachi|Jirachi|100/100
|switch|p2a: Salamence|Salamence, M|100/100
|-ability|p2a: Salamence|Intimidate|boost
|-unboost|p1a: Jirachi|atk|1
|-damage|p1a: Jirachi|84/100|[from] Spikes
|
|-weather|Sandstorm|[upkeep]
|-damage|p2a: Salamence|94/100|[from] Sandstorm
|-heal|p2a: Salamence|100/100|[from] item: Leftovers
|-heal|p1a: Jirachi|90/100|[from] item: Leftovers
|upkeep
|turn|14
|
|t:|1731802750
|move|p2a: Salamence|Fire Blast|p1a: Jirachi
|-supereffective|p1a: Jirachi
|-damage|p1a: Jirachi|18/100
|move|p1a: Jirachi|Psychic|p2a: Salamence
|-damage|p2a: Salamence|46/100
|
|-weather|Sandstorm|[upkeep]
|-damage|p2a: Salamence|40/100|[from] Sandstorm
|-heal|p2a: Salamence|46/100|[from] item: Leftovers
|-heal|p1a: Jirachi|24/100|[from] item: Leftovers
|upkeep
|turn|15
|
|t:|1731802758
|switch|p1a: Starmie|Starmie|77/100
|-damage|p1a: Starmie|61/100|[from] Spikes
|move|p2a: Salamence|Fire Blast|p1a: Starmie
|-resisted|p1a: Starmie
|-damage|p1a: Starmie|31/100
|
|-weather|Sandstorm|[upkeep]
|-damage|p1a: Starmie|25/100|[from] Sandstorm
|-damage|p2a: Salamence|40/100|[from] Sandstorm
|-heal|p1a: Starmie|31/100|[from] item: Leftovers
|-heal|p2a: Salamence|46/100|[from] item: Leftovers
|upkeep
|turn|16
|
|t:|1731802768
|switch|p2a: Blissey|Blissey, F, shiny|55/100
|-damage|p2a: Blissey|42/100|[from] Spikes
|move|p1a: Starmie|Ice Beam|p2a: Blissey
|-damage|p2a: Blissey|30/100
|
|-weather|Sandstorm|[upkeep]
|-damage|p1a: Starmie|25/100|[from] Sandstorm
|-damage|p2a: Blissey|24/100|[from] Sandstorm
|-heal|p1a: Starmie|31/100|[from] item: Leftovers
|-heal|p2a: Blissey|30/100|[from] item: Leftovers
|upkeep
|turn|17
|
|t:|1731802771
|move|p1a: Starmie|Rapid Spin|p2a: Blissey
|-damage|p2a: Blissey|28/100
|-sideend|p1: fanofthecats27|Spikes|[from] move: Rapid Spin|[of] p1a: Starmie
|move|p2a: Blissey|Soft-Boiled|p2a: Blissey
|-heal|p2a: Blissey|78/100
|
|-weather|Sandstorm|[upkeep]
|-damage|p1a: Starmie|25/100|[from] Sandstorm
|-damage|p2a: Blissey|71/100|[from] Sandstorm
|-heal|p1a: Starmie|31/100|[from] item: Leftovers
|-heal|p2a: Blissey|78/100|[from] item: Leftovers
|upkeep
|turn|18
|
|t:|1731802778
|switch|p1a: Swampert|Swampert, M|100/100
|switch|p2a: Forretress|Forretress, F|100/100
|-damage|p2a: Forretress|88/100|[from] Spikes
|
|-weather|Sandstorm|[upkeep]
|-heal|p2a: Forretress|94/100|[from] item: Leftovers
|upkeep
|turn|19
|inactive|Pak has 270 seconds left.
|
|t:|1731802783
|move|p1a: Swampert|Surf|p2a: Forretress
|-damage|p2a: Forretress|60/100
|move|p2a: Forretress|Rapid Spin|p1a: Swampert
|-damage|p1a: Swampert|97/100
|-sideend|p2: Pak|Spikes|[from] move: Rapid Spin|[of] p2a: Forretress
|
|-weather|Sandstorm|[upkeep]
|-heal|p1a: Swampert|100/100|[from] item: Leftovers
|-heal|p2a: Forretress|66/100|[from] item: Leftovers
|upkeep
|turn|20
|
|t:|1731802788
|move|p1a: Swampert|Surf|p2a: Forretress
|-damage|p2a: Forretress|30/100
|move|p2a: Forretress|Spikes|p1a: Swampert
|-sidestart|p1: fanofthecats27|Spikes
|
|-weather|Sandstorm|[upkeep]
|-heal|p2a: Forretress|36/100|[from] item: Leftovers
|upkeep
|turn|21
|
|t:|1731802803
|switch|p1a: Starmie|Starmie|31/100
|-damage|p1a: Starmie|18/100|[from] Spikes
|switch|p2a: Blissey|Blissey, F, shiny|78/100
|
|-weather|Sandstorm|[upkeep]
|-damage|p1a: Starmie|12/100|[from] Sandstorm
|-damage|p2a: Blissey|71/100|[from] Sandstorm
|-heal|p1a: Starmie|18/100|[from] item: Leftovers
|-heal|p2a: Blissey|78/100|[from] item: Leftovers
|upkeep
|turn|22
|
|t:|1731802807
|move|p1a: Starmie|Rapid Spin|p2a: Blissey
|-damage|p2a: Blissey|75/100
|-sideend|p1: fanofthecats27|Spikes|[from] move: Rapid Spin|[of] p1a: Starmie
|move|p2a: Blissey|Seismic Toss|p1a: Starmie
|-damage|p1a: Starmie|0 fnt
|faint|p1a: Starmie
|
|t:|1731802811
|switch|p1a: Jirachi|Jirachi|24/100
|
|-weather|Sandstorm|[upkeep]
|-damage|p2a: Blissey|69/100|[from] Sandstorm
|-heal|p1a: Jirachi|31/100|[from] item: Leftovers
|-heal|p2a: Blissey|75/100|[from] item: Leftovers
|upkeep
|turn|23
|
|t:|1731802816
|move|p1a: Jirachi|Dynamic Punch|p2a: Blissey|[miss]
|-miss|p1a: Jirachi|p2a: Blissey
|move|p2a: Blissey|Seismic Toss|p1a: Jirachi
|-damage|p1a: Jirachi|3/100
|
|-weather|Sandstorm|[upkeep]
|-damage|p2a: Blissey|69/100|[from] Sandstorm
|-heal|p1a: Jirachi|10/100|[from] item: Leftovers
|-heal|p2a: Blissey|75/100|[from] item: Leftovers
|upkeep
|turn|24
|
|t:|1731802824
|move|p1a: Jirachi|Dynamic Punch|p2a: Blissey
|-supereffective|p2a: Blissey
|-damage|p2a: Blissey|31/100
|-start|p2a: Blissey|confusion
|-activate|p2a: Blissey|confusion
|move|p2a: Blissey|Seismic Toss|p1a: Jirachi
|-damage|p1a: Jirachi|0 fnt
|faint|p1a: Jirachi
|
|t:|1731802828
|switch|p1a: Tyranitar|Tyranitar, M|100/100
|
|-weather|Sandstorm|[upkeep]
|-damage|p2a: Blissey|25/100|[from] Sandstorm
|-heal|p2a: Blissey|31/100|[from] item: Leftovers
|upkeep
|turn|25
|
|t:|1731802839
|move|p1a: Tyranitar|Dragon Dance|p1a: Tyranitar
|-boost|p1a: Tyranitar|atk|1
|-boost|p1a: Tyranitar|spe|1
|-activate|p2a: Blissey|confusion
|move|p2a: Blissey|Thunder Wave|p1a: Tyranitar
|-status|p1a: Tyranitar|par
|
|-weather|Sandstorm|[upkeep]
|-damage|p2a: Blissey|25/100|[from] Sandstorm
|-heal|p2a: Blissey|31/100|[from] item: Leftovers
|upkeep
|turn|26
|
|t:|1731802852
|switch|p2a: Salamence|Salamence, M|46/100
|-ability|p2a: Salamence|Intimidate|boost
|-unboost|p1a: Tyranitar|atk|1
|move|p1a: Tyranitar|Rock Slide|p2a: Salamence
|-supereffective|p2a: Salamence
|-damage|p2a: Salamence|0 fnt
|faint|p2a: Salamence
|
|t:|1731802857
|switch|p2a: indigo plateau|Suicune|63/100
|
|-weather|Sandstorm|[upkeep]
|-damage|p2a: indigo plateau|57/100|[from] Sandstorm
|-heal|p2a: indigo plateau|63/100|[from] item: Leftovers
|upkeep
|turn|27
|
|t:|1731802860
|move|p2a: indigo plateau|Surf|p1a: Tyranitar
|-supereffective|p1a: Tyranitar
|-damage|p1a: Tyranitar|40/100 par
|move|p1a: Tyranitar|Rock Slide|p2a: indigo plateau
|-damage|p2a: indigo plateau|34/100
|
|-weather|Sandstorm|[upkeep]
|-damage|p2a: indigo plateau|27/100|[from] Sandstorm
|-heal|p2a: indigo plateau|34/100|[from] item: Leftovers
|-heal|p1a: Tyranitar|46/100 par|[from] item: Leftovers
|upkeep
|turn|28
|
|t:|1731802865
|switch|p1a: Swampert|Swampert, M|100/100
|move|p2a: indigo plateau|Surf|p1a: Swampert
|-damage|p1a: Swampert|71/100
|
|-weather|Sandstorm|[upkeep]
|-damage|p2a: indigo plateau|27/100|[from] Sandstorm
|-heal|p2a: indigo plateau|34/100|[from] item: Leftovers
|-heal|p1a: Swampert|77/100|[from] item: Leftovers
|upkeep
|turn|29
|
|t:|1731802872
|move|p2a: indigo plateau|Rest|p2a: indigo plateau
|-status|p2a: indigo plateau|slp|[from] move: Rest
|-heal|p2a: indigo plateau|100/100 slp|[silent]
|move|p1a: Swampert|Roar|p2a: indigo plateau
|drag|p2a: Jirachi|Jirachi|100/100
|
|-weather|Sandstorm|[upkeep]
|-heal|p1a: Swampert|83/100|[from] item: Leftovers
|upkeep
|turn|30
|
|t:|1731802877
|move|p2a: Jirachi|Hidden Power|p1a: Swampert
|-supereffective|p1a: Swampert
|-damage|p1a: Swampert|16/100
|move|p1a: Swampert|Surf|p2a: Jirachi
|-damage|p2a: Jirachi|52/100
|
|-weather|Sandstorm|[upkeep]
|-heal|p2a: Jirachi|58/100|[from] item: Leftovers
|-heal|p1a: Swampert|22/100|[from] item: Leftovers
|upkeep
|turn|31
|c|☆fanofthecats27|Gg
|-message|fanofthecats27 forfeited.
|
|win|Pak

</script>
<script type="application/json" class="data" id="replaydata-smogtours-gen3ou-806630">
{"id":"smogtours-gen3ou-806630","format":"[Gen 3] OU","players":["fanofthecats27","Pak"],"uploadtime":1731802884,"views":49,"formatid":"gen3ou","rating":null,"private":1,"password":null}
</script>

<script defer src="js/replays.js?9d40a366"></script>
