<!DOCTYPE html>
<meta charset="utf-8" />
<meta name="viewport" content="width=device-width" />

<title>[Gen 3] OU: HoChi_Pro vs. Fakes - Replays - Pok&eacute;mon Showdown!</title>

<meta name="description" content="Watch a replay of a Pok&eacute;mon battle between HoChi_Pro and Fakes! Format: [Gen 3] OU; Date: Oct 23, 2024" />
<!--

Hey, you! Looking in the source for the replay log?

You can find them in JSON format, just add `.json` at the end of a replay URL.

https://replay.pokemonshowdown.com/gen7randomdoublesbattle-865046831.json

Or, if you only need the log itself, add `.log` instead:

https://replay.pokemonshowdown.com/gen7randomdoublesbattle-865046831.log

-->

<link rel="stylesheet" href="//pokemonshowdown.com/style/global.css?0.023195364461161105" />
<link rel="stylesheet" href="//play.pokemonshowdown.com/style/font-awesome.css?0.13261647063804238" />
<link rel="stylesheet" href="//play.pokemonshowdown.com/style/battle.css?0.8753245789963631" />
<link rel="stylesheet" href="//play.pokemonshowdown.com/style/utilichart.css?0.8627959624976733" />

<!-- Global site tag (gtag.js) - Google Analytics -->
<script async src="https://www.googletagmanager.com/gtag/js?id=UA-26211653-1"></script>
<script>
  window.dataLayer = window.dataLayer || [];
  function gtag(){dataLayer.push(arguments);}
  gtag('js', new Date());

  gtag('config', 'UA-26211653-1');
</script>
<!-- End Google Analytics -->
<!-- Venatus Ad Manager - Install in <HEAD> of page -->
	<script src="https://hb.vntsm.com/v3/live/ad-manager.min.js" type="text/javascript" data-site-id="642aba63ec9a7b11c3c9c1be" data-mode="scan" async></script>
<!-- / Venatus Ad Manager -->

<style>
	@media (max-width:820px) {
		.battle {
			margin: 0 auto;
		}
		.battle-log {
			margin: 7px auto 0;
			max-width: 640px;
			height: 300px;
			position: static;
		}
	}
	.optgroup {
		display: inline-block;
		line-height: 22px;
		font-size: 10pt;
	}
	.optgroup .button {
		height: 25px;
		padding-top: 0;
		padding-bottom: 0;
	}
	.optgroup button.button {
		padding-left: 12px;
		padding-right: 12px;
	}
	.linklist {
		list-style: none;
		margin: 0.5em 0;
		padding: 0;
	}
	.linklist li {
		padding: 2px 0;
	}
	.sidebar {
		float: left;
		width: 320px;
	}
	.bar-wrapper {
		max-width: 1100px;
		margin: 0 auto;
	}
	.bar-wrapper.has-sidebar {
		max-width: 1430px;
	}
	.mainbar {
		margin: 0;
		padding-right: 1px;
	}
	.mainbar.has-sidebar {
		margin-left: 330px;
	}
	@media (min-width: 1511px) {
		.sidebar {
			width: 400px;
		}
		.bar-wrapper.has-sidebar {
			max-width: 1510px;
		}
		.mainbar.has-sidebar {
			margin-left: 410px;
		}
	}
	.section.first-section {
		margin-top: 9px;
	}
	.blocklink small {
		white-space: normal;
	}
	.button {
		vertical-align: middle;
	}
	.replay-controls {
		padding-top: 10px;
	}
	.replay-controls h1 {
		font-size: 16pt;
		font-weight: normal;
		color: #CCC;
	}
	.pagelink {
		text-align: center;
	}
	.pagelink a {
		width: 150px;
	}
	.textbox, .button {
		font-size: 11pt;
		vertical-align: middle;
	}
	@media (max-width: 450px) {
		.button {
			font-size: 9pt;
		}
	}
</style>

<div>

	<header>
		<div class="nav-wrapper"><ul class="nav">
			<li><a class="button nav-first" href="//pokemonshowdown.com/"><img src="//pokemonshowdown.com/images/pokemonshowdownbeta.png" srcset="//pokemonshowdown.com/images/pokemonshowdownbeta.png 1x, //pokemonshowdown.com/images/pokemonshowdownbeta@2x.png 2x" alt="Pok&eacute;mon Showdown" width="146" height="44" /> Home</a></li>
			<li><a class="button" href="//pokemonshowdown.com/dex/">Pok&eacute;dex</a></li>
			<li><a class="button cur" href="/">Replays</a></li>
			<li><a class="button" href="//pokemonshowdown.com/ladder/">Ladder</a></li>
			<li><a class="button nav-last" href="//pokemonshowdown.com/forums/">Forum</a></li>
			<li><a class="button greenbutton nav-first nav-last" href="//play.pokemonshowdown.com/">Play</a></li>
		</ul></div>
	</header>

	<div class="main" id="main">

		<noscript><section class="section">You need to enable JavaScript to use this page; sorry!</section></noscript>

	</div>

</div>

<script defer nomodule src="//play.pokemonshowdown.com/js/lib/ps-polyfill.js"></script>
<script defer src="//play.pokemonshowdown.com/js/lib/preact.min.js"></script>

<script defer src="//play.pokemonshowdown.com/config/config.js?2bddbc15"></script>
<script defer src="//play.pokemonshowdown.com/js/lib/jquery-1.11.0.min.js"></script>
<script defer src="//play.pokemonshowdown.com/js/lib/html-sanitizer-minified.js"></script>
<script defer src="//play.pokemonshowdown.com/js/battle-sound.js"></script>
<script defer src="//play.pokemonshowdown.com/js/battledata.js?0.7209276989879541"></script>
<script defer src="//play.pokemonshowdown.com/data/pokedex-mini.js?0.6111056340867951"></script>
<script defer src="//play.pokemonshowdown.com/data/pokedex-mini-bw.js?0.3532142036491459"></script>
<script defer src="//play.pokemonshowdown.com/data/graphics.js?0.24223875632456182"></script>
<script defer src="//play.pokemonshowdown.com/data/pokedex.js?0.38839984266356864"></script>
<script defer src="//play.pokemonshowdown.com/data/moves.js?0.21866028504024015"></script>
<script defer src="//play.pokemonshowdown.com/data/abilities.js?0.2005157953846628"></script>
<script defer src="//play.pokemonshowdown.com/data/items.js?0.9894211263848525"></script>
<script defer src="//play.pokemonshowdown.com/data/teambuilder-tables.js?0.6008791140282215"></script>
<script defer src="//play.pokemonshowdown.com/js/battle-tooltips.js?0.7580118955022959"></script>
<script defer src="//play.pokemonshowdown.com/js/battle.js?0.6057722274234274"></script>

<script defer src="js/utils.js?e31f9a17"></script>
<script defer src="js/replays-battle.js?7008c182"></script>

<!-- don't scrape this data! just add .json or .log after the URL!
Full API docs: https://github.com/smogon/pokemon-showdown-client/blob/master/WEB-API.md -->
<script type="text/plain" class="log" id="replaylog-smogtours-gen3ou-801407">
|inactive|Battle timer is ON: inactive players will automatically lose when time's up.
|t:|1729710552
|gametype|singles
|player|p1|HoChi_Pro|pokemonbreeder-gen4|
|player|p2|Fakes|lucas|
|teamsize|p1|6
|teamsize|p2|6
|gen|3
|tier|[Gen 3] OU
|rule|Sleep Clause Mod: Limit one foe put to sleep
|rule|Switch Priority Clause Mod: Faster Pokémon switch first
|rule|Species Clause: Limit one of each Pokémon
|rule|OHKO Clause: OHKO moves are banned
|rule|Evasion Items Clause: Evasion items are banned
|rule|Evasion Moves Clause: Evasion moves are banned
|rule|Endless Battle Clause: Forcing endless battles is banned
|rule|HP Percentage Mod: HP is shown in percentages
|rule|One Boost Passer Clause: Limit one Baton Passer that has a way to boost its stats
|rule|Freeze Clause Mod: Limit one foe frozen
|
|t:|1729710552
|start
|switch|p1a: Hariyama|Hariyama, M|100/100
|switch|p2a: Milotic|Milotic, M|100/100
|turn|1
|inactive|HoChi_Pro has 270 seconds left.
|
|t:|1729710595
|move|p2a: Milotic|Surf|p1a: Hariyama
|-damage|p1a: Hariyama|71/100
|move|p1a: Hariyama|Knock Off|p2a: Milotic
|-damage|p2a: Milotic|99/100
|-enditem|p2a: Milotic|Leftovers|[from] move: Knock Off|[of] p1a: Hariyama
|-hint|In Gens 3-4, Knock Off only makes the target's item unusable; it cannot obtain a new item.
|
|-heal|p1a: Hariyama|77/100|[from] item: Leftovers
|upkeep
|turn|2
|
|t:|1729710601
|switch|p1a: Jirachi|Jirachi|100/100
|move|p2a: Milotic|Surf|p1a: Jirachi
|-crit|p1a: Jirachi
|-damage|p1a: Jirachi|60/100
|
|-heal|p1a: Jirachi|66/100|[from] item: Leftovers
|upkeep
|turn|3
|
|t:|1729710605
|move|p1a: Jirachi|Wish|p1a: Jirachi
|move|p2a: Milotic|Surf|p1a: Jirachi
|-damage|p1a: Jirachi|47/100
|
|-heal|p1a: Jirachi|53/100|[from] item: Leftovers
|upkeep
|turn|4
|
|t:|1729710611
|move|p1a: Jirachi|Toxic|p2a: Milotic
|-status|p2a: Milotic|tox
|move|p2a: Milotic|Surf|p1a: Jirachi
|-damage|p1a: Jirachi|31/100
|
|-heal|p1a: Jirachi|81/100|[from] move: Wish|[wisher] Jirachi
|-heal|p1a: Jirachi|88/100|[from] item: Leftovers
|-damage|p2a: Milotic|93/100 tox|[from] psn
|upkeep
|turn|5
|
|t:|1729710616
|move|p1a: Jirachi|Wish|p1a: Jirachi
|move|p2a: Milotic|Refresh|p2a: Milotic
|-curestatus|p2a: Milotic|tox|[msg]
|
|-heal|p1a: Jirachi|94/100|[from] item: Leftovers
|upkeep
|turn|6
|inactive|HoChi_Pro has 270 seconds left.
|
|t:|1729710664
|switch|p1a: Blissey|Blissey, F|100/100
|move|p2a: Milotic|Toxic|p1a: Blissey
|-status|p1a: Blissey|tox
|
|-damage|p1a: Blissey|94/100 tox|[from] psn
|upkeep
|turn|7
|
|t:|1729710676
|-curestatus|p1a: Blissey|tox|[from] ability: Natural Cure
|switch|p1a: Jirachi|Jirachi|94/100
|move|p2a: Milotic|Surf|p1a: Jirachi
|-crit|p1a: Jirachi
|-damage|p1a: Jirachi|48/100
|
|-heal|p1a: Jirachi|54/100|[from] item: Leftovers
|upkeep
|turn|8
|inactive|HoChi_Pro has 270 seconds left.
|
|t:|1729710682
|move|p1a: Jirachi|Protect|p1a: Jirachi
|-singleturn|p1a: Jirachi|Protect
|move|p2a: Milotic|Surf|p1a: Jirachi
|-activate|p1a: Jirachi|Protect
|
|-heal|p1a: Jirachi|61/100|[from] item: Leftovers
|upkeep
|turn|9
|
|t:|1729710686
|switch|p1a: Blissey|Blissey, F|94/100
|move|p2a: Milotic|Surf|p1a: Blissey
|-damage|p1a: Blissey|81/100
|
|-heal|p1a: Blissey|88/100|[from] item: Leftovers
|upkeep
|turn|10
|
|t:|1729710690
|move|p2a: Milotic|Toxic|p1a: Blissey
|-status|p1a: Blissey|tox
|move|p1a: Blissey|Thunderbolt|p2a: Milotic
|-supereffective|p2a: Milotic
|-damage|p2a: Milotic|57/100
|
|-heal|p1a: Blissey|94/100 tox|[from] item: Leftovers
|-damage|p1a: Blissey|88/100 tox|[from] psn
|upkeep
|turn|11
|
|t:|1729710696
|-curestatus|p1a: Blissey|tox|[from] ability: Natural Cure
|switch|p1a: Jirachi|Jirachi|61/100
|move|p2a: Milotic|Recover|p2a: Milotic
|-heal|p2a: Milotic|100/100
|
|-heal|p1a: Jirachi|67/100|[from] item: Leftovers
|upkeep
|turn|12
|
|t:|1729710702
|switch|p2a: Claydol|Claydol|100/100
|move|p1a: Jirachi|Wish|p1a: Jirachi
|
|-heal|p1a: Jirachi|73/100|[from] item: Leftovers
|upkeep
|turn|13
|
|t:|1729710716
|switch|p1a: Salamence|Salamence, F|100/100
|-ability|p1a: Salamence|Intimidate|boost
|-unboost|p2a: Claydol|atk|1
|move|p2a: Claydol|Earthquake|p1a: Salamence
|-immune|p1a: Salamence
|
|upkeep
|turn|14
|
|t:|1729710729
|switch|p1a: Hariyama|Hariyama, M|77/100
|switch|p2a: Skarmory|Skarmory, F|100/100
|
|-heal|p1a: Hariyama|83/100|[from] item: Leftovers
|upkeep
|turn|15
|
|t:|1729710733
|move|p2a: Skarmory|Drill Peck|p1a: Hariyama
|-supereffective|p1a: Hariyama
|-damage|p1a: Hariyama|40/100
|move|p1a: Hariyama|Knock Off|p2a: Skarmory
|-resisted|p2a: Skarmory
|-damage|p2a: Skarmory|99/100
|-enditem|p2a: Skarmory|Leftovers|[from] move: Knock Off|[of] p1a: Hariyama
|
|-heal|p1a: Hariyama|46/100|[from] item: Leftovers
|upkeep
|turn|16
|
|t:|1729710746
|move|p2a: Skarmory|Spikes|p1a: Hariyama
|-sidestart|p1: HoChi_Pro|Spikes
|move|p1a: Hariyama|Cross Chop|p2a: Skarmory
|-damage|p2a: Skarmory|66/100
|
|-heal|p1a: Hariyama|52/100|[from] item: Leftovers
|upkeep
|turn|17
|
|t:|1729710759
|move|p2a: Skarmory|Drill Peck|p1a: Hariyama
|-supereffective|p1a: Hariyama
|-damage|p1a: Hariyama|6/100
|move|p1a: Hariyama|Cross Chop|p2a: Skarmory
|-damage|p2a: Skarmory|30/100
|
|-heal|p1a: Hariyama|12/100|[from] item: Leftovers
|upkeep
|turn|18
|
|t:|1729710765
|move|p2a: Skarmory|Drill Peck|p1a: Hariyama
|-supereffective|p1a: Hariyama
|-damage|p1a: Hariyama|0 fnt
|faint|p1a: Hariyama
|inactive|HoChi_Pro has 270 seconds left.
|inactive|HoChi_Pro has 240 seconds left.
|
|t:|1729710841
|switch|p1a: Jirachi|Jirachi|73/100
|-damage|p1a: Jirachi|61/100|[from] Spikes
|
|-heal|p1a: Jirachi|67/100|[from] item: Leftovers
|upkeep
|turn|19
|
|t:|1729710856
|switch|p2a: Claydol|Claydol|100/100
|move|p1a: Jirachi|Wish|p1a: Jirachi
|
|-heal|p1a: Jirachi|73/100|[from] item: Leftovers
|upkeep
|turn|20
|
|t:|1729710862
|switch|p1a: Claydol|Claydol|100/100
|move|p2a: Claydol|Earthquake|p1a: Claydol
|-immune|p1a: Claydol
|
|upkeep
|turn|21
|
|t:|1729710869
|switch|p2a: Milotic|Milotic, M|100/100
|move|p1a: Claydol|Rapid Spin|p2a: Milotic
|-damage|p2a: Milotic|97/100
|-sideend|p1: HoChi_Pro|Spikes|[from] move: Rapid Spin|[of] p1a: Claydol
|
|upkeep
|turn|22
|
|t:|1729710876
|switch|p2a: Dugtrio|Dugtrio, F|100/100
|switch|p1a: Blissey|Blissey, F|88/100
|
|-heal|p1a: Blissey|94/100|[from] item: Leftovers
|upkeep
|turn|23
|
|t:|1729710884
|switch|p2a: Milotic|Milotic, M|97/100
|move|p1a: Blissey|Ice Beam|p2a: Milotic
|-resisted|p2a: Milotic
|-damage|p2a: Milotic|88/100
|
|-heal|p1a: Blissey|99/100|[from] item: Leftovers
|upkeep
|turn|24
|inactive|HoChi_Pro has 270 seconds left.
|
|t:|1729710891
|move|p2a: Milotic|Toxic|p1a: Blissey
|-status|p1a: Blissey|tox
|move|p1a: Blissey|Calm Mind|p1a: Blissey
|-boost|p1a: Blissey|spa|1
|-boost|p1a: Blissey|spd|1
|
|-heal|p1a: Blissey|100/100 tox|[from] item: Leftovers
|-damage|p1a: Blissey|94/100 tox|[from] psn
|upkeep
|turn|25
|
|t:|1729710905
|switch|p2a: Claydol|Claydol|100/100
|-curestatus|p1a: Blissey|tox|[from] ability: Natural Cure
|switch|p1a: Jirachi|Jirachi|73/100
|
|-heal|p1a: Jirachi|79/100|[from] item: Leftovers
|upkeep
|turn|26
|
|t:|1729710914
|move|p1a: Jirachi|Protect|p1a: Jirachi
|-singleturn|p1a: Jirachi|Protect
|move|p2a: Claydol|Earthquake|p1a: Jirachi
|-activate|p1a: Jirachi|Protect
|
|-heal|p1a: Jirachi|85/100|[from] item: Leftovers
|upkeep
|turn|27
|
|t:|1729710923
|switch|p1a: Claydol|Claydol|100/100
|move|p2a: Claydol|Earthquake|p1a: Claydol
|-immune|p1a: Claydol
|
|upkeep
|turn|28
|
|t:|1729710929
|move|p1a: Claydol|Psychic|p2a: Claydol
|-resisted|p2a: Claydol
|-damage|p2a: Claydol|92/100
|move|p2a: Claydol|Earthquake|p1a: Claydol
|-immune|p1a: Claydol
|
|-heal|p2a: Claydol|98/100|[from] item: Leftovers
|upkeep
|turn|29
|
|t:|1729710957
|switch|p1a: Salamence|Salamence, F|100/100
|-ability|p1a: Salamence|Intimidate|boost
|-unboost|p2a: Claydol|atk|1
|switch|p2a: Celebi|Celebi|100/100
|
|upkeep
|turn|30
|
|t:|1729710965
|switch|p2a: Jirachi|Jirachi|100/100
|move|p1a: Salamence|Hidden Power|p2a: Jirachi
|-resisted|p2a: Jirachi
|-damage|p2a: Jirachi|80/100
|
|-heal|p2a: Jirachi|86/100|[from] item: Leftovers
|upkeep
|turn|31
|
|t:|1729710980
|switch|p1a: Blissey|Blissey, F|94/100
|move|p2a: Jirachi|Wish|p2a: Jirachi
|
|-heal|p2a: Jirachi|92/100|[from] item: Leftovers
|-heal|p1a: Blissey|100/100|[from] item: Leftovers
|upkeep
|turn|32
|
|t:|1729710990
|move|p2a: Jirachi|Calm Mind|p2a: Jirachi
|-boost|p2a: Jirachi|spa|1
|-boost|p2a: Jirachi|spd|1
|move|p1a: Blissey|Calm Mind|p1a: Blissey
|-boost|p1a: Blissey|spa|1
|-boost|p1a: Blissey|spd|1
|
|-heal|p2a: Jirachi|100/100|[from] move: Wish|[wisher] Jirachi
|upkeep
|turn|33
|
|t:|1729710998
|move|p2a: Jirachi|Calm Mind|p2a: Jirachi
|-boost|p2a: Jirachi|spa|1
|-boost|p2a: Jirachi|spd|1
|move|p1a: Blissey|Calm Mind|p1a: Blissey
|-boost|p1a: Blissey|spa|1
|-boost|p1a: Blissey|spd|1
|
|upkeep
|turn|34
|
|t:|1729711009
|move|p2a: Jirachi|Calm Mind|p2a: Jirachi
|-boost|p2a: Jirachi|spa|1
|-boost|p2a: Jirachi|spd|1
|move|p1a: Blissey|Ice Beam|p2a: Jirachi
|-resisted|p2a: Jirachi
|-damage|p2a: Jirachi|92/100
|-status|p2a: Jirachi|frz
|
|-heal|p2a: Jirachi|98/100 frz|[from] item: Leftovers
|upkeep
|turn|35
|inactive|HoChi_Pro has 270 seconds left.
|inactive|HoChi_Pro has 240 seconds left.
|
|t:|1729711069
|switch|p1a: Salamence|Salamence, F|100/100
|-ability|p1a: Salamence|Intimidate|boost
|-unboost|p2a: Jirachi|atk|1
|cant|p2a: Jirachi|frz
|
|-heal|p2a: Jirachi|100/100 frz|[from] item: Leftovers
|upkeep
|turn|36
|inactive|Fakes disconnected and has 300 seconds to reconnect!
|player|p2|
|inactive|Fakes has 270 seconds to reconnect!
|inactive|Fakes has 240 seconds to reconnect!
|inactive|Fakes reconnected and has 280 seconds left.
|player|p2|Fakes|lucas|
|inactive|Fakes has 270 seconds left.
|
|t:|1729711161
|switch|p2a: Claydol|Claydol|98/100
|move|p1a: Salamence|Earthquake|p2a: Claydol
|-immune|p2a: Claydol
|
|-heal|p2a: Claydol|100/100|[from] item: Leftovers
|upkeep
|turn|37
|
|t:|1729711170
|switch|p1a: Claydol|Claydol|100/100
|switch|p2a: Skarmory|Skarmory, F|30/100
|
|upkeep
|turn|38
|
|t:|1729711189
|switch|p1a: Jirachi|Jirachi|85/100
|switch|p2a: Celebi|Celebi|100/100
|
|-heal|p1a: Jirachi|92/100|[from] item: Leftovers
|upkeep
|turn|39
|
|t:|1729711197
|move|p2a: Celebi|Calm Mind|p2a: Celebi
|-boost|p2a: Celebi|spa|1
|-boost|p2a: Celebi|spd|1
|move|p1a: Jirachi|Wish|p1a: Jirachi
|
|-heal|p1a: Jirachi|98/100|[from] item: Leftovers
|upkeep
|turn|40
|
|t:|1729711204
|switch|p1a: Salamence|Salamence, F|100/100
|-ability|p1a: Salamence|Intimidate|boost
|-unboost|p2a: Celebi|atk|1
|move|p2a: Celebi|Leech Seed|p1a: Salamence
|-start|p1a: Salamence|move: Leech Seed
|
|-damage|p1a: Salamence|88/100|[from] Leech Seed|[of] p2a: Celebi
|upkeep
|turn|41
|inactive|HoChi_Pro has 270 seconds left.
|
|t:|1729711215
|switch|p1a: Jirachi|Jirachi|98/100
|move|p2a: Celebi|Psychic|p1a: Jirachi
|-resisted|p1a: Jirachi
|-crit|p1a: Jirachi
|-damage|p1a: Jirachi|82/100
|
|-heal|p1a: Jirachi|89/100|[from] item: Leftovers
|upkeep
|turn|42
|inactive|HoChi_Pro has 270 seconds left.
|
|t:|1729711222
|move|p2a: Celebi|Leech Seed|p1a: Jirachi
|-start|p1a: Jirachi|move: Leech Seed
|move|p1a: Jirachi|Toxic|p2a: Celebi
|-status|p2a: Celebi|tox
|
|-damage|p2a: Celebi|94/100 tox|[from] psn
|-heal|p1a: Jirachi|95/100|[from] item: Leftovers
|-damage|p1a: Jirachi|82/100|[from] Leech Seed|[of] p2a: Celebi
|-heal|p2a: Celebi|100/100 tox|[silent]
|upkeep
|turn|43
|
|t:|1729711230
|switch|p1a: Blissey|Blissey, F|100/100
|move|p2a: Celebi|Leech Seed|p1a: Blissey
|-start|p1a: Blissey|move: Leech Seed
|
|-damage|p2a: Celebi|88/100 tox|[from] psn
|-damage|p1a: Blissey|88/100|[from] Leech Seed|[of] p2a: Celebi
|-heal|p2a: Celebi|100/100 tox|[silent]
|upkeep
|turn|44
|inactive|HoChi_Pro has 270 seconds left.
|
|t:|1729711255
|-curestatus|p2a: Celebi|tox|[from] ability: Natural Cure
|switch|p2a: Jirachi|Jirachi|100/100 frz
|switch|p1a: Jirachi|Jirachi|82/100
|
|-heal|p1a: Jirachi|89/100|[from] item: Leftovers
|upkeep
|turn|45
|inactive|HoChi_Pro has 270 seconds left.
|
|t:|1729711264
|switch|p1a: Claydol|Claydol|100/100
|cant|p2a: Jirachi|frz
|
|upkeep
|turn|46
|
|t:|1729711267
|cant|p2a: Jirachi|frz
|move|p1a: Claydol|Earthquake|p2a: Jirachi
|-supereffective|p2a: Jirachi
|-damage|p2a: Jirachi|53/100 frz
|
|-heal|p2a: Jirachi|59/100 frz|[from] item: Leftovers
|upkeep
|turn|47
|
|t:|1729711272
|switch|p2a: Celebi|Celebi|100/100
|move|p1a: Claydol|Earthquake|p2a: Celebi
|-resisted|p2a: Celebi
|-damage|p2a: Celebi|86/100
|
|-heal|p2a: Celebi|93/100|[from] item: Leftovers
|upkeep
|turn|48
|
|t:|1729711279
|switch|p1a: Salamence|Salamence, F|88/100
|-ability|p1a: Salamence|Intimidate|boost
|-unboost|p2a: Celebi|atk|1
|move|p2a: Celebi|Calm Mind|p2a: Celebi
|-boost|p2a: Celebi|spa|1
|-boost|p2a: Celebi|spd|1
|
|-heal|p2a: Celebi|99/100|[from] item: Leftovers
|upkeep
|turn|49
|
|t:|1729711289
|move|p1a: Salamence|Hidden Power|p2a: Celebi
|-supereffective|p2a: Celebi
|-damage|p2a: Celebi|3/100
|move|p2a: Celebi|Leech Seed|p1a: Salamence
|-start|p1a: Salamence|move: Leech Seed
|
|-damage|p1a: Salamence|76/100|[from] Leech Seed|[of] p2a: Celebi
|-heal|p2a: Celebi|13/100|[silent]
|-heal|p2a: Celebi|19/100|[from] item: Leftovers
|upkeep
|turn|50
|
|t:|1729711296
|switch|p1a: Claydol|Claydol|100/100
|switch|p2a: Jirachi|Jirachi|59/100 frz
|
|-heal|p2a: Jirachi|66/100 frz|[from] item: Leftovers
|upkeep
|turn|51
|
|t:|1729711300
|switch|p2a: Celebi|Celebi|19/100
|move|p1a: Claydol|Earthquake|p2a: Celebi
|-resisted|p2a: Celebi
|-damage|p2a: Celebi|4/100
|
|-heal|p2a: Celebi|10/100|[from] item: Leftovers
|upkeep
|turn|52
|
|t:|1729711310
|switch|p1a: Blissey|Blissey, F|88/100
|move|p2a: Celebi|Recover|p2a: Celebi
|-heal|p2a: Celebi|60/100
|
|-heal|p2a: Celebi|66/100|[from] item: Leftovers
|-heal|p1a: Blissey|94/100|[from] item: Leftovers
|upkeep
|turn|53
|
|t:|1729711314
|move|p2a: Celebi|Leech Seed|p1a: Blissey
|-start|p1a: Blissey|move: Leech Seed
|move|p1a: Blissey|Ice Beam|p2a: Celebi
|-supereffective|p2a: Celebi
|-damage|p2a: Celebi|33/100
|
|-heal|p2a: Celebi|39/100|[from] item: Leftovers
|-heal|p1a: Blissey|99/100|[from] item: Leftovers
|-damage|p1a: Blissey|88/100|[from] Leech Seed|[of] p2a: Celebi
|-heal|p2a: Celebi|59/100|[silent]
|upkeep
|turn|54
|
|t:|1729711319
|switch|p1a: Salamence|Salamence, F|76/100
|-ability|p1a: Salamence|Intimidate|boost
|-unboost|p2a: Celebi|atk|1
|move|p2a: Celebi|Leech Seed|p1a: Salamence
|-start|p1a: Salamence|move: Leech Seed
|
|-damage|p1a: Salamence|63/100|[from] Leech Seed|[of] p2a: Celebi
|-heal|p2a: Celebi|69/100|[silent]
|-heal|p2a: Celebi|75/100|[from] item: Leftovers
|upkeep
|turn|55
|
|t:|1729711325
|switch|p1a: Jirachi|Jirachi|89/100
|switch|p2a: Skarmory|Skarmory, F|30/100
|
|-heal|p1a: Jirachi|95/100|[from] item: Leftovers
|upkeep
|turn|56
|
|t:|1729711331
|switch|p1a: Claydol|Claydol|100/100
|switch|p2a: Milotic|Milotic, M|88/100
|
|upkeep
|turn|57
|
|t:|1729711337
|switch|p1a: Blissey|Blissey, F|88/100
|move|p2a: Milotic|Toxic|p1a: Blissey
|-status|p1a: Blissey|tox
|
|-heal|p1a: Blissey|94/100 tox|[from] item: Leftovers
|-damage|p1a: Blissey|88/100 tox|[from] psn
|upkeep
|turn|58
|inactive|HoChi_Pro has 270 seconds left.
|
|t:|1729711383
|switch|p2a: Jirachi|Jirachi|66/100 frz
|move|p1a: Blissey|Thunderbolt|p2a: Jirachi
|-damage|p2a: Jirachi|42/100 frz
|
|-heal|p2a: Jirachi|49/100 frz|[from] item: Leftovers
|-heal|p1a: Blissey|94/100 tox|[from] item: Leftovers
|-damage|p1a: Blissey|82/100 tox|[from] psn
|upkeep
|turn|59
|
|t:|1729711388
|-curestatus|p1a: Blissey|tox|[from] ability: Natural Cure
|switch|p1a: Claydol|Claydol|100/100
|-curestatus|p2a: Jirachi|frz|[msg]
|move|p2a: Jirachi|Wish|p2a: Jirachi
|
|-heal|p2a: Jirachi|55/100|[from] item: Leftovers
|upkeep
|turn|60
|inactive|HoChi_Pro has 270 seconds left.
|
|t:|1729711394
|switch|p2a: Skarmory|Skarmory, F|30/100
|move|p1a: Claydol|Earthquake|p2a: Skarmory
|-immune|p2a: Skarmory
|
|-heal|p2a: Skarmory|80/100|[from] move: Wish|[wisher] Jirachi
|upkeep
|turn|61
|
|t:|1729711402
|switch|p1a: Jirachi|Jirachi|95/100
|move|p2a: Skarmory|Spikes|p1a: Jirachi
|-sidestart|p1: HoChi_Pro|Spikes
|
|-heal|p1a: Jirachi|100/100|[from] item: Leftovers
|upkeep
|turn|62
|
|t:|1729711407
|switch|p2a: Milotic|Milotic, M|88/100
|move|p1a: Jirachi|Fire Punch|p2a: Milotic
|-resisted|p2a: Milotic
|-damage|p2a: Milotic|82/100
|
|upkeep
|turn|63
|
|t:|1729711414
|switch|p2a: Claydol|Claydol|100/100
|move|p1a: Jirachi|Wish|p1a: Jirachi
|
|upkeep
|turn|64
|
|t:|1729711419
|switch|p1a: Claydol|Claydol|100/100
|move|p2a: Claydol|Earthquake|p1a: Claydol
|-immune|p1a: Claydol
|
|upkeep
|turn|65
|
|t:|1729711422
|switch|p2a: Jirachi|Jirachi|55/100
|move|p1a: Claydol|Rapid Spin|p2a: Jirachi
|-resisted|p2a: Jirachi
|-damage|p2a: Jirachi|53/100
|-sideend|p1: HoChi_Pro|Spikes|[from] move: Rapid Spin|[of] p1a: Claydol
|
|-heal|p2a: Jirachi|59/100|[from] item: Leftovers
|upkeep
|turn|66
|
|t:|1729711426
|switch|p2a: Skarmory|Skarmory, F|80/100
|move|p1a: Claydol|Earthquake|p2a: Skarmory
|-immune|p2a: Skarmory
|
|upkeep
|turn|67
|
|t:|1729711431
|switch|p1a: Jirachi|Jirachi|100/100
|move|p2a: Skarmory|Spikes|p1a: Jirachi
|-sidestart|p1: HoChi_Pro|Spikes
|
|upkeep
|turn|68
|
|t:|1729711436
|switch|p2a: Celebi|Celebi|75/100
|move|p1a: Jirachi|Wish|p1a: Jirachi
|
|-heal|p2a: Celebi|81/100|[from] item: Leftovers
|upkeep
|turn|69
|
|t:|1729711444
|switch|p1a: Salamence|Salamence, F|63/100
|-ability|p1a: Salamence|Intimidate|boost
|-unboost|p2a: Celebi|atk|1
|move|p2a: Celebi|Psychic|p1a: Salamence
|-damage|p1a: Salamence|24/100
|
|-heal|p1a: Salamence|74/100|[from] move: Wish|[wisher] Jirachi
|-heal|p2a: Celebi|88/100|[from] item: Leftovers
|upkeep
|turn|70
|
|t:|1729711466
|switch|p2a: Skarmory|Skarmory, F|80/100
|move|p1a: Salamence|Hidden Power|p2a: Skarmory
|-resisted|p2a: Skarmory
|-damage|p2a: Skarmory|56/100
|
|upkeep
|turn|71
|
|t:|1729711477
|switch|p1a: Jirachi|Jirachi|100/100
|-damage|p1a: Jirachi|88/100|[from] Spikes
|move|p2a: Skarmory|Drill Peck|p1a: Jirachi
|-resisted|p1a: Jirachi
|-damage|p1a: Jirachi|79/100
|
|-heal|p1a: Jirachi|85/100|[from] item: Leftovers
|upkeep
|turn|72
|
|t:|1729711483
|switch|p2a: Milotic|Milotic, M|82/100
|move|p1a: Jirachi|Fire Punch|p2a: Milotic
|-resisted|p2a: Milotic
|-damage|p2a: Milotic|76/100
|-status|p2a: Milotic|brn
|
|-heal|p1a: Jirachi|92/100|[from] item: Leftovers
|-damage|p2a: Milotic|63/100 brn|[from] brn
|upkeep
|turn|73
|
|t:|1729711493
|move|p1a: Jirachi|Wish|p1a: Jirachi
|move|p2a: Milotic|Refresh|p2a: Milotic
|-curestatus|p2a: Milotic|brn|[msg]
|
|-heal|p1a: Jirachi|98/100|[from] item: Leftovers
|upkeep
|turn|74
|
|t:|1729711501
|switch|p1a: Blissey|Blissey, F|82/100
|-damage|p1a: Blissey|69/100|[from] Spikes
|move|p2a: Milotic|Toxic|p1a: Blissey
|-status|p1a: Blissey|tox
|
|-heal|p1a: Blissey|100/100 tox|[from] move: Wish|[wisher] Jirachi
|-damage|p1a: Blissey|94/100 tox|[from] psn
|upkeep
|turn|75
|
|t:|1729711511
|move|p2a: Milotic|Recover|p2a: Milotic
|-heal|p2a: Milotic|100/100
|move|p1a: Blissey|Ice Beam|p2a: Milotic
|-resisted|p2a: Milotic
|-damage|p2a: Milotic|91/100
|
|-heal|p1a: Blissey|100/100 tox|[from] item: Leftovers
|-damage|p1a: Blissey|88/100 tox|[from] psn
|upkeep
|turn|76
|
|t:|1729711520
|-curestatus|p1a: Blissey|tox|[from] ability: Natural Cure
|switch|p1a: Jirachi|Jirachi|98/100
|-damage|p1a: Jirachi|85/100|[from] Spikes
|move|p2a: Milotic|Surf|p1a: Jirachi
|-damage|p1a: Jirachi|65/100
|
|-heal|p1a: Jirachi|72/100|[from] item: Leftovers
|upkeep
|turn|77
|
|t:|1729711538
|switch|p1a: Salamence|Salamence, F|74/100
|-ability|p1a: Salamence|Intimidate|boost
|-unboost|p2a: Milotic|atk|1
|switch|p2a: Dugtrio|Dugtrio, F|100/100
|
|upkeep
|turn|78
|
|t:|1729711563
|switch|p2a: Skarmory|Skarmory, F|56/100
|move|p1a: Salamence|Hidden Power|p2a: Skarmory
|-resisted|p2a: Skarmory
|-damage|p2a: Skarmory|32/100
|
|upkeep
|turn|79
|
|t:|1729711568
|switch|p2a: Jirachi|Jirachi|59/100
|move|p1a: Salamence|Hidden Power|p2a: Jirachi
|-resisted|p2a: Jirachi
|-damage|p2a: Jirachi|40/100
|
|-heal|p2a: Jirachi|46/100|[from] item: Leftovers
|upkeep
|turn|80
|
|t:|1729711580
|switch|p1a: Claydol|Claydol|100/100
|move|p2a: Jirachi|Wish|p2a: Jirachi
|
|-heal|p2a: Jirachi|52/100|[from] item: Leftovers
|upkeep
|turn|81
|inactive|HoChi_Pro has 270 seconds left.
|
|t:|1729711607
|move|p2a: Jirachi|Fire Punch|p1a: Claydol
|-damage|p1a: Claydol|84/100
|move|p1a: Claydol|Rapid Spin|p2a: Jirachi
|-resisted|p2a: Jirachi
|-damage|p2a: Jirachi|50/100
|-sideend|p1: HoChi_Pro|Spikes|[from] move: Rapid Spin|[of] p1a: Claydol
|
|-heal|p2a: Jirachi|100/100|[from] move: Wish|[wisher] Jirachi
|-heal|p1a: Claydol|91/100|[from] item: Leftovers
|upkeep
|turn|82
|
|t:|1729711613
|switch|p2a: Celebi|Celebi|88/100
|move|p1a: Claydol|Earthquake|p2a: Celebi
|-resisted|p2a: Celebi
|-damage|p2a: Celebi|73/100
|
|-heal|p2a: Celebi|79/100|[from] item: Leftovers
|-heal|p1a: Claydol|97/100|[from] item: Leftovers
|upkeep
|turn|83
|
|t:|1729711623
|switch|p1a: Blissey|Blissey, F|88/100
|move|p2a: Celebi|Leech Seed|p1a: Blissey
|-start|p1a: Blissey|move: Leech Seed
|
|-heal|p2a: Celebi|85/100|[from] item: Leftovers
|-heal|p1a: Blissey|94/100|[from] item: Leftovers
|-damage|p1a: Blissey|82/100|[from] Leech Seed|[of] p2a: Celebi
|-heal|p2a: Celebi|100/100|[silent]
|upkeep
|turn|84
|
|t:|1729711642
|switch|p2a: Jirachi|Jirachi|100/100
|switch|p1a: Salamence|Salamence, F|74/100
|-ability|p1a: Salamence|Intimidate|boost
|-unboost|p2a: Jirachi|atk|1
|
|upkeep
|turn|85
|
|t:|1729711649
|switch|p2a: Skarmory|Skarmory, F|32/100
|move|p1a: Salamence|Earthquake|p2a: Skarmory
|-immune|p2a: Skarmory
|
|upkeep
|turn|86
|
|t:|1729711654
|switch|p1a: Claydol|Claydol|97/100
|move|p2a: Skarmory|Spikes|p1a: Claydol
|-sidestart|p1: HoChi_Pro|Spikes
|
|-heal|p1a: Claydol|100/100|[from] item: Leftovers
|upkeep
|turn|87
|
|t:|1729711659
|switch|p2a: Celebi|Celebi|100/100
|move|p1a: Claydol|Rapid Spin|p2a: Celebi
|-damage|p2a: Celebi|96/100
|-sideend|p1: HoChi_Pro|Spikes|[from] move: Rapid Spin|[of] p1a: Claydol
|
|-heal|p2a: Celebi|100/100|[from] item: Leftovers
|upkeep
|turn|88
|
|t:|1729711667
|switch|p1a: Salamence|Salamence, F|74/100
|-ability|p1a: Salamence|Intimidate|boost
|-unboost|p2a: Celebi|atk|1
|move|p2a: Celebi|Calm Mind|p2a: Celebi
|-boost|p2a: Celebi|spa|1
|-boost|p2a: Celebi|spd|1
|
|upkeep
|turn|89
|
|t:|1729711674
|move|p1a: Salamence|Hidden Power|p2a: Celebi
|-supereffective|p2a: Celebi
|-damage|p2a: Celebi|3/100
|move|p2a: Celebi|Psychic|p1a: Salamence
|-damage|p1a: Salamence|20/100
|
|-heal|p2a: Celebi|10/100|[from] item: Leftovers
|upkeep
|turn|90
|
|t:|1729711680
|switch|p2a: Jirachi|Jirachi|100/100
|move|p1a: Salamence|Hidden Power|p2a: Jirachi
|-resisted|p2a: Jirachi
|-damage|p2a: Jirachi|81/100
|
|-heal|p2a: Jirachi|87/100|[from] item: Leftovers
|upkeep
|turn|91
|
|t:|1729711702
|switch|p1a: Claydol|Claydol|100/100
|move|p2a: Jirachi|Wish|p2a: Jirachi
|
|-heal|p2a: Jirachi|94/100|[from] item: Leftovers
|upkeep
|turn|92
|
|t:|1729711713
|switch|p2a: Skarmory|Skarmory, F|32/100
|switch|p1a: Jirachi|Jirachi|72/100
|
|-heal|p2a: Skarmory|82/100|[from] move: Wish|[wisher] Jirachi
|-heal|p1a: Jirachi|78/100|[from] item: Leftovers
|upkeep
|turn|93
|
|t:|1729711726
|switch|p1a: Claydol|Claydol|100/100
|switch|p2a: Claydol|Claydol|100/100
|
|upkeep
|turn|94
|inactive|HoChi_Pro has 270 seconds left.
|
|t:|1729711765
|switch|p1a: Blissey|Blissey, F|82/100
|switch|p2a: Milotic|Milotic, M|91/100
|
|-heal|p1a: Blissey|88/100|[from] item: Leftovers
|upkeep
|turn|95
|inactive|HoChi_Pro has 270 seconds left.
|
|t:|1729711774
|switch|p1a: Jirachi|Jirachi|78/100
|move|p2a: Milotic|Toxic|p1a: Jirachi
|-immune|p1a: Jirachi
|
|-heal|p1a: Jirachi|84/100|[from] item: Leftovers
|upkeep
|turn|96
|
|t:|1729711780
|switch|p2a: Claydol|Claydol|100/100
|move|p1a: Jirachi|Wish|p1a: Jirachi
|
|-heal|p1a: Jirachi|90/100|[from] item: Leftovers
|upkeep
|turn|97
|
|t:|1729711787
|switch|p1a: Suicune|Suicune|100/100
|move|p2a: Claydol|Psychic|p1a: Suicune
|-damage|p1a: Suicune|84/100
|
|-heal|p1a: Suicune|100/100|[from] move: Wish|[wisher] Jirachi
|upkeep
|turn|98
|inactive|HoChi_Pro has 270 seconds left.
|
|t:|1729711841
|switch|p1a: Claydol|Claydol|100/100
|switch|p2a: Milotic|Milotic, M|91/100
|
|upkeep
|turn|99
|
|t:|1729711849
|switch|p2a: Skarmory|Skarmory, F|82/100
|switch|p1a: Blissey|Blissey, F|88/100
|
|-heal|p1a: Blissey|94/100|[from] item: Leftovers
|upkeep
|turn|100
|
|t:|1729711856
|switch|p2a: Claydol|Claydol|100/100
|move|p1a: Blissey|Thunderbolt|p2a: Claydol
|-immune|p2a: Claydol
|
|-heal|p1a: Blissey|99/100|[from] item: Leftovers
|upkeep
|turn|101
|
|t:|1729711869
|switch|p2a: Jirachi|Jirachi|94/100
|move|p1a: Blissey|Ice Beam|p2a: Jirachi
|-resisted|p2a: Jirachi
|-damage|p2a: Jirachi|82/100
|
|-heal|p2a: Jirachi|88/100|[from] item: Leftovers
|-heal|p1a: Blissey|100/100|[from] item: Leftovers
|upkeep
|turn|102
|
|t:|1729711878
|switch|p2a: Claydol|Claydol|100/100
|switch|p1a: Claydol|Claydol|100/100
|
|upkeep
|turn|103
|inactive|HoChi_Pro has 270 seconds left.
|
|t:|1729711890
|switch|p1a: Jirachi|Jirachi|90/100
|switch|p2a: Skarmory|Skarmory, F|82/100
|
|-heal|p1a: Jirachi|96/100|[from] item: Leftovers
|upkeep
|turn|104
|inactive|HoChi_Pro has 270 seconds left.
|
|t:|1729711901
|move|p2a: Skarmory|Protect|p2a: Skarmory
|-singleturn|p2a: Skarmory|Protect
|move|p1a: Jirachi|Fire Punch|p2a: Skarmory
|-activate|p2a: Skarmory|Protect
|
|-heal|p1a: Jirachi|100/100|[from] item: Leftovers
|upkeep
|turn|105
|
|t:|1729711907
|switch|p2a: Milotic|Milotic, M|91/100
|move|p1a: Jirachi|Wish|p1a: Jirachi
|
|upkeep
|turn|106
|inactive|HoChi_Pro has 270 seconds left.
|
|t:|1729711941
|move|p1a: Jirachi|Toxic|p2a: Milotic
|-status|p2a: Milotic|tox
|move|p2a: Milotic|Toxic|p1a: Jirachi
|-immune|p1a: Jirachi
|
|-damage|p2a: Milotic|85/100 tox|[from] psn
|upkeep
|turn|107
|
|t:|1729711950
|switch|p1a: Blissey|Blissey, F|100/100
|move|p2a: Milotic|Refresh|p2a: Milotic
|-curestatus|p2a: Milotic|tox|[msg]
|
|upkeep
|turn|108
|
|t:|1729711955
|switch|p1a: Jirachi|Jirachi|100/100
|move|p2a: Milotic|Toxic|p1a: Jirachi|[miss]
|-miss|p2a: Milotic|p1a: Jirachi
|
|upkeep
|turn|109
|
|t:|1729711963
|switch|p1a: Claydol|Claydol|100/100
|switch|p2a: Claydol|Claydol|100/100
|
|upkeep
|turn|110
|inactive|HoChi_Pro has 270 seconds left.
|inactive|Fakes has 270 seconds left.
|
|t:|1729711995
|switch|p2a: Jirachi|Jirachi|88/100
|move|p1a: Claydol|Rapid Spin|p2a: Jirachi
|-resisted|p2a: Jirachi
|-damage|p2a: Jirachi|87/100
|
|-heal|p2a: Jirachi|93/100|[from] item: Leftovers
|upkeep
|turn|111
|inactive|HoChi_Pro has 270 seconds left.
|
|t:|1729712001
|switch|p2a: Skarmory|Skarmory, F|82/100
|move|p1a: Claydol|Earthquake|p2a: Skarmory
|-immune|p2a: Skarmory
|
|upkeep
|turn|112
|
|t:|1729712010
|switch|p1a: Blissey|Blissey, F|100/100
|move|p2a: Skarmory|Spikes|p1a: Blissey
|-sidestart|p1: HoChi_Pro|Spikes
|
|upkeep
|turn|113
|
|t:|1729712024
|switch|p2a: Jirachi|Jirachi|93/100
|move|p1a: Blissey|Ice Beam|p2a: Jirachi
|-resisted|p2a: Jirachi
|-damage|p2a: Jirachi|83/100
|
|-heal|p2a: Jirachi|89/100|[from] item: Leftovers
|upkeep
|turn|114
|
|t:|1729712031
|switch|p1a: Claydol|Claydol|100/100
|move|p2a: Jirachi|Calm Mind|p2a: Jirachi
|-boost|p2a: Jirachi|spa|1
|-boost|p2a: Jirachi|spd|1
|
|-heal|p2a: Jirachi|96/100|[from] item: Leftovers
|upkeep
|turn|115
|
|t:|1729712035
|move|p2a: Jirachi|Fire Punch|p1a: Claydol
|-damage|p1a: Claydol|76/100
|-status|p1a: Claydol|brn
|move|p1a: Claydol|Earthquake|p2a: Jirachi
|-supereffective|p2a: Jirachi
|-damage|p2a: Jirachi|73/100
|
|-heal|p2a: Jirachi|79/100|[from] item: Leftovers
|-heal|p1a: Claydol|82/100 brn|[from] item: Leftovers
|-damage|p1a: Claydol|70/100 brn|[from] brn
|upkeep
|turn|116
|
|t:|1729712043
|switch|p1a: Suicune|Suicune|100/100
|-damage|p1a: Suicune|88/100|[from] Spikes
|move|p2a: Jirachi|Wish|p2a: Jirachi
|
|-heal|p2a: Jirachi|85/100|[from] item: Leftovers
|-heal|p1a: Suicune|94/100|[from] item: Leftovers
|upkeep
|turn|117
|
|t:|1729712048
|move|p2a: Jirachi|Psychic|p1a: Suicune
|-damage|p1a: Suicune|57/100
|move|p1a: Suicune|Calm Mind|p1a: Suicune
|-boost|p1a: Suicune|spa|1
|-boost|p1a: Suicune|spd|1
|
|-heal|p2a: Jirachi|100/100|[from] move: Wish|[wisher] Jirachi
|-heal|p1a: Suicune|63/100|[from] item: Leftovers
|upkeep
|turn|118
|
|t:|1729712059
|move|p2a: Jirachi|Psychic|p1a: Suicune
|-damage|p1a: Suicune|37/100
|move|p1a: Suicune|Calm Mind|p1a: Suicune
|-boost|p1a: Suicune|spa|1
|-boost|p1a: Suicune|spd|1
|
|-heal|p1a: Suicune|43/100|[from] item: Leftovers
|upkeep
|turn|119
|
|t:|1729712065
|move|p2a: Jirachi|Wish|p2a: Jirachi
|move|p1a: Suicune|Rest|p1a: Suicune
|-status|p1a: Suicune|slp|[from] move: Rest
|-heal|p1a: Suicune|100/100 slp|[silent]
|
|upkeep
|turn|120
|
|t:|1729712071
|switch|p2a: Celebi|Celebi|10/100
|cant|p1a: Suicune|slp
|
|-heal|p2a: Celebi|60/100|[from] move: Wish|[wisher] Jirachi
|-heal|p2a: Celebi|66/100|[from] item: Leftovers
|upkeep
|turn|121
|
|t:|1729712095
|switch|p1a: Jirachi|Jirachi|100/100
|-damage|p1a: Jirachi|88/100|[from] Spikes
|move|p2a: Celebi|Calm Mind|p2a: Celebi
|-boost|p2a: Celebi|spa|1
|-boost|p2a: Celebi|spd|1
|
|-heal|p2a: Celebi|72/100|[from] item: Leftovers
|-heal|p1a: Jirachi|94/100|[from] item: Leftovers
|upkeep
|turn|122
|
|t:|1729712104
|move|p2a: Celebi|Calm Mind|p2a: Celebi
|-boost|p2a: Celebi|spa|1
|-boost|p2a: Celebi|spd|1
|move|p1a: Jirachi|Toxic|p2a: Celebi|[miss]
|-miss|p1a: Jirachi|p2a: Celebi
|
|-heal|p2a: Celebi|78/100|[from] item: Leftovers
|-heal|p1a: Jirachi|100/100|[from] item: Leftovers
|upkeep
|turn|123
|
|t:|1729712109
|move|p2a: Celebi|Calm Mind|p2a: Celebi
|-boost|p2a: Celebi|spa|1
|-boost|p2a: Celebi|spd|1
|move|p1a: Jirachi|Toxic|p2a: Celebi
|-status|p2a: Celebi|tox
|
|-heal|p2a: Celebi|84/100 tox|[from] item: Leftovers
|-damage|p2a: Celebi|78/100 tox|[from] psn
|upkeep
|turn|124
|
|t:|1729712116
|move|p2a: Celebi|Leech Seed|p1a: Jirachi
|-start|p1a: Jirachi|move: Leech Seed
|move|p1a: Jirachi|Fire Punch|p2a: Celebi
|-supereffective|p2a: Celebi
|-damage|p2a: Celebi|69/100 tox
|
|-heal|p2a: Celebi|75/100 tox|[from] item: Leftovers
|-damage|p2a: Celebi|63/100 tox|[from] psn
|-damage|p1a: Jirachi|88/100|[from] Leech Seed|[of] p2a: Celebi
|-heal|p2a: Celebi|75/100 tox|[silent]
|upkeep
|turn|125
|
|t:|1729712121
|move|p1a: Jirachi|Protect|p1a: Jirachi
|-singleturn|p1a: Jirachi|Protect
|move|p2a: Celebi|Psychic|p1a: Jirachi
|-activate|p1a: Jirachi|Protect
|
|-heal|p2a: Celebi|82/100 tox|[from] item: Leftovers
|-damage|p2a: Celebi|63/100 tox|[from] psn
|-heal|p1a: Jirachi|94/100|[from] item: Leftovers
|-damage|p1a: Jirachi|82/100|[from] Leech Seed|[of] p2a: Celebi
|-heal|p2a: Celebi|75/100 tox|[silent]
|upkeep
|turn|126
|
|t:|1729712125
|switch|p1a: Claydol|Claydol|70/100 brn
|move|p2a: Celebi|Psychic|p1a: Claydol
|-resisted|p1a: Claydol
|-crit|p1a: Claydol
|-damage|p1a: Claydol|3/100 brn
|
|-heal|p2a: Celebi|82/100 tox|[from] item: Leftovers
|-damage|p2a: Celebi|57/100 tox|[from] psn
|-heal|p1a: Claydol|9/100 brn|[from] item: Leftovers
|-damage|p1a: Claydol|0 fnt|[from] brn
|faint|p1a: Claydol
|upkeep
|
|t:|1729712136
|switch|p1a: Salamence|Salamence, F|20/100
|-ability|p1a: Salamence|Intimidate|boost
|-unboost|p2a: Celebi|atk|1
|turn|127
|
|t:|1729712145
|-curestatus|p2a: Celebi|tox|[from] ability: Natural Cure
|switch|p2a: Claydol|Claydol|100/100
|move|p1a: Salamence|Rock Slide|p2a: Claydol
|-resisted|p2a: Claydol
|-damage|p2a: Claydol|82/100
|
|-heal|p2a: Claydol|88/100|[from] item: Leftovers
|upkeep
|turn|128
|
|t:|1729712156
|move|p1a: Salamence|Rock Slide|p2a: Claydol
|-resisted|p2a: Claydol
|-damage|p2a: Claydol|69/100
|move|p2a: Claydol|Earthquake|p1a: Salamence
|-immune|p1a: Salamence
|
|-heal|p2a: Claydol|75/100|[from] item: Leftovers
|upkeep
|turn|129
|
|t:|1729712161
|switch|p1a: Jirachi|Jirachi|82/100
|-damage|p1a: Jirachi|70/100|[from] Spikes
|move|p2a: Claydol|Earthquake|p1a: Jirachi
|-supereffective|p1a: Jirachi
|-damage|p1a: Jirachi|30/100
|
|-heal|p1a: Jirachi|36/100|[from] item: Leftovers
|-heal|p2a: Claydol|81/100|[from] item: Leftovers
|upkeep
|turn|130
|
|t:|1729712169
|switch|p1a: Salamence|Salamence, F|20/100
|-ability|p1a: Salamence|Intimidate|boost
|-unboost|p2a: Claydol|atk|1
|switch|p2a: Dugtrio|Dugtrio, F|100/100
|
|upkeep
|turn|131
|inactive|HoChi_Pro has 270 seconds left.
|
|t:|1729712202
|move|p2a: Dugtrio|Aerial Ace|p1a: Salamence
|-damage|p1a: Salamence|0 fnt
|faint|p1a: Salamence
|inactive|HoChi_Pro has 270 seconds left.
|
|t:|1729712212
|switch|p1a: Suicune|Suicune|100/100 slp
|-damage|p1a: Suicune|88/100 slp|[from] Spikes
|
|-heal|p1a: Suicune|94/100 slp|[from] item: Leftovers
|upkeep
|turn|132
|inactive|HoChi_Pro has 270 seconds left.
|inactive|Fakes has 270 seconds left.
|
|t:|1729712245
|switch|p2a: Celebi|Celebi|57/100
|cant|p1a: Suicune|slp
|
|-heal|p2a: Celebi|63/100|[from] item: Leftovers
|-heal|p1a: Suicune|100/100 slp|[from] item: Leftovers
|upkeep
|turn|133
|inactive|HoChi_Pro has 270 seconds left.
|
|t:|1729712256
|switch|p2a: Milotic|Milotic, M|85/100
|switch|p1a: Blissey|Blissey, F|100/100
|-damage|p1a: Blissey|88/100|[from] Spikes
|
|-heal|p1a: Blissey|94/100|[from] item: Leftovers
|upkeep
|turn|134
|inactive|HoChi_Pro has 270 seconds left.
|inactive|Fakes has 270 seconds left.
|inactive|Fakes has 240 seconds left.
|
|t:|1729712311
|move|p2a: Milotic|Toxic|p1a: Blissey
|-status|p1a: Blissey|tox
|move|p1a: Blissey|Thunderbolt|p2a: Milotic
|-supereffective|p2a: Milotic
|-damage|p2a: Milotic|49/100
|
|-heal|p1a: Blissey|99/100 tox|[from] item: Leftovers
|-damage|p1a: Blissey|94/100 tox|[from] psn
|upkeep
|turn|135
|
|t:|1729712320
|-curestatus|p1a: Blissey|tox|[from] ability: Natural Cure
|switch|p1a: Suicune|Suicune|100/100 slp
|-damage|p1a: Suicune|88/100 slp|[from] Spikes
|move|p2a: Milotic|Recover|p2a: Milotic
|-heal|p2a: Milotic|99/100
|
|-heal|p1a: Suicune|94/100 slp|[from] item: Leftovers
|upkeep
|turn|136
|
|t:|1729712330
|switch|p2a: Celebi|Celebi|63/100
|-curestatus|p1a: Suicune|slp|[msg]
|move|p1a: Suicune|Calm Mind|p1a: Suicune
|-boost|p1a: Suicune|spa|1
|-boost|p1a: Suicune|spd|1
|
|-heal|p2a: Celebi|69/100|[from] item: Leftovers
|-heal|p1a: Suicune|100/100|[from] item: Leftovers
|upkeep
|turn|137
|
|t:|1729712338
|switch|p1a: Jirachi|Jirachi|36/100
|-damage|p1a: Jirachi|24/100|[from] Spikes
|move|p2a: Celebi|Calm Mind|p2a: Celebi
|-boost|p2a: Celebi|spa|1
|-boost|p2a: Celebi|spd|1
|
|-heal|p2a: Celebi|75/100|[from] item: Leftovers
|-heal|p1a: Jirachi|30/100|[from] item: Leftovers
|upkeep
|turn|138
|
|t:|1729712348
|switch|p2a: Dugtrio|Dugtrio, F|100/100
|move|p1a: Jirachi|Wish|p1a: Jirachi
|
|-heal|p1a: Jirachi|36/100|[from] item: Leftovers
|upkeep
|turn|139
|
|t:|1729712352
|move|p1a: Jirachi|Protect|p1a: Jirachi
|-singleturn|p1a: Jirachi|Protect
|move|p2a: Dugtrio|Earthquake|p1a: Jirachi
|-activate|p1a: Jirachi|Protect
|
|-heal|p1a: Jirachi|86/100|[from] move: Wish|[wisher] Jirachi
|-heal|p1a: Jirachi|92/100|[from] item: Leftovers
|upkeep
|turn|140
|
|t:|1729712358
|move|p2a: Dugtrio|Earthquake|p1a: Jirachi
|-supereffective|p1a: Jirachi
|-damage|p1a: Jirachi|0 fnt
|faint|p1a: Jirachi
|
|t:|1729712366
|switch|p1a: Blissey|Blissey, F|94/100
|-damage|p1a: Blissey|82/100|[from] Spikes
|
|-heal|p1a: Blissey|88/100|[from] item: Leftovers
|upkeep
|turn|141
|
|t:|1729712371
|move|p2a: Dugtrio|Earthquake|p1a: Blissey
|-damage|p1a: Blissey|25/100
|move|p1a: Blissey|Calm Mind|p1a: Blissey
|-boost|p1a: Blissey|spa|1
|-boost|p1a: Blissey|spd|1
|
|-heal|p1a: Blissey|31/100|[from] item: Leftovers
|upkeep
|turn|142
|
|t:|1729712374
|move|p2a: Dugtrio|Earthquake|p1a: Blissey
|-damage|p1a: Blissey|0 fnt
|faint|p1a: Blissey
|
|t:|1729712375
|switch|p1a: Suicune|Suicune|100/100
|-damage|p1a: Suicune|88/100|[from] Spikes
|
|-heal|p1a: Suicune|94/100|[from] item: Leftovers
|upkeep
|turn|143
|
|t:|1729712378
|switch|p2a: Celebi|Celebi|75/100
|move|p1a: Suicune|Surf|p2a: Celebi
|-resisted|p2a: Celebi
|-damage|p2a: Celebi|66/100
|
|-heal|p2a: Celebi|72/100|[from] item: Leftovers
|-heal|p1a: Suicune|100/100|[from] item: Leftovers
|upkeep
|turn|144
|c|☆Fakes|ggs
|
|t:|1729712383
|move|p2a: Celebi|Leech Seed|p1a: Suicune|[miss]
|-miss|p2a: Celebi|p1a: Suicune
|move|p1a: Suicune|Calm Mind|p1a: Suicune
|-boost|p1a: Suicune|spa|1
|-boost|p1a: Suicune|spd|1
|
|-heal|p2a: Celebi|78/100|[from] item: Leftovers
|upkeep
|turn|145
|
|t:|1729712387
|move|p2a: Celebi|Leech Seed|p1a: Suicune|[miss]
|-miss|p2a: Celebi|p1a: Suicune
|move|p1a: Suicune|Calm Mind|p1a: Suicune
|-boost|p1a: Suicune|spa|1
|-boost|p1a: Suicune|spd|1
|
|-heal|p2a: Celebi|84/100|[from] item: Leftovers
|upkeep
|turn|146
|
|t:|1729712390
|move|p2a: Celebi|Leech Seed|p1a: Suicune
|-start|p1a: Suicune|move: Leech Seed
|move|p1a: Suicune|Calm Mind|p1a: Suicune
|-boost|p1a: Suicune|spa|1
|-boost|p1a: Suicune|spd|1
|
|-heal|p2a: Celebi|90/100|[from] item: Leftovers
|-damage|p1a: Suicune|88/100|[from] Leech Seed|[of] p2a: Celebi
|-heal|p2a: Celebi|100/100|[silent]
|upkeep
|turn|147
|
|t:|1729712392
|move|p2a: Celebi|Calm Mind|p2a: Celebi
|-boost|p2a: Celebi|spa|1
|-boost|p2a: Celebi|spd|1
|move|p1a: Suicune|Calm Mind|p1a: Suicune
|-boost|p1a: Suicune|spa|1
|-boost|p1a: Suicune|spd|1
|
|-heal|p1a: Suicune|94/100|[from] item: Leftovers
|-damage|p1a: Suicune|82/100|[from] Leech Seed|[of] p2a: Celebi
|upkeep
|turn|148
|
|t:|1729712394
|move|p2a: Celebi|Calm Mind|p2a: Celebi
|-boost|p2a: Celebi|spa|1
|-boost|p2a: Celebi|spd|1
|move|p1a: Suicune|Calm Mind|p1a: Suicune
|-boost|p1a: Suicune|spa|1
|-boost|p1a: Suicune|spd|1
|
|-heal|p1a: Suicune|88/100|[from] item: Leftovers
|-damage|p1a: Suicune|76/100|[from] Leech Seed|[of] p2a: Celebi
|upkeep
|turn|149
|
|t:|1729712396
|move|p2a: Celebi|Calm Mind|p2a: Celebi
|-boost|p2a: Celebi|spa|1
|-boost|p2a: Celebi|spd|1
|move|p1a: Suicune|Calm Mind|p1a: Suicune
|-boost|p1a: Suicune|spa|1
|-boost|p1a: Suicune|spd|1
|
|-heal|p1a: Suicune|82/100|[from] item: Leftovers
|-damage|p1a: Suicune|69/100|[from] Leech Seed|[of] p2a: Celebi
|upkeep
|turn|150
|
|t:|1729712399
|move|p2a: Celebi|Calm Mind|p2a: Celebi
|-boost|p2a: Celebi|spa|1
|-boost|p2a: Celebi|spd|1
|move|p1a: Suicune|Rest|p1a: Suicune
|-status|p1a: Suicune|slp|[from] move: Rest
|-heal|p1a: Suicune|100/100 slp|[silent]
|
|-damage|p1a: Suicune|88/100 slp|[from] Leech Seed|[of] p2a: Celebi
|upkeep
|turn|151
|
|t:|1729712402
|move|p2a: Celebi|Calm Mind|p2a: Celebi
|-boost|p2a: Celebi|spa|1
|-boost|p2a: Celebi|spd|1
|cant|p1a: Suicune|slp
|
|-heal|p1a: Suicune|94/100 slp|[from] item: Leftovers
|-damage|p1a: Suicune|82/100 slp|[from] Leech Seed|[of] p2a: Celebi
|upkeep
|turn|152
|
|t:|1729712404
|move|p2a: Celebi|Calm Mind|p2a: Celebi
|-boost|p2a: Celebi|spa|1
|-boost|p2a: Celebi|spd|1
|cant|p1a: Suicune|slp
|
|-heal|p1a: Suicune|88/100 slp|[from] item: Leftovers
|-damage|p1a: Suicune|76/100 slp|[from] Leech Seed|[of] p2a: Celebi
|upkeep
|turn|153
|
|t:|1729712406
|move|p2a: Celebi|Psychic|p1a: Suicune
|-damage|p1a: Suicune|51/100 slp
|-curestatus|p1a: Suicune|slp|[msg]
|move|p1a: Suicune|Rest|p1a: Suicune
|-status|p1a: Suicune|slp|[from] move: Rest
|-heal|p1a: Suicune|100/100 slp|[silent]
|
|-damage|p1a: Suicune|88/100 slp|[from] Leech Seed|[of] p2a: Celebi
|upkeep
|turn|154
|
|t:|1729712413
|move|p2a: Celebi|Psychic|p1a: Suicune
|-damage|p1a: Suicune|65/100 slp
|-unboost|p1a: Suicune|spd|1
|cant|p1a: Suicune|slp
|move|p1a: Suicune|Sleep Talk|p1a: Suicune
|move|p1a: Suicune|Rest|p1a: Suicune|[from]Sleep Talk
|
|-heal|p1a: Suicune|72/100 slp|[from] item: Leftovers
|-damage|p1a: Suicune|59/100 slp|[from] Leech Seed|[of] p2a: Celebi
|upkeep
|turn|155
|
|t:|1729712421
|move|p2a: Celebi|Psychic|p1a: Suicune
|-damage|p1a: Suicune|33/100 slp
|cant|p1a: Suicune|slp
|move|p1a: Suicune|Sleep Talk|p1a: Suicune
|move|p1a: Suicune|Rest|p1a: Suicune|[from]Sleep Talk
|
|-heal|p1a: Suicune|39/100 slp|[from] item: Leftovers
|-damage|p1a: Suicune|27/100 slp|[from] Leech Seed|[of] p2a: Celebi
|upkeep
|turn|156
|
|t:|1729712427
|switch|p2a: Dugtrio|Dugtrio, F|100/100
|-curestatus|p1a: Suicune|slp|[msg]
|move|p1a: Suicune|Rest|p1a: Suicune
|-status|p1a: Suicune|slp|[from] move: Rest
|-heal|p1a: Suicune|100/100 slp|[silent]
|
|-damage|p1a: Suicune|88/100 slp|[from] Leech Seed|[of] p2a: Dugtrio
|upkeep
|turn|157
|
|t:|1729712431
|move|p2a: Dugtrio|Earthquake|p1a: Suicune
|-damage|p1a: Suicune|50/100 slp
|cant|p1a: Suicune|slp
|move|p1a: Suicune|Sleep Talk|p1a: Suicune
|move|p1a: Suicune|Calm Mind|p1a: Suicune|[from]Sleep Talk
|-boost|p1a: Suicune|spa|0
|-boost|p1a: Suicune|spd|1
|
|-heal|p1a: Suicune|57/100 slp|[from] item: Leftovers
|-damage|p1a: Suicune|44/100 slp|[from] Leech Seed|[of] p2a: Dugtrio
|upkeep
|turn|158
|
|t:|1729712438
|move|p2a: Dugtrio|Earthquake|p1a: Suicune
|-damage|p1a: Suicune|12/100 slp
|cant|p1a: Suicune|slp
|move|p1a: Suicune|Sleep Talk|p1a: Suicune
|move|p1a: Suicune|Surf|p2a: Dugtrio|[from]Sleep Talk
|-supereffective|p2a: Dugtrio
|-crit|p2a: Dugtrio
|-damage|p2a: Dugtrio|0 fnt
|faint|p2a: Dugtrio
|
|t:|1729712441
|switch|p2a: Celebi|Celebi|100/100
|
|-heal|p1a: Suicune|18/100 slp|[from] item: Leftovers
|-damage|p1a: Suicune|6/100 slp|[from] Leech Seed|[of] p2a: Celebi
|upkeep
|turn|159
|
|t:|1729712444
|move|p2a: Celebi|Psychic|p1a: Suicune
|-crit|p1a: Suicune
|-damage|p1a: Suicune|0 fnt
|faint|p1a: Suicune
|
|win|Fakes
|c|☆HoChi_Pro|ggs
|c|☆Fakes|ggs

</script>
<script type="application/json" class="data" id="replaydata-smogtours-gen3ou-801407">
{"id":"smogtours-gen3ou-801407","format":"[Gen 3] OU","players":["HoChi_Pro","Fakes"],"uploadtime":1729712444,"views":126,"formatid":"gen3ou","rating":null,"private":1,"password":null}
</script>

<script defer src="js/replays.js?9d40a366"></script>
