<!DOCTYPE html>
<meta charset="utf-8" />
<meta name="viewport" content="width=device-width" />

<title>[Gen 3] OU: jlev vs. gthorpe - Replays - Pok&eacute;mon Showdown!</title>

<meta name="description" content="Watch a replay of a Pok&eacute;mon battle between jlev and gthorpe! Format: [Gen 3] OU; Date: Oct 7, 2024" />
<!--

Hey, you! Looking in the source for the replay log?

You can find them in JSON format, just add `.json` at the end of a replay URL.

https://replay.pokemonshowdown.com/gen7randomdoublesbattle-865046831.json

Or, if you only need the log itself, add `.log` instead:

https://replay.pokemonshowdown.com/gen7randomdoublesbattle-865046831.log

-->

<link rel="stylesheet" href="//pokemonshowdown.com/style/global.css?0.023195364461161105" />
<link rel="stylesheet" href="//play.pokemonshowdown.com/style/font-awesome.css?0.13261647063804238" />
<link rel="stylesheet" href="//play.pokemonshowdown.com/style/battle.css?0.8753245789963631" />
<link rel="stylesheet" href="//play.pokemonshowdown.com/style/utilichart.css?0.8627959624976733" />

<!-- Global site tag (gtag.js) - Google Analytics -->
<script async src="https://www.googletagmanager.com/gtag/js?id=UA-26211653-1"></script>
<script>
  window.dataLayer = window.dataLayer || [];
  function gtag(){dataLayer.push(arguments);}
  gtag('js', new Date());

  gtag('config', 'UA-26211653-1');
</script>
<!-- End Google Analytics -->
<!-- Venatus Ad Manager - Install in <HEAD> of page -->
	<script src="https://hb.vntsm.com/v3/live/ad-manager.min.js" type="text/javascript" data-site-id="642aba63ec9a7b11c3c9c1be" data-mode="scan" async></script>
<!-- / Venatus Ad Manager -->

<style>
	@media (max-width:820px) {
		.battle {
			margin: 0 auto;
		}
		.battle-log {
			margin: 7px auto 0;
			max-width: 640px;
			height: 300px;
			position: static;
		}
	}
	.optgroup {
		display: inline-block;
		line-height: 22px;
		font-size: 10pt;
	}
	.optgroup .button {
		height: 25px;
		padding-top: 0;
		padding-bottom: 0;
	}
	.optgroup button.button {
		padding-left: 12px;
		padding-right: 12px;
	}
	.linklist {
		list-style: none;
		margin: 0.5em 0;
		padding: 0;
	}
	.linklist li {
		padding: 2px 0;
	}
	.sidebar {
		float: left;
		width: 320px;
	}
	.bar-wrapper {
		max-width: 1100px;
		margin: 0 auto;
	}
	.bar-wrapper.has-sidebar {
		max-width: 1430px;
	}
	.mainbar {
		margin: 0;
		padding-right: 1px;
	}
	.mainbar.has-sidebar {
		margin-left: 330px;
	}
	@media (min-width: 1511px) {
		.sidebar {
			width: 400px;
		}
		.bar-wrapper.has-sidebar {
			max-width: 1510px;
		}
		.mainbar.has-sidebar {
			margin-left: 410px;
		}
	}
	.section.first-section {
		margin-top: 9px;
	}
	.blocklink small {
		white-space: normal;
	}
	.button {
		vertical-align: middle;
	}
	.replay-controls {
		padding-top: 10px;
	}
	.replay-controls h1 {
		font-size: 16pt;
		font-weight: normal;
		color: #CCC;
	}
	.pagelink {
		text-align: center;
	}
	.pagelink a {
		width: 150px;
	}
	.textbox, .button {
		font-size: 11pt;
		vertical-align: middle;
	}
	@media (max-width: 450px) {
		.button {
			font-size: 9pt;
		}
	}
</style>

<div>

	<header>
		<div class="nav-wrapper"><ul class="nav">
			<li><a class="button nav-first" href="//pokemonshowdown.com/"><img src="//pokemonshowdown.com/images/pokemonshowdownbeta.png" srcset="//pokemonshowdown.com/images/pokemonshowdownbeta.png 1x, //pokemonshowdown.com/images/pokemonshowdownbeta@2x.png 2x" alt="Pok&eacute;mon Showdown" width="146" height="44" /> Home</a></li>
			<li><a class="button" href="//pokemonshowdown.com/dex/">Pok&eacute;dex</a></li>
			<li><a class="button cur" href="/">Replays</a></li>
			<li><a class="button" href="//pokemonshowdown.com/ladder/">Ladder</a></li>
			<li><a class="button nav-last" href="//pokemonshowdown.com/forums/">Forum</a></li>
			<li><a class="button greenbutton nav-first nav-last" href="//play.pokemonshowdown.com/">Play</a></li>
		</ul></div>
	</header>

	<div class="main" id="main">

		<noscript><section class="section">You need to enable JavaScript to use this page; sorry!</section></noscript>

	</div>

</div>

<script defer nomodule src="//play.pokemonshowdown.com/js/lib/ps-polyfill.js"></script>
<script defer src="//play.pokemonshowdown.com/js/lib/preact.min.js"></script>

<script defer src="//play.pokemonshowdown.com/config/config.js?2bddbc15"></script>
<script defer src="//play.pokemonshowdown.com/js/lib/jquery-1.11.0.min.js"></script>
<script defer src="//play.pokemonshowdown.com/js/lib/html-sanitizer-minified.js"></script>
<script defer src="//play.pokemonshowdown.com/js/battle-sound.js"></script>
<script defer src="//play.pokemonshowdown.com/js/battledata.js?0.7209276989879541"></script>
<script defer src="//play.pokemonshowdown.com/data/pokedex-mini.js?0.6111056340867951"></script>
<script defer src="//play.pokemonshowdown.com/data/pokedex-mini-bw.js?0.3532142036491459"></script>
<script defer src="//play.pokemonshowdown.com/data/graphics.js?0.24223875632456182"></script>
<script defer src="//play.pokemonshowdown.com/data/pokedex.js?0.38839984266356864"></script>
<script defer src="//play.pokemonshowdown.com/data/moves.js?0.21866028504024015"></script>
<script defer src="//play.pokemonshowdown.com/data/abilities.js?0.2005157953846628"></script>
<script defer src="//play.pokemonshowdown.com/data/items.js?0.9894211263848525"></script>
<script defer src="//play.pokemonshowdown.com/data/teambuilder-tables.js?0.6008791140282215"></script>
<script defer src="//play.pokemonshowdown.com/js/battle-tooltips.js?0.7580118955022959"></script>
<script defer src="//play.pokemonshowdown.com/js/battle.js?0.6057722274234274"></script>

<script defer src="js/utils.js?e31f9a17"></script>
<script defer src="js/replays-battle.js?7008c182"></script>

<!-- don't scrape this data! just add .json or .log after the URL!
Full API docs: https://github.com/smogon/pokemon-showdown-client/blob/master/WEB-API.md -->
<script type="text/plain" class="log" id="replaylog-smogtours-gen3ou-796080">
|inactive|Battle timer is ON: inactive players will automatically lose when time's up.
|t:|1728259531
|gametype|singles
|player|p1|jlev|169|
|player|p2|gthorpe|1|
|teamsize|p1|6
|teamsize|p2|6
|gen|3
|tier|[Gen 3] OU
|rule|Sleep Clause Mod: Limit one foe put to sleep
|rule|Switch Priority Clause Mod: Faster Pokémon switch first
|rule|Species Clause: Limit one of each Pokémon
|rule|OHKO Clause: OHKO moves are banned
|rule|Evasion Items Clause: Evasion items are banned
|rule|Evasion Moves Clause: Evasion moves are banned
|rule|Endless Battle Clause: Forcing endless battles is banned
|rule|HP Percentage Mod: HP is shown in percentages
|rule|One Boost Passer Clause: Limit one Baton Passer that has a way to boost its stats
|rule|Freeze Clause Mod: Limit one foe frozen
|
|t:|1728259531
|start
|switch|p1a: Tyranitar|Tyranitar, F|100/100
|switch|p2a: Zapdos|Zapdos|100/100
|-weather|Sandstorm|[from] ability: Sand Stream|[of] p1a: Tyranitar
|turn|1
|
|t:|1728259557
|move|p2a: Zapdos|Baton Pass|p2a: Zapdos
|
|t:|1728259572
|switch|p2a: Suicune|Suicune|100/100|[from] Baton Pass
|move|p1a: Tyranitar|Fire Blast|p2a: Suicune
|-resisted|p2a: Suicune
|-damage|p2a: Suicune|89/100
|
|-weather|Sandstorm|[upkeep]
|-damage|p2a: Suicune|83/100|[from] Sandstorm
|-heal|p2a: Suicune|89/100|[from] item: Leftovers
|upkeep
|turn|2
|
|t:|1728259586
|switch|p1a: Blissey|Blissey, F|100/100
|move|p2a: Suicune|Surf|p1a: Blissey
|-damage|p1a: Blissey|88/100
|
|-weather|Sandstorm|[upkeep]
|-damage|p2a: Suicune|83/100|[from] Sandstorm
|-damage|p1a: Blissey|82/100|[from] Sandstorm
|-heal|p2a: Suicune|89/100|[from] item: Leftovers
|-heal|p1a: Blissey|88/100|[from] item: Leftovers
|upkeep
|turn|3
|
|t:|1728259597
|switch|p2a: Celebi|Celebi|100/100
|move|p1a: Blissey|Thunderbolt|p2a: Celebi
|-resisted|p2a: Celebi
|-damage|p2a: Celebi|90/100
|
|-weather|Sandstorm|[upkeep]
|-damage|p2a: Celebi|84/100|[from] Sandstorm
|-damage|p1a: Blissey|82/100|[from] Sandstorm
|-heal|p2a: Celebi|90/100|[from] item: Leftovers
|-heal|p1a: Blissey|88/100|[from] item: Leftovers
|upkeep
|turn|4
|
|t:|1728259616
|switch|p1a: Charizard|Charizard, F|100/100
|move|p2a: Celebi|Leech Seed|p1a: Charizard|[miss]
|-miss|p2a: Celebi|p1a: Charizard
|
|-weather|Sandstorm|[upkeep]
|-damage|p1a: Charizard|94/100|[from] Sandstorm
|-damage|p2a: Celebi|84/100|[from] Sandstorm
|-heal|p1a: Charizard|100/100|[from] item: Leftovers
|-heal|p2a: Celebi|90/100|[from] item: Leftovers
|upkeep
|turn|5
|
|t:|1728259640
|switch|p1a: Skarmory|Skarmory, M|100/100
|switch|p2a: Suicune|Suicune|89/100
|
|-weather|Sandstorm|[upkeep]
|-damage|p2a: Suicune|83/100|[from] Sandstorm
|-heal|p2a: Suicune|89/100|[from] item: Leftovers
|upkeep
|turn|6
|
|t:|1728259648
|move|p2a: Suicune|Calm Mind|p2a: Suicune
|-boost|p2a: Suicune|spa|1
|-boost|p2a: Suicune|spd|1
|move|p1a: Skarmory|Spikes|p2a: Suicune
|-sidestart|p2: gthorpe|Spikes
|
|-weather|Sandstorm|[upkeep]
|-damage|p2a: Suicune|83/100|[from] Sandstorm
|-heal|p2a: Suicune|89/100|[from] item: Leftovers
|upkeep
|turn|7
|
|t:|1728259652
|move|p2a: Suicune|Surf|p1a: Skarmory
|-damage|p1a: Skarmory|57/100
|move|p1a: Skarmory|Roar|p2a: Suicune
|drag|p2a: Tyranitar|Tyranitar, F|100/100
|-damage|p2a: Tyranitar|88/100|[from] Spikes
|
|-weather|Sandstorm|[upkeep]
|-heal|p1a: Skarmory|63/100|[from] item: Leftovers
|upkeep
|turn|8
|
|t:|1728259668
|switch|p2a: Zapdos|Zapdos|100/100
|switch|p1a: Swampert|Swampert, F|100/100
|
|-weather|Sandstorm|[upkeep]
|-damage|p2a: Zapdos|94/100|[from] Sandstorm
|-heal|p2a: Zapdos|100/100|[from] item: Leftovers
|upkeep
|turn|9
|inactive|jlev has 270 seconds left.
|
|t:|1728259693
|switch|p1a: Blissey|Blissey, F|88/100
|move|p2a: Zapdos|Hidden Power|p1a: Blissey
|-damage|p1a: Blissey|78/100
|
|-weather|Sandstorm|[upkeep]
|-damage|p2a: Zapdos|94/100|[from] Sandstorm
|-damage|p1a: Blissey|72/100|[from] Sandstorm
|-heal|p2a: Zapdos|100/100|[from] item: Leftovers
|-heal|p1a: Blissey|78/100|[from] item: Leftovers
|upkeep
|turn|10
|
|t:|1728259702
|move|p2a: Zapdos|Substitute|p2a: Zapdos
|-start|p2a: Zapdos|Substitute
|-damage|p2a: Zapdos|75/100
|move|p1a: Blissey|Ice Beam|p2a: Zapdos
|-supereffective|p2a: Zapdos
|-end|p2a: Zapdos|Substitute
|
|-weather|Sandstorm|[upkeep]
|-damage|p2a: Zapdos|69/100|[from] Sandstorm
|-damage|p1a: Blissey|72/100|[from] Sandstorm
|-heal|p2a: Zapdos|75/100|[from] item: Leftovers
|-heal|p1a: Blissey|78/100|[from] item: Leftovers
|upkeep
|turn|11
|
|t:|1728259715
|move|p2a: Zapdos|Baton Pass|p2a: Zapdos
|
|t:|1728259717
|switch|p2a: Celebi|Celebi|90/100|[from] Baton Pass
|-damage|p2a: Celebi|78/100|[from] Spikes
|move|p1a: Blissey|Toxic|p2a: Celebi
|-status|p2a: Celebi|tox
|
|-weather|Sandstorm|[upkeep]
|-damage|p2a: Celebi|72/100 tox|[from] Sandstorm
|-damage|p1a: Blissey|72/100|[from] Sandstorm
|-heal|p2a: Celebi|78/100 tox|[from] item: Leftovers
|-damage|p2a: Celebi|72/100 tox|[from] psn
|-heal|p1a: Blissey|78/100|[from] item: Leftovers
|upkeep
|turn|12
|inactive|jlev has 270 seconds left.
|
|t:|1728259748
|move|p2a: Celebi|Leech Seed|p1a: Blissey
|-start|p1a: Blissey|move: Leech Seed
|move|p1a: Blissey|Ice Beam|p2a: Celebi
|-supereffective|p2a: Celebi
|-damage|p2a: Celebi|29/100 tox
|
|-weather|Sandstorm|[upkeep]
|-damage|p2a: Celebi|23/100 tox|[from] Sandstorm
|-damage|p1a: Blissey|72/100|[from] Sandstorm
|-heal|p2a: Celebi|29/100 tox|[from] item: Leftovers
|-damage|p2a: Celebi|17/100 tox|[from] psn
|-heal|p1a: Blissey|78/100|[from] item: Leftovers
|-damage|p1a: Blissey|66/100|[from] Leech Seed|[of] p2a: Celebi
|-heal|p2a: Celebi|37/100 tox|[silent]
|upkeep
|turn|13
|
|t:|1728259762
|-curestatus|p2a: Celebi|tox|[from] ability: Natural Cure
|switch|p2a: Blissey|Blissey, F|100/100
|-damage|p2a: Blissey|88/100|[from] Spikes
|move|p1a: Blissey|Soft-Boiled|p1a: Blissey
|-heal|p1a: Blissey|100/100
|
|-weather|Sandstorm|[upkeep]
|-damage|p1a: Blissey|94/100|[from] Sandstorm
|-damage|p2a: Blissey|82/100|[from] Sandstorm
|-heal|p1a: Blissey|100/100|[from] item: Leftovers
|-damage|p1a: Blissey|88/100|[from] Leech Seed|[of] p2a: Blissey
|-heal|p2a: Blissey|93/100|[silent]
|-heal|p2a: Blissey|99/100|[from] item: Leftovers
|upkeep
|turn|14
|
|t:|1728259779
|switch|p2a: Celebi|Celebi|37/100
|-damage|p2a: Celebi|25/100|[from] Spikes
|move|p1a: Blissey|Toxic|p2a: Celebi|[miss]
|-miss|p1a: Blissey|p2a: Celebi
|
|-weather|Sandstorm|[upkeep]
|-damage|p2a: Celebi|19/100|[from] Sandstorm
|-damage|p1a: Blissey|82/100|[from] Sandstorm
|-heal|p2a: Celebi|25/100|[from] item: Leftovers
|-heal|p1a: Blissey|88/100|[from] item: Leftovers
|-damage|p1a: Blissey|76/100|[from] Leech Seed|[of] p2a: Celebi
|-heal|p2a: Celebi|45/100|[silent]
|upkeep
|turn|15
|
|t:|1728259794
|move|p2a: Celebi|Psychic|p1a: Blissey
|-damage|p1a: Blissey|62/100
|move|p1a: Blissey|Toxic|p2a: Celebi
|-status|p2a: Celebi|tox
|
|-weather|Sandstorm|[upkeep]
|-damage|p2a: Celebi|39/100 tox|[from] Sandstorm
|-damage|p1a: Blissey|56/100|[from] Sandstorm
|-heal|p2a: Celebi|45/100 tox|[from] item: Leftovers
|-damage|p2a: Celebi|39/100 tox|[from] psn
|-heal|p1a: Blissey|62/100|[from] item: Leftovers
|-damage|p1a: Blissey|50/100|[from] Leech Seed|[of] p2a: Celebi
|-heal|p2a: Celebi|59/100 tox|[silent]
|upkeep
|turn|16
|
|t:|1728259801
|-curestatus|p2a: Celebi|tox|[from] ability: Natural Cure
|switch|p2a: Blissey|Blissey, F|99/100
|-damage|p2a: Blissey|87/100|[from] Spikes
|move|p1a: Blissey|Soft-Boiled|p1a: Blissey
|-heal|p1a: Blissey|99/100
|
|-weather|Sandstorm|[upkeep]
|-damage|p1a: Blissey|93/100|[from] Sandstorm
|-damage|p2a: Blissey|81/100|[from] Sandstorm
|-heal|p1a: Blissey|99/100|[from] item: Leftovers
|-damage|p1a: Blissey|87/100|[from] Leech Seed|[of] p2a: Blissey
|-heal|p2a: Blissey|92/100|[silent]
|-heal|p2a: Blissey|98/100|[from] item: Leftovers
|upkeep
|turn|17
|
|t:|1728259808
|move|p1a: Blissey|Toxic|p2a: Blissey
|-status|p2a: Blissey|tox
|move|p2a: Blissey|Calm Mind|p2a: Blissey
|-boost|p2a: Blissey|spa|1
|-boost|p2a: Blissey|spd|1
|
|-weather|Sandstorm|[upkeep]
|-damage|p1a: Blissey|81/100|[from] Sandstorm
|-damage|p2a: Blissey|92/100 tox|[from] Sandstorm
|-heal|p1a: Blissey|87/100|[from] item: Leftovers
|-damage|p1a: Blissey|75/100|[from] Leech Seed|[of] p2a: Blissey
|-heal|p2a: Blissey|100/100 tox|[silent]
|-damage|p2a: Blissey|94/100 tox|[from] psn
|upkeep
|turn|18
|inactive|jlev has 270 seconds left.
|
|t:|1728259836
|switch|p1a: Swampert|Swampert, F|100/100
|-curestatus|p2a: Blissey|tox|[from] ability: Natural Cure
|switch|p2a: Celebi|Celebi|59/100
|-damage|p2a: Celebi|46/100|[from] Spikes
|
|-weather|Sandstorm|[upkeep]
|-damage|p2a: Celebi|40/100|[from] Sandstorm
|-heal|p2a: Celebi|46/100|[from] item: Leftovers
|upkeep
|turn|19
|inactive|jlev has 270 seconds left.
|
|t:|1728259848
|switch|p1a: Charizard|Charizard, F|100/100
|move|p2a: Celebi|Giga Drain|p1a: Charizard
|-resisted|p1a: Charizard
|-damage|p1a: Charizard|93/100
|-heal|p2a: Celebi|49/100|[from] drain|[of] p1a: Charizard
|
|-weather|Sandstorm|[upkeep]
|-damage|p1a: Charizard|87/100|[from] Sandstorm
|-damage|p2a: Celebi|43/100|[from] Sandstorm
|-heal|p1a: Charizard|93/100|[from] item: Leftovers
|-heal|p2a: Celebi|49/100|[from] item: Leftovers
|upkeep
|turn|20
|inactive|jlev has 270 seconds left.
|
|t:|1728259860
|switch|p2a: Suicune|Suicune|89/100
|-damage|p2a: Suicune|76/100|[from] Spikes
|move|p1a: Charizard|Dragon Claw|p2a: Suicune
|-damage|p2a: Suicune|58/100
|
|-weather|Sandstorm|[upkeep]
|-damage|p1a: Charizard|87/100|[from] Sandstorm
|-damage|p2a: Suicune|52/100|[from] Sandstorm
|-heal|p1a: Charizard|93/100|[from] item: Leftovers
|-heal|p2a: Suicune|58/100|[from] item: Leftovers
|upkeep
|turn|21
|inactive|jlev has 270 seconds left.
|
|t:|1728259874
|switch|p1a: Blissey|Blissey, F|75/100
|move|p2a: Suicune|Surf|p1a: Blissey
|-damage|p1a: Blissey|60/100
|
|-weather|Sandstorm|[upkeep]
|-damage|p2a: Suicune|52/100|[from] Sandstorm
|-damage|p1a: Blissey|54/100|[from] Sandstorm
|-heal|p2a: Suicune|58/100|[from] item: Leftovers
|-heal|p1a: Blissey|60/100|[from] item: Leftovers
|upkeep
|turn|22
|inactive|jlev has 270 seconds left.
|
|t:|1728259883
|move|p2a: Suicune|Calm Mind|p2a: Suicune
|-boost|p2a: Suicune|spa|1
|-boost|p2a: Suicune|spd|1
|move|p1a: Blissey|Toxic|p2a: Suicune|[miss]
|-miss|p1a: Blissey|p2a: Suicune
|
|-weather|Sandstorm|[upkeep]
|-damage|p2a: Suicune|52/100|[from] Sandstorm
|-damage|p1a: Blissey|54/100|[from] Sandstorm
|-heal|p2a: Suicune|58/100|[from] item: Leftovers
|-heal|p1a: Blissey|60/100|[from] item: Leftovers
|upkeep
|turn|23
|
|t:|1728259892
|move|p2a: Suicune|Surf|p1a: Blissey
|-damage|p1a: Blissey|40/100
|move|p1a: Blissey|Toxic|p2a: Suicune
|-status|p2a: Suicune|tox
|
|-weather|Sandstorm|[upkeep]
|-damage|p2a: Suicune|52/100 tox|[from] Sandstorm
|-damage|p1a: Blissey|34/100|[from] Sandstorm
|-heal|p2a: Suicune|58/100 tox|[from] item: Leftovers
|-damage|p2a: Suicune|52/100 tox|[from] psn
|-heal|p1a: Blissey|40/100|[from] item: Leftovers
|upkeep
|turn|24
|
|t:|1728259897
|move|p2a: Suicune|Calm Mind|p2a: Suicune
|-boost|p2a: Suicune|spa|1
|-boost|p2a: Suicune|spd|1
|move|p1a: Blissey|Soft-Boiled|p1a: Blissey
|-heal|p1a: Blissey|90/100
|
|-weather|Sandstorm|[upkeep]
|-damage|p2a: Suicune|46/100 tox|[from] Sandstorm
|-damage|p1a: Blissey|84/100|[from] Sandstorm
|-heal|p2a: Suicune|52/100 tox|[from] item: Leftovers
|-damage|p2a: Suicune|40/100 tox|[from] psn
|-heal|p1a: Blissey|90/100|[from] item: Leftovers
|upkeep
|turn|25
|
|t:|1728259915
|move|p2a: Suicune|Ice Beam|p1a: Blissey
|-damage|p1a: Blissey|71/100
|move|p1a: Blissey|Thunderbolt|p2a: Suicune
|-supereffective|p2a: Suicune
|-damage|p2a: Suicune|21/100 tox
|
|-weather|Sandstorm|[upkeep]
|-damage|p2a: Suicune|15/100 tox|[from] Sandstorm
|-damage|p1a: Blissey|65/100|[from] Sandstorm
|-heal|p2a: Suicune|21/100 tox|[from] item: Leftovers
|-damage|p2a: Suicune|2/100 tox|[from] psn
|-heal|p1a: Blissey|71/100|[from] item: Leftovers
|upkeep
|turn|26
|
|t:|1728259927
|move|p2a: Suicune|Rest|p2a: Suicune
|-status|p2a: Suicune|slp|[from] move: Rest
|-heal|p2a: Suicune|100/100 slp|[silent]
|move|p1a: Blissey|Thunderbolt|p2a: Suicune
|-supereffective|p2a: Suicune
|-damage|p2a: Suicune|81/100 slp
|
|-weather|Sandstorm|[upkeep]
|-damage|p2a: Suicune|75/100 slp|[from] Sandstorm
|-damage|p1a: Blissey|65/100|[from] Sandstorm
|-heal|p2a: Suicune|81/100 slp|[from] item: Leftovers
|-heal|p1a: Blissey|71/100|[from] item: Leftovers
|upkeep
|turn|27
|
|t:|1728259936
|switch|p1a: Skarmory|Skarmory, M|63/100
|cant|p2a: Suicune|slp
|
|-weather|Sandstorm|[upkeep]
|-damage|p2a: Suicune|75/100 slp|[from] Sandstorm
|-heal|p2a: Suicune|81/100 slp|[from] item: Leftovers
|-heal|p1a: Skarmory|69/100|[from] item: Leftovers
|upkeep
|turn|28
|
|t:|1728259942
|cant|p2a: Suicune|slp
|move|p1a: Skarmory|Roar|p2a: Suicune
|drag|p2a: Zapdos|Zapdos|75/100
|
|-weather|Sandstorm|[upkeep]
|-damage|p2a: Zapdos|69/100|[from] Sandstorm
|-heal|p2a: Zapdos|75/100|[from] item: Leftovers
|-heal|p1a: Skarmory|75/100|[from] item: Leftovers
|upkeep
|turn|29
|
|t:|1728259964
|move|p2a: Zapdos|Substitute|p2a: Zapdos
|-start|p2a: Zapdos|Substitute
|-damage|p2a: Zapdos|50/100
|move|p1a: Skarmory|Roar|p2a: Zapdos
|drag|p2a: Celebi|Celebi|49/100
|-damage|p2a: Celebi|36/100|[from] Spikes
|
|-weather|Sandstorm|[upkeep]
|-damage|p2a: Celebi|30/100|[from] Sandstorm
|-heal|p2a: Celebi|36/100|[from] item: Leftovers
|-heal|p1a: Skarmory|81/100|[from] item: Leftovers
|upkeep
|turn|30
|
|t:|1728259979
|move|p2a: Celebi|Leech Seed|p1a: Skarmory
|-start|p1a: Skarmory|move: Leech Seed
|move|p1a: Skarmory|Spikes|p2a: Celebi
|-sidestart|p2: gthorpe|Spikes
|
|-weather|Sandstorm|[upkeep]
|-damage|p2a: Celebi|30/100|[from] Sandstorm
|-heal|p2a: Celebi|36/100|[from] item: Leftovers
|-heal|p1a: Skarmory|87/100|[from] item: Leftovers
|-damage|p1a: Skarmory|75/100|[from] Leech Seed|[of] p2a: Celebi
|-heal|p2a: Celebi|47/100|[silent]
|upkeep
|turn|31
|
|t:|1728259987
|switch|p1a: Blissey|Blissey, F|71/100
|move|p2a: Celebi|Hidden Power|p1a: Blissey
|-damage|p1a: Blissey|65/100
|
|-weather|Sandstorm|[upkeep]
|-damage|p2a: Celebi|40/100|[from] Sandstorm
|-damage|p1a: Blissey|58/100|[from] Sandstorm
|-heal|p2a: Celebi|47/100|[from] item: Leftovers
|-heal|p1a: Blissey|65/100|[from] item: Leftovers
|upkeep
|turn|32
|
|t:|1728259999
|move|p2a: Celebi|Leech Seed|p1a: Blissey
|-start|p1a: Blissey|move: Leech Seed
|move|p1a: Blissey|Soft-Boiled|p1a: Blissey
|-heal|p1a: Blissey|100/100
|
|-weather|Sandstorm|[upkeep]
|-damage|p2a: Celebi|40/100|[from] Sandstorm
|-damage|p1a: Blissey|94/100|[from] Sandstorm
|-heal|p2a: Celebi|47/100|[from] item: Leftovers
|-heal|p1a: Blissey|100/100|[from] item: Leftovers
|-damage|p1a: Blissey|88/100|[from] Leech Seed|[of] p2a: Celebi
|-heal|p2a: Celebi|67/100|[silent]
|upkeep
|turn|33
|
|t:|1728260011
|switch|p1a: Charizard|Charizard, F|93/100
|move|p2a: Celebi|Psychic|p1a: Charizard
|-damage|p1a: Charizard|55/100
|
|-weather|Sandstorm|[upkeep]
|-damage|p1a: Charizard|49/100|[from] Sandstorm
|-damage|p2a: Celebi|60/100|[from] Sandstorm
|-heal|p1a: Charizard|55/100|[from] item: Leftovers
|-heal|p2a: Celebi|67/100|[from] item: Leftovers
|upkeep
|turn|34
|inactive|jlev has 270 seconds left.
|
|t:|1728260032
|move|p1a: Charizard|Fire Blast|p2a: Celebi
|-supereffective|p2a: Celebi
|-damage|p2a: Celebi|0 fnt
|faint|p2a: Celebi
|
|t:|1728260035
|switch|p2a: Zapdos|Zapdos|50/100
|
|-weather|Sandstorm|[upkeep]
|-damage|p1a: Charizard|49/100|[from] Sandstorm
|-damage|p2a: Zapdos|44/100|[from] Sandstorm
|-heal|p1a: Charizard|55/100|[from] item: Leftovers
|-heal|p2a: Zapdos|50/100|[from] item: Leftovers
|upkeep
|turn|35
|
|t:|1728260047
|switch|p1a: Blissey|Blissey, F|88/100
|move|p2a: Zapdos|Baton Pass|p2a: Zapdos
|
|t:|1728260050
|switch|p2a: Tyranitar|Tyranitar, F|88/100|[from] Baton Pass
|-damage|p2a: Tyranitar|72/100|[from] Spikes
|
|-weather|Sandstorm|[upkeep]
|-damage|p1a: Blissey|82/100|[from] Sandstorm
|-heal|p1a: Blissey|88/100|[from] item: Leftovers
|upkeep
|turn|36
|
|t:|1728260058
|switch|p1a: Swampert|Swampert, F|100/100
|move|p2a: Tyranitar|Rock Slide|p1a: Swampert
|-resisted|p1a: Swampert
|-damage|p1a: Swampert|87/100
|
|-weather|Sandstorm|[upkeep]
|-heal|p1a: Swampert|93/100|[from] item: Leftovers
|upkeep
|turn|37
|inactive|jlev has 270 seconds left.
|
|t:|1728260086
|switch|p2a: Zapdos|Zapdos|50/100
|move|p1a: Swampert|Hydro Pump|p2a: Zapdos
|-damage|p2a: Zapdos|12/100
|
|-weather|Sandstorm|[upkeep]
|-damage|p2a: Zapdos|6/100|[from] Sandstorm
|-heal|p2a: Zapdos|12/100|[from] item: Leftovers
|-heal|p1a: Swampert|99/100|[from] item: Leftovers
|upkeep
|turn|38
|
|t:|1728260095
|switch|p1a: Blissey|Blissey, F|88/100
|move|p2a: Zapdos|Hidden Power|p1a: Blissey
|-damage|p1a: Blissey|79/100
|
|-weather|Sandstorm|[upkeep]
|-damage|p2a: Zapdos|6/100|[from] Sandstorm
|-damage|p1a: Blissey|72/100|[from] Sandstorm
|-heal|p2a: Zapdos|12/100|[from] item: Leftovers
|-heal|p1a: Blissey|79/100|[from] item: Leftovers
|upkeep
|turn|39
|inactive|jlev has 270 seconds left.
|
|t:|1728260112
|move|p2a: Zapdos|Baton Pass|p2a: Zapdos
|
|t:|1728260114
|switch|p2a: Suicune|Suicune|81/100 slp|[from] Baton Pass
|-damage|p2a: Suicune|64/100 slp|[from] Spikes
|move|p1a: Blissey|Thunderbolt|p2a: Suicune
|-supereffective|p2a: Suicune
|-damage|p2a: Suicune|29/100 slp
|
|-weather|Sandstorm|[upkeep]
|-damage|p2a: Suicune|23/100 slp|[from] Sandstorm
|-damage|p1a: Blissey|72/100|[from] Sandstorm
|-heal|p2a: Suicune|29/100 slp|[from] item: Leftovers
|-heal|p1a: Blissey|79/100|[from] item: Leftovers
|upkeep
|turn|40
|
|t:|1728260123
|-curestatus|p2a: Suicune|slp|[msg]
|move|p2a: Suicune|Rest|p2a: Suicune
|-status|p2a: Suicune|slp|[from] move: Rest
|-heal|p2a: Suicune|100/100 slp|[silent]
|move|p1a: Blissey|Thunderbolt|p2a: Suicune
|-supereffective|p2a: Suicune
|-damage|p2a: Suicune|60/100 slp
|
|-weather|Sandstorm|[upkeep]
|-damage|p2a: Suicune|54/100 slp|[from] Sandstorm
|-damage|p1a: Blissey|72/100|[from] Sandstorm
|-heal|p2a: Suicune|60/100 slp|[from] item: Leftovers
|-heal|p1a: Blissey|79/100|[from] item: Leftovers
|upkeep
|turn|41
|
|t:|1728260134
|switch|p2a: Blissey|Blissey, F|94/100
|-damage|p2a: Blissey|78/100|[from] Spikes
|move|p1a: Blissey|Thunderbolt|p2a: Blissey
|-damage|p2a: Blissey|68/100
|
|-weather|Sandstorm|[upkeep]
|-damage|p1a: Blissey|72/100|[from] Sandstorm
|-damage|p2a: Blissey|62/100|[from] Sandstorm
|-heal|p1a: Blissey|79/100|[from] item: Leftovers
|-heal|p2a: Blissey|68/100|[from] item: Leftovers
|upkeep
|turn|42
|
|t:|1728260147
|move|p1a: Blissey|Toxic|p2a: Blissey
|-status|p2a: Blissey|tox
|move|p2a: Blissey|Calm Mind|p2a: Blissey
|-boost|p2a: Blissey|spa|1
|-boost|p2a: Blissey|spd|1
|
|-weather|Sandstorm|[upkeep]
|-damage|p1a: Blissey|72/100|[from] Sandstorm
|-damage|p2a: Blissey|62/100 tox|[from] Sandstorm
|-heal|p1a: Blissey|79/100|[from] item: Leftovers
|-heal|p2a: Blissey|68/100 tox|[from] item: Leftovers
|-damage|p2a: Blissey|62/100 tox|[from] psn
|upkeep
|turn|43
|
|t:|1728260159
|move|p1a: Blissey|Thunderbolt|p2a: Blissey
|-damage|p2a: Blissey|55/100 tox
|move|p2a: Blissey|Soft-Boiled|p2a: Blissey
|-heal|p2a: Blissey|100/100 tox
|
|-weather|Sandstorm|[upkeep]
|-damage|p1a: Blissey|72/100|[from] Sandstorm
|-damage|p2a: Blissey|94/100 tox|[from] Sandstorm
|-heal|p1a: Blissey|79/100|[from] item: Leftovers
|-heal|p2a: Blissey|100/100 tox|[from] item: Leftovers
|-damage|p2a: Blissey|88/100 tox|[from] psn
|upkeep
|turn|44
|inactive|jlev has 270 seconds left.
|
|t:|1728260188
|move|p1a: Blissey|Thunderbolt|p2a: Blissey
|-damage|p2a: Blissey|82/100 tox
|move|p2a: Blissey|Ice Beam|p1a: Blissey
|-damage|p1a: Blissey|68/100
|
|-weather|Sandstorm|[upkeep]
|-damage|p1a: Blissey|62/100|[from] Sandstorm
|-damage|p2a: Blissey|76/100 tox|[from] Sandstorm
|-heal|p1a: Blissey|68/100|[from] item: Leftovers
|-heal|p2a: Blissey|82/100 tox|[from] item: Leftovers
|-damage|p2a: Blissey|64/100 tox|[from] psn
|upkeep
|turn|45
|inactive|jlev has 270 seconds left.
|
|t:|1728260193
|move|p1a: Blissey|Soft-Boiled|p1a: Blissey
|-heal|p1a: Blissey|100/100
|move|p2a: Blissey|Soft-Boiled|p2a: Blissey
|-heal|p2a: Blissey|100/100 tox
|
|-weather|Sandstorm|[upkeep]
|-damage|p1a: Blissey|94/100|[from] Sandstorm
|-damage|p2a: Blissey|94/100 tox|[from] Sandstorm
|-heal|p1a: Blissey|100/100|[from] item: Leftovers
|-heal|p2a: Blissey|100/100 tox|[from] item: Leftovers
|-damage|p2a: Blissey|76/100 tox|[from] psn
|upkeep
|turn|46
|inactive|jlev has 270 seconds left.
|
|t:|1728260207
|-curestatus|p2a: Blissey|tox|[from] ability: Natural Cure
|switch|p2a: Zapdos|Zapdos|12/100
|move|p1a: Blissey|Thunderbolt|p2a: Zapdos
|-crit|p2a: Zapdos
|-damage|p2a: Zapdos|0 fnt
|faint|p2a: Zapdos
|
|t:|1728260213
|switch|p2a: Tyranitar|Tyranitar, F|72/100
|-damage|p2a: Tyranitar|55/100|[from] Spikes
|
|-weather|Sandstorm|[upkeep]
|-damage|p1a: Blissey|94/100|[from] Sandstorm
|-heal|p1a: Blissey|100/100|[from] item: Leftovers
|upkeep
|turn|47
|
|t:|1728260218
|switch|p1a: Swampert|Swampert, F|99/100
|move|p2a: Tyranitar|Earthquake|p1a: Swampert
|-damage|p1a: Swampert|74/100
|
|-weather|Sandstorm|[upkeep]
|-heal|p1a: Swampert|80/100|[from] item: Leftovers
|upkeep
|turn|48
|
|t:|1728260231
|switch|p2a: Suicune|Suicune|60/100 slp
|-damage|p2a: Suicune|43/100 slp|[from] Spikes
|move|p1a: Swampert|Earthquake|p2a: Suicune
|-damage|p2a: Suicune|22/100 slp
|
|-weather|Sandstorm|[upkeep]
|-damage|p2a: Suicune|16/100 slp|[from] Sandstorm
|-heal|p2a: Suicune|22/100 slp|[from] item: Leftovers
|-heal|p1a: Swampert|87/100|[from] item: Leftovers
|upkeep
|turn|49
|
|t:|1728260245
|cant|p2a: Suicune|slp
|move|p1a: Swampert|Ice Beam|p2a: Suicune
|-resisted|p2a: Suicune
|-damage|p2a: Suicune|15/100 slp
|
|-weather|Sandstorm|[upkeep]
|-damage|p2a: Suicune|9/100 slp|[from] Sandstorm
|-heal|p2a: Suicune|15/100 slp|[from] item: Leftovers
|-heal|p1a: Swampert|93/100|[from] item: Leftovers
|upkeep
|turn|50
|
|t:|1728260249
|cant|p2a: Suicune|slp
|move|p1a: Swampert|Earthquake|p2a: Suicune
|-damage|p2a: Suicune|0 fnt
|faint|p2a: Suicune
|
|t:|1728260252
|switch|p2a: Skarmory|Skarmory, M|100/100
|
|-weather|Sandstorm|[upkeep]
|-heal|p1a: Swampert|99/100|[from] item: Leftovers
|upkeep
|turn|51
|
|t:|1728260275
|switch|p1a: Charizard|Charizard, F|55/100
|move|p2a: Skarmory|Spikes|p1a: Charizard
|-sidestart|p1: jlev|Spikes
|
|-weather|Sandstorm|[upkeep]
|-damage|p1a: Charizard|49/100|[from] Sandstorm
|-heal|p1a: Charizard|55/100|[from] item: Leftovers
|upkeep
|turn|52
|
|t:|1728260288
|move|p1a: Charizard|Fire Blast|p2a: Skarmory
|-supereffective|p2a: Skarmory
|-damage|p2a: Skarmory|0 fnt
|faint|p2a: Skarmory
|
|t:|1728260291
|switch|p2a: Tyranitar|Tyranitar, F|55/100
|-damage|p2a: Tyranitar|39/100|[from] Spikes
|
|-weather|Sandstorm|[upkeep]
|-damage|p1a: Charizard|49/100|[from] Sandstorm
|-heal|p1a: Charizard|55/100|[from] item: Leftovers
|upkeep
|turn|53
|
|t:|1728260300
|move|p1a: Charizard|Hidden Power|p2a: Tyranitar
|-supereffective|p2a: Tyranitar
|-damage|p2a: Tyranitar|0 fnt
|faint|p2a: Tyranitar
|
|t:|1728260303
|switch|p2a: Blissey|Blissey, F|76/100
|-damage|p2a: Blissey|59/100|[from] Spikes
|
|-weather|Sandstorm|[upkeep]
|-damage|p1a: Charizard|49/100|[from] Sandstorm
|-damage|p2a: Blissey|53/100|[from] Sandstorm
|-heal|p1a: Charizard|55/100|[from] item: Leftovers
|-heal|p2a: Blissey|59/100|[from] item: Leftovers
|upkeep
|turn|54
|
|t:|1728260308
|move|p1a: Charizard|Beat Up|p2a: Blissey
|-damage|p2a: Blissey|50/100
|-damage|p2a: Blissey|49/100
|-damage|p2a: Blissey|35/100
|-damage|p2a: Blissey|22/100
|-damage|p2a: Blissey|14/100
|-damage|p2a: Blissey|7/100
|-hitcount|p2a: Blissey|6
|move|p2a: Blissey|Calm Mind|p2a: Blissey
|-boost|p2a: Blissey|spa|1
|-boost|p2a: Blissey|spd|1
|
|-weather|Sandstorm|[upkeep]
|-damage|p1a: Charizard|49/100|[from] Sandstorm
|-damage|p2a: Blissey|0 fnt|[from] Sandstorm
|faint|p2a: Blissey
|
|win|jlev
|upkeep
|c|☆jlev|gg
|c|☆gthorpe|gg
|player|p2|

</script>
<script type="application/json" class="data" id="replaydata-smogtours-gen3ou-796080">
{"id":"smogtours-gen3ou-796080","format":"[Gen 3] OU","players":["jlev","gthorpe"],"uploadtime":1728260308,"views":117,"formatid":"gen3ou","rating":null,"private":0,"password":null}
</script>

<script defer src="js/replays.js?9d40a366"></script>
