<!DOCTYPE html>
<meta charset="utf-8" />
<meta name="viewport" content="width=device-width" />

<title>[Gen 3] OU: Faantome vs. cloud bolt - Replays - Pok&eacute;mon Showdown!</title>

<meta name="description" content="Watch a replay of a Pok&eacute;mon battle between Faantome and cloud bolt! Format: [Gen 3] OU; Date: Oct 28, 2024" />
<!--

Hey, you! Looking in the source for the replay log?

You can find them in JSON format, just add `.json` at the end of a replay URL.

https://replay.pokemonshowdown.com/gen7randomdoublesbattle-865046831.json

Or, if you only need the log itself, add `.log` instead:

https://replay.pokemonshowdown.com/gen7randomdoublesbattle-865046831.log

-->

<link rel="stylesheet" href="//pokemonshowdown.com/style/global.css?0.767286132409787" />
<link rel="stylesheet" href="//play.pokemonshowdown.com/style/font-awesome.css?0.9266228007934947" />
<link rel="stylesheet" href="//play.pokemonshowdown.com/style/battle.css?0.7924700842790926" />
<link rel="stylesheet" href="//play.pokemonshowdown.com/style/utilichart.css?0.8777417872839479" />

<!-- Global site tag (gtag.js) - Google Analytics -->
<script async src="https://www.googletagmanager.com/gtag/js?id=UA-26211653-1"></script>
<script>
  window.dataLayer = window.dataLayer || [];
  function gtag(){dataLayer.push(arguments);}
  gtag('js', new Date());

  gtag('config', 'UA-26211653-1');
</script>
<!-- End Google Analytics -->
<!-- Venatus Ad Manager - Install in <HEAD> of page -->
	<script src="https://hb.vntsm.com/v3/live/ad-manager.min.js" type="text/javascript" data-site-id="642aba63ec9a7b11c3c9c1be" data-mode="scan" async></script>
<!-- / Venatus Ad Manager -->

<style>
	@media (max-width:820px) {
		.battle {
			margin: 0 auto;
		}
		.battle-log {
			margin: 7px auto 0;
			max-width: 640px;
			height: 300px;
			position: static;
		}
	}
	.optgroup {
		display: inline-block;
		line-height: 22px;
		font-size: 10pt;
	}
	.optgroup .button {
		height: 25px;
		padding-top: 0;
		padding-bottom: 0;
	}
	.optgroup button.button {
		padding-left: 12px;
		padding-right: 12px;
	}
	.linklist {
		list-style: none;
		margin: 0.5em 0;
		padding: 0;
	}
	.linklist li {
		padding: 2px 0;
	}
	.sidebar {
		float: left;
		width: 320px;
	}
	.bar-wrapper {
		max-width: 1100px;
		margin: 0 auto;
	}
	.bar-wrapper.has-sidebar {
		max-width: 1430px;
	}
	.mainbar {
		margin: 0;
		padding-right: 1px;
	}
	.mainbar.has-sidebar {
		margin-left: 330px;
	}
	@media (min-width: 1511px) {
		.sidebar {
			width: 400px;
		}
		.bar-wrapper.has-sidebar {
			max-width: 1510px;
		}
		.mainbar.has-sidebar {
			margin-left: 410px;
		}
	}
	.section.first-section {
		margin-top: 9px;
	}
	.blocklink small {
		white-space: normal;
	}
	.button {
		vertical-align: middle;
	}
	.replay-controls {
		padding-top: 10px;
	}
	.replay-controls h1 {
		font-size: 16pt;
		font-weight: normal;
		color: #CCC;
	}
	.pagelink {
		text-align: center;
	}
	.pagelink a {
		width: 150px;
	}
	.textbox, .button {
		font-size: 11pt;
		vertical-align: middle;
	}
	@media (max-width: 450px) {
		.button {
			font-size: 9pt;
		}
	}
</style>

<div>

	<header>
		<div class="nav-wrapper"><ul class="nav">
			<li><a class="button nav-first" href="//pokemonshowdown.com/"><img src="//pokemonshowdown.com/images/pokemonshowdownbeta.png" srcset="//pokemonshowdown.com/images/pokemonshowdownbeta.png 1x, //pokemonshowdown.com/images/pokemonshowdownbeta@2x.png 2x" alt="Pok&eacute;mon Showdown" width="146" height="44" /> Home</a></li>
			<li><a class="button" href="//pokemonshowdown.com/dex/">Pok&eacute;dex</a></li>
			<li><a class="button cur" href="/">Replays</a></li>
			<li><a class="button" href="//pokemonshowdown.com/ladder/">Ladder</a></li>
			<li><a class="button nav-last" href="//pokemonshowdown.com/forums/">Forum</a></li>
			<li><a class="button greenbutton nav-first nav-last" href="//play.pokemonshowdown.com/">Play</a></li>
		</ul></div>
	</header>

	<div class="main" id="main">

		<noscript><section class="section">You need to enable JavaScript to use this page; sorry!</section></noscript>

	</div>

</div>

<script defer nomodule src="//play.pokemonshowdown.com/js/lib/ps-polyfill.js"></script>
<script defer src="//play.pokemonshowdown.com/js/lib/preact.min.js"></script>

<script defer src="//play.pokemonshowdown.com/config/config.js?6dec07f6"></script>
<script defer src="//play.pokemonshowdown.com/js/lib/jquery-1.11.0.min.js"></script>
<script defer src="//play.pokemonshowdown.com/js/lib/html-sanitizer-minified.js"></script>
<script defer src="//play.pokemonshowdown.com/js/battle-sound.js"></script>
<script defer src="//play.pokemonshowdown.com/js/battledata.js?0.6315294753075389"></script>
<script defer src="//play.pokemonshowdown.com/data/pokedex-mini.js?0.7603743185311358"></script>
<script defer src="//play.pokemonshowdown.com/data/pokedex-mini-bw.js?0.030888842834281283"></script>
<script defer src="//play.pokemonshowdown.com/data/graphics.js?0.05593094747507488"></script>
<script defer src="//play.pokemonshowdown.com/data/pokedex.js?0.47064822249611904"></script>
<script defer src="//play.pokemonshowdown.com/data/moves.js?0.8583693120512459"></script>
<script defer src="//play.pokemonshowdown.com/data/abilities.js?0.16017181182386842"></script>
<script defer src="//play.pokemonshowdown.com/data/items.js?0.4163379185673943"></script>
<script defer src="//play.pokemonshowdown.com/data/teambuilder-tables.js?0.31075597372830477"></script>
<script defer src="//play.pokemonshowdown.com/js/battle-tooltips.js?0.6536193500708172"></script>
<script defer src="//play.pokemonshowdown.com/js/battle.js?0.1916591943277901"></script>

<script defer src="js/utils.js?e31f9a17"></script>
<script defer src="js/replays-battle.js?7008c182"></script>

<!-- don't scrape this data! just add .json or .log after the URL!
Full API docs: https://github.com/smogon/pokemon-showdown-client/blob/master/WEB-API.md -->
<script type="text/plain" class="log" id="replaylog-smogtours-gen3ou-803129">
|inactive|Battle timer is ON: inactive players will automatically lose when time's up.
|t:|1730146288
|gametype|singles
|player|p1|Faantome|cynthia-gen7|
|player|p2|cloud bolt|flannery|
|teamsize|p1|6
|teamsize|p2|6
|gen|3
|tier|[Gen 3] OU
|rule|Sleep Clause Mod: Limit one foe put to sleep
|rule|Switch Priority Clause Mod: Faster Pokémon switch first
|rule|Species Clause: Limit one of each Pokémon
|rule|OHKO Clause: OHKO moves are banned
|rule|Evasion Items Clause: Evasion items are banned
|rule|Evasion Moves Clause: Evasion moves are banned
|rule|Endless Battle Clause: Forcing endless battles is banned
|rule|HP Percentage Mod: HP is shown in percentages
|rule|One Boost Passer Clause: Limit one Baton Passer that has a way to boost its stats
|rule|Freeze Clause Mod: Limit one foe frozen
|
|t:|1730146288
|start
|switch|p1a: Shamone|Tyranitar, M|100/100
|switch|p2a: Tyranitar|Tyranitar, F|100/100
|-weather|Sandstorm|[from] ability: Sand Stream|[of] p1a: Shamone
|turn|1
|
|t:|1730146311
|move|p1a: Shamone|Brick Break|p2a: Tyranitar
|-supereffective|p2a: Tyranitar
|-damage|p2a: Tyranitar|29/100
|move|p2a: Tyranitar|Brick Break|p1a: Shamone
|-supereffective|p1a: Shamone
|-damage|p1a: Shamone|23/100
|
|-weather|Sandstorm|[upkeep]
|-heal|p2a: Tyranitar|35/100|[from] item: Leftovers
|upkeep
|turn|2
|
|t:|1730146334
|switch|p1a: Goat|Swampert, M|100/100
|switch|p2a: Starmie|Starmie|100/100
|
|-weather|Sandstorm|[upkeep]
|-damage|p2a: Starmie|94/100|[from] Sandstorm
|-heal|p2a: Starmie|100/100|[from] item: Leftovers
|upkeep
|turn|3
|inactive|Faantome has 270 seconds left.
|
|t:|1730146382
|move|p2a: Starmie|Surf|p1a: Goat
|-damage|p1a: Goat|73/100
|move|p1a: Goat|Earthquake|p2a: Starmie
|-damage|p2a: Starmie|59/100
|
|-weather|Sandstorm|[upkeep]
|-damage|p2a: Starmie|52/100|[from] Sandstorm
|-heal|p2a: Starmie|59/100|[from] item: Leftovers
|-heal|p1a: Goat|79/100|[from] item: Leftovers
|upkeep
|turn|4
|
|t:|1730146395
|switch|p2a: Skarmory|Skarmory, M|100/100
|move|p1a: Goat|Earthquake|p2a: Skarmory
|-immune|p2a: Skarmory
|
|-weather|Sandstorm|[upkeep]
|-heal|p1a: Goat|85/100|[from] item: Leftovers
|upkeep
|turn|5
|
|t:|1730146401
|switch|p1a: Fraud|Charizard, M|100/100
|move|p2a: Skarmory|Spikes|p1a: Fraud
|-sidestart|p1: Faantome|Spikes
|
|-weather|Sandstorm|[upkeep]
|-damage|p1a: Fraud|94/100|[from] Sandstorm
|-heal|p1a: Fraud|100/100|[from] item: Leftovers
|upkeep
|turn|6
|
|t:|1730146404
|switch|p2a: Snorlax|Snorlax, F|100/100
|move|p1a: Fraud|Fire Blast|p2a: Snorlax
|-damage|p2a: Snorlax|70/100
|
|-weather|Sandstorm|[upkeep]
|-damage|p1a: Fraud|94/100|[from] Sandstorm
|-damage|p2a: Snorlax|64/100|[from] Sandstorm
|-heal|p1a: Fraud|100/100|[from] item: Leftovers
|-heal|p2a: Snorlax|70/100|[from] item: Leftovers
|upkeep
|turn|7
|inactive|Faantome has 270 seconds left.
|
|t:|1730146430
|switch|p1a: Sheist|Skarmory, F|100/100
|move|p2a: Snorlax|Yawn|p1a: Sheist
|-start|p1a: Sheist|move: Yawn|[of] p2a: Snorlax
|
|-weather|Sandstorm|[upkeep]
|-damage|p2a: Snorlax|64/100|[from] Sandstorm
|-heal|p2a: Snorlax|70/100|[from] item: Leftovers
|upkeep
|turn|8
|
|t:|1730146438
|switch|p1a: Agatha|Gengar, F|100/100
|move|p2a: Snorlax|Body Slam|p1a: Agatha
|-immune|p1a: Agatha
|
|-weather|Sandstorm|[upkeep]
|-damage|p1a: Agatha|94/100|[from] Sandstorm
|-damage|p2a: Snorlax|64/100|[from] Sandstorm
|-heal|p1a: Agatha|100/100|[from] item: Leftovers
|-heal|p2a: Snorlax|70/100|[from] item: Leftovers
|upkeep
|turn|9
|
|t:|1730146442
|switch|p1a: Sheist|Skarmory, F|100/100
|switch|p2a: Tyranitar|Tyranitar, F|35/100
|
|-weather|Sandstorm|[upkeep]
|-heal|p2a: Tyranitar|42/100|[from] item: Leftovers
|upkeep
|turn|10
|
|t:|1730146448
|move|p2a: Tyranitar|Fire Blast|p1a: Sheist|[miss]
|-miss|p2a: Tyranitar|p1a: Sheist
|move|p1a: Sheist|Spikes|p2a: Tyranitar
|-sidestart|p2: cloud bolt|Spikes
|
|-weather|Sandstorm|[upkeep]
|-heal|p2a: Tyranitar|48/100|[from] item: Leftovers
|upkeep
|turn|11
|inactive|Faantome has 270 seconds left.
|inactive|Faantome has 240 seconds left.
|
|t:|1730146501
|switch|p1a: Goat|Swampert, M|85/100
|-damage|p1a: Goat|73/100|[from] Spikes
|move|p2a: Tyranitar|Fire Blast|p1a: Goat|[miss]
|-miss|p2a: Tyranitar|p1a: Goat
|
|-weather|Sandstorm|[upkeep]
|-heal|p2a: Tyranitar|54/100|[from] item: Leftovers
|-heal|p1a: Goat|79/100|[from] item: Leftovers
|upkeep
|turn|12
|inactive|Faantome has 240 seconds left.
|
|t:|1730146514
|switch|p2a: Skarmory|Skarmory, M|100/100
|move|p1a: Goat|Protect||[still]
|-fail|p1a: Goat
|
|-weather|Sandstorm|[upkeep]
|-heal|p1a: Goat|85/100|[from] item: Leftovers
|upkeep
|turn|13
|
|t:|1730146519
|switch|p1a: Agatha|Gengar, F|100/100
|move|p2a: Skarmory|Toxic|p1a: Agatha
|-immune|p1a: Agatha
|
|-weather|Sandstorm|[upkeep]
|-damage|p1a: Agatha|94/100|[from] Sandstorm
|-heal|p1a: Agatha|100/100|[from] item: Leftovers
|upkeep
|turn|14
|
|t:|1730146524
|switch|p2a: Tyranitar|Tyranitar, F|54/100
|-damage|p2a: Tyranitar|42/100|[from] Spikes
|move|p1a: Agatha|Thunderbolt|p2a: Tyranitar
|-damage|p2a: Tyranitar|9/100
|
|-weather|Sandstorm|[upkeep]
|-damage|p1a: Agatha|94/100|[from] Sandstorm
|-heal|p1a: Agatha|100/100|[from] item: Leftovers
|-heal|p2a: Tyranitar|15/100|[from] item: Leftovers
|upkeep
|turn|15
|
|t:|1730146527
|move|p1a: Agatha|Thunderbolt|p2a: Tyranitar
|-damage|p2a: Tyranitar|0 fnt
|faint|p2a: Tyranitar
|
|t:|1730146536
|switch|p2a: Starmie|Starmie|59/100
|-damage|p2a: Starmie|46/100|[from] Spikes
|
|-weather|Sandstorm|[upkeep]
|-damage|p2a: Starmie|40/100|[from] Sandstorm
|-damage|p1a: Agatha|94/100|[from] Sandstorm
|-heal|p2a: Starmie|46/100|[from] item: Leftovers
|-heal|p1a: Agatha|100/100|[from] item: Leftovers
|upkeep
|turn|16
|
|t:|1730146550
|move|p2a: Starmie|Thunder Wave|p1a: Agatha
|-status|p1a: Agatha|par
|cant|p1a: Agatha|par
|
|-weather|Sandstorm|[upkeep]
|-damage|p2a: Starmie|40/100|[from] Sandstorm
|-damage|p1a: Agatha|94/100 par|[from] Sandstorm
|-heal|p2a: Starmie|46/100|[from] item: Leftovers
|-heal|p1a: Agatha|100/100 par|[from] item: Leftovers
|upkeep
|turn|17
|
|t:|1730146555
|move|p2a: Starmie|Recover|p2a: Starmie
|-heal|p2a: Starmie|96/100
|move|p1a: Agatha|Thunderbolt|p2a: Starmie
|-supereffective|p2a: Starmie
|-damage|p2a: Starmie|20/100
|
|-weather|Sandstorm|[upkeep]
|-damage|p2a: Starmie|13/100|[from] Sandstorm
|-damage|p1a: Agatha|94/100 par|[from] Sandstorm
|-heal|p2a: Starmie|20/100|[from] item: Leftovers
|-heal|p1a: Agatha|100/100 par|[from] item: Leftovers
|upkeep
|turn|18
|
|t:|1730146560
|move|p2a: Starmie|Surf|p1a: Agatha
|-damage|p1a: Agatha|42/100 par
|move|p1a: Agatha|Thunderbolt|p2a: Starmie
|-supereffective|p2a: Starmie
|-damage|p2a: Starmie|0 fnt
|faint|p2a: Starmie
|
|t:|1730146568
|switch|p2a: Metagross|Metagross|100/100
|-damage|p2a: Metagross|88/100|[from] Spikes
|
|-weather|Sandstorm|[upkeep]
|-damage|p1a: Agatha|36/100 par|[from] Sandstorm
|-heal|p2a: Metagross|94/100|[from] item: Leftovers
|-heal|p1a: Agatha|42/100 par|[from] item: Leftovers
|upkeep
|turn|19
|
|t:|1730146578
|switch|p1a: Goat|Swampert, M|85/100
|-damage|p1a: Goat|73/100|[from] Spikes
|move|p2a: Metagross|Meteor Mash|p1a: Goat
|-resisted|p1a: Goat
|-damage|p1a: Goat|54/100
|-boost|p2a: Metagross|atk|1
|
|-weather|Sandstorm|[upkeep]
|-heal|p2a: Metagross|99/100|[from] item: Leftovers
|-heal|p1a: Goat|60/100|[from] item: Leftovers
|upkeep
|turn|20
|
|t:|1730146585
|move|p2a: Metagross|Earthquake|p1a: Goat
|-damage|p1a: Goat|22/100
|move|p1a: Goat|Earthquake|p2a: Metagross
|-supereffective|p2a: Metagross
|-damage|p2a: Metagross|47/100
|
|-weather|Sandstorm|[upkeep]
|-heal|p2a: Metagross|53/100|[from] item: Leftovers
|-heal|p1a: Goat|28/100|[from] item: Leftovers
|upkeep
|turn|21
|inactive|Faantome has 270 seconds left.
|
|t:|1730146632
|move|p1a: Goat|Protect|p1a: Goat
|-singleturn|p1a: Goat|Protect
|move|p2a: Metagross|Meteor Mash|p1a: Goat
|-activate|p1a: Goat|Protect
|
|-weather|Sandstorm|[upkeep]
|-heal|p2a: Metagross|59/100|[from] item: Leftovers
|-heal|p1a: Goat|34/100|[from] item: Leftovers
|upkeep
|turn|22
|
|t:|1730146645
|move|p2a: Metagross|Earthquake|p1a: Goat
|-damage|p1a: Goat|0 fnt
|faint|p1a: Goat
|
|t:|1730146656
|switch|p1a: Fraud|Charizard, M|100/100
|
|-weather|Sandstorm|[upkeep]
|-damage|p1a: Fraud|94/100|[from] Sandstorm
|-heal|p1a: Fraud|100/100|[from] item: Leftovers
|-heal|p2a: Metagross|65/100|[from] item: Leftovers
|upkeep
|turn|23
|
|t:|1730146673
|switch|p2a: Salamence|Salamence, M|100/100
|-ability|p2a: Salamence|Intimidate|boost
|-unboost|p1a: Fraud|atk|1
|move|p1a: Fraud|Fire Blast|p2a: Salamence
|-resisted|p2a: Salamence
|-damage|p2a: Salamence|68/100
|
|-weather|Sandstorm|[upkeep]
|-damage|p1a: Fraud|94/100|[from] Sandstorm
|-damage|p2a: Salamence|61/100|[from] Sandstorm
|-heal|p1a: Fraud|100/100|[from] item: Leftovers
|-heal|p2a: Salamence|68/100|[from] item: Leftovers
|upkeep
|turn|24
|inactive|Faantome has 270 seconds left.
|
|t:|1730146694
|switch|p1a: Sheist|Skarmory, F|100/100
|move|p2a: Salamence|Hidden Power|p1a: Sheist
|-resisted|p1a: Sheist
|-damage|p1a: Sheist|87/100
|
|-weather|Sandstorm|[upkeep]
|-damage|p2a: Salamence|61/100|[from] Sandstorm
|-heal|p2a: Salamence|68/100|[from] item: Leftovers
|-heal|p1a: Sheist|93/100|[from] item: Leftovers
|upkeep
|turn|25
|
|t:|1730146704
|switch|p2a: Metagross|Metagross|65/100
|-damage|p2a: Metagross|52/100|[from] Spikes
|move|p1a: Sheist|Spikes|p2a: Metagross
|-sidestart|p2: cloud bolt|Spikes
|
|-weather|Sandstorm|[upkeep]
|-heal|p1a: Sheist|99/100|[from] item: Leftovers
|-heal|p2a: Metagross|58/100|[from] item: Leftovers
|upkeep
|turn|26
|
|t:|1730146706
|move|p2a: Metagross|Meteor Mash|p1a: Sheist
|-resisted|p1a: Sheist
|-damage|p1a: Sheist|78/100
|move|p1a: Sheist|Roar|p2a: Metagross
|drag|p2a: Snorlax|Snorlax, F|70/100
|-damage|p2a: Snorlax|54/100|[from] Spikes
|
|-weather|Sandstorm|[upkeep]
|-damage|p2a: Snorlax|47/100|[from] Sandstorm
|-heal|p1a: Sheist|84/100|[from] item: Leftovers
|-heal|p2a: Snorlax|54/100|[from] item: Leftovers
|upkeep
|turn|27
|inactive|Faantome has 270 seconds left.
|
|t:|1730146717
|-singleturn|p2a: Snorlax|move: Focus Punch
|move|p2a: Snorlax|Focus Punch|p1a: Sheist
|-crit|p1a: Sheist
|-damage|p1a: Sheist|16/100
|move|p1a: Sheist|Roar|p2a: Snorlax
|drag|p2a: Salamence|Salamence, M|68/100
|-ability|p2a: Salamence|Intimidate|boost
|-unboost|p1a: Sheist|atk|1
|
|-weather|Sandstorm|[upkeep]
|-damage|p2a: Salamence|61/100|[from] Sandstorm
|-heal|p2a: Salamence|68/100|[from] item: Leftovers
|-heal|p1a: Sheist|22/100|[from] item: Leftovers
|upkeep
|turn|28
|inactive|Faantome has 270 seconds left.
|
|t:|1730146729
|move|p1a: Sheist|Protect|p1a: Sheist
|-singleturn|p1a: Sheist|Protect
|move|p2a: Salamence|Dragon Dance|p2a: Salamence
|-boost|p2a: Salamence|atk|1
|-boost|p2a: Salamence|spe|1
|
|-weather|Sandstorm|[upkeep]
|-damage|p2a: Salamence|61/100|[from] Sandstorm
|-heal|p2a: Salamence|68/100|[from] item: Leftovers
|-heal|p1a: Sheist|28/100|[from] item: Leftovers
|upkeep
|turn|29
|
|t:|1730146734
|move|p2a: Salamence|Rock Slide|p1a: Sheist|[miss]
|-miss|p2a: Salamence|p1a: Sheist
|move|p1a: Sheist|Roar|p2a: Salamence
|drag|p2a: Snorlax|Snorlax, F|54/100
|-damage|p2a: Snorlax|37/100|[from] Spikes
|
|-weather|Sandstorm|[upkeep]
|-damage|p2a: Snorlax|31/100|[from] Sandstorm
|-heal|p1a: Sheist|34/100|[from] item: Leftovers
|-heal|p2a: Snorlax|37/100|[from] item: Leftovers
|upkeep
|turn|30
|
|t:|1730146742
|switch|p2a: Skarmory|Skarmory, M|100/100
|move|p1a: Sheist|Protect||[still]
|-fail|p1a: Sheist
|
|-weather|Sandstorm|[upkeep]
|-heal|p1a: Sheist|40/100|[from] item: Leftovers
|upkeep
|turn|31
|
|t:|1730146746
|switch|p1a: Fraud|Charizard, M|100/100
|move|p2a: Skarmory|Spikes|p1a: Fraud
|-sidestart|p1: Faantome|Spikes
|
|-weather|Sandstorm|[upkeep]
|-damage|p1a: Fraud|94/100|[from] Sandstorm
|-heal|p1a: Fraud|100/100|[from] item: Leftovers
|upkeep
|turn|32
|
|t:|1730146775
|move|p1a: Fraud|Fire Blast|p2a: Skarmory
|-supereffective|p2a: Skarmory
|-damage|p2a: Skarmory|1/100
|move|p2a: Skarmory|Roar|p1a: Fraud
|drag|p1a: Sheist|Skarmory, F|40/100
|
|-weather|Sandstorm|[upkeep]
|-heal|p1a: Sheist|46/100|[from] item: Leftovers
|-heal|p2a: Skarmory|7/100|[from] item: Leftovers
|upkeep
|turn|33
|
|t:|1730146788
|switch|p2a: Snorlax|Snorlax, F|37/100
|-damage|p2a: Snorlax|20/100|[from] Spikes
|move|p1a: Sheist|Spikes|p2a: Snorlax
|-sidestart|p2: cloud bolt|Spikes
|
|-weather|Sandstorm|[upkeep]
|-damage|p2a: Snorlax|14/100|[from] Sandstorm
|-heal|p1a: Sheist|52/100|[from] item: Leftovers
|-heal|p2a: Snorlax|20/100|[from] item: Leftovers
|upkeep
|turn|34
|
|t:|1730146794
|-singleturn|p2a: Snorlax|move: Focus Punch
|switch|p1a: Agatha|Gengar, F|42/100 par
|move|p2a: Snorlax|Focus Punch|p1a: Agatha
|-immune|p1a: Agatha
|
|-weather|Sandstorm|[upkeep]
|-damage|p2a: Snorlax|14/100|[from] Sandstorm
|-damage|p1a: Agatha|36/100 par|[from] Sandstorm
|-heal|p2a: Snorlax|20/100|[from] item: Leftovers
|-heal|p1a: Agatha|42/100 par|[from] item: Leftovers
|upkeep
|turn|35
|
|t:|1730146798
|move|p2a: Snorlax|Body Slam|p1a: Agatha
|-immune|p1a: Agatha
|move|p1a: Agatha|Explosion|p2a: Snorlax
|-damage|p2a: Snorlax|0 fnt
|faint|p1a: Agatha
|faint|p2a: Snorlax
|
|t:|1730146804
|switch|p1a: Fraud|Charizard, M|100/100
|switch|p2a: Metagross|Metagross|58/100
|-damage|p2a: Metagross|33/100|[from] Spikes
|
|-weather|Sandstorm|[upkeep]
|-damage|p1a: Fraud|94/100|[from] Sandstorm
|-heal|p1a: Fraud|100/100|[from] item: Leftovers
|-heal|p2a: Metagross|40/100|[from] item: Leftovers
|upkeep
|turn|36
|
|t:|1730146812
|move|p1a: Fraud|Fire Blast|p2a: Metagross
|-supereffective|p2a: Metagross
|-damage|p2a: Metagross|0 fnt
|faint|p2a: Metagross
|
|t:|1730146814
|switch|p2a: Salamence|Salamence, M|68/100
|-ability|p2a: Salamence|Intimidate|boost
|-unboost|p1a: Fraud|atk|1
|
|-weather|Sandstorm|[upkeep]
|-damage|p1a: Fraud|94/100|[from] Sandstorm
|-damage|p2a: Salamence|61/100|[from] Sandstorm
|-heal|p1a: Fraud|100/100|[from] item: Leftovers
|-heal|p2a: Salamence|68/100|[from] item: Leftovers
|upkeep
|turn|37
|
|t:|1730146819
|switch|p1a: Sheist|Skarmory, F|52/100
|move|p2a: Salamence|Dragon Dance|p2a: Salamence
|-boost|p2a: Salamence|atk|1
|-boost|p2a: Salamence|spe|1
|
|-weather|Sandstorm|[upkeep]
|-damage|p2a: Salamence|61/100|[from] Sandstorm
|-heal|p2a: Salamence|68/100|[from] item: Leftovers
|-heal|p1a: Sheist|58/100|[from] item: Leftovers
|upkeep
|turn|38
|
|t:|1730146826
|move|p2a: Salamence|Rock Slide|p1a: Sheist
|-damage|p1a: Sheist|28/100
|move|p1a: Sheist|Roar|p2a: Salamence
|drag|p2a: Skarmory|Skarmory, M|7/100
|
|-weather|Sandstorm|[upkeep]
|-heal|p1a: Sheist|34/100|[from] item: Leftovers
|-heal|p2a: Skarmory|13/100|[from] item: Leftovers
|upkeep
|turn|39
|
|t:|1730146838
|switch|p2a: Salamence|Salamence, M|68/100
|-ability|p2a: Salamence|Intimidate|boost
|-unboost|p1a: Sheist|atk|1
|move|p1a: Sheist|Protect||[still]
|-fail|p1a: Sheist
|
|-weather|Sandstorm|[upkeep]
|-damage|p2a: Salamence|61/100|[from] Sandstorm
|-heal|p2a: Salamence|68/100|[from] item: Leftovers
|-heal|p1a: Sheist|40/100|[from] item: Leftovers
|upkeep
|turn|40
|
|t:|1730146846
|move|p2a: Salamence|Rock Slide|p1a: Sheist
|-damage|p1a: Sheist|16/100
|move|p1a: Sheist|Toxic|p2a: Salamence|[miss]
|-miss|p1a: Sheist|p2a: Salamence
|
|-weather|Sandstorm|[upkeep]
|-damage|p2a: Salamence|61/100|[from] Sandstorm
|-heal|p2a: Salamence|68/100|[from] item: Leftovers
|-heal|p1a: Sheist|22/100|[from] item: Leftovers
|upkeep
|turn|41
|
|t:|1730146852
|move|p1a: Sheist|Protect|p1a: Sheist
|-singleturn|p1a: Sheist|Protect
|move|p2a: Salamence|Rock Slide|p1a: Sheist|[miss]
|-miss|p2a: Salamence|p1a: Sheist
|
|-weather|Sandstorm|[upkeep]
|-damage|p2a: Salamence|61/100|[from] Sandstorm
|-heal|p2a: Salamence|68/100|[from] item: Leftovers
|-heal|p1a: Sheist|28/100|[from] item: Leftovers
|upkeep
|turn|42
|
|t:|1730146856
|move|p2a: Salamence|Dragon Dance|p2a: Salamence
|-boost|p2a: Salamence|atk|1
|-boost|p2a: Salamence|spe|1
|move|p1a: Sheist|Toxic|p2a: Salamence
|-status|p2a: Salamence|tox
|
|-weather|Sandstorm|[upkeep]
|-damage|p2a: Salamence|61/100 tox|[from] Sandstorm
|-heal|p2a: Salamence|68/100 tox|[from] item: Leftovers
|-damage|p2a: Salamence|61/100 tox|[from] psn
|-heal|p1a: Sheist|34/100|[from] item: Leftovers
|upkeep
|turn|43
|
|t:|1730146860
|move|p1a: Sheist|Protect|p1a: Sheist
|-singleturn|p1a: Sheist|Protect
|move|p2a: Salamence|Dragon Dance|p2a: Salamence
|-boost|p2a: Salamence|atk|1
|-boost|p2a: Salamence|spe|1
|
|-weather|Sandstorm|[upkeep]
|-damage|p2a: Salamence|55/100 tox|[from] Sandstorm
|-heal|p2a: Salamence|61/100 tox|[from] item: Leftovers
|-damage|p2a: Salamence|49/100 tox|[from] psn
|-heal|p1a: Sheist|40/100|[from] item: Leftovers
|upkeep
|turn|44
|
|t:|1730146864
|move|p2a: Salamence|Rock Slide|p1a: Sheist|[miss]
|-miss|p2a: Salamence|p1a: Sheist
|move|p1a: Sheist|Roar|p2a: Salamence
|drag|p2a: Skarmory|Skarmory, M|13/100
|
|-weather|Sandstorm|[upkeep]
|-heal|p1a: Sheist|46/100|[from] item: Leftovers
|-heal|p2a: Skarmory|19/100|[from] item: Leftovers
|upkeep
|turn|45
|c|☆cloud bolt|jesus man
|c|☆cloud bolt|throw 4x win
|-message|cloud bolt forfeited.
|
|win|Faantome
|player|p2|

</script>
<script type="application/json" class="data" id="replaydata-smogtours-gen3ou-803129">
{"id":"smogtours-gen3ou-803129","format":"[Gen 3] OU","players":["Faantome","cloud bolt"],"uploadtime":1730146877,"views":79,"formatid":"gen3ou","rating":null,"private":0,"password":null}
</script>

<script defer src="js/replays.js?9d40a366"></script>
