<!DOCTYPE html>
<meta charset="utf-8" />
<meta name="viewport" content="width=device-width" />

<title>[Gen 3] OU: Jahim the Cream vs. JoJ707 - Replays - Pok&eacute;mon Showdown!</title>

<meta name="description" content="Watch a replay of a Pok&eacute;mon battle between Jahim the Cream and JoJ707! Format: [Gen 3] OU; Date: Oct 28, 2024" />
<!--

Hey, you! Looking in the source for the replay log?

You can find them in JSON format, just add `.json` at the end of a replay URL.

https://replay.pokemonshowdown.com/gen7randomdoublesbattle-865046831.json

Or, if you only need the log itself, add `.log` instead:

https://replay.pokemonshowdown.com/gen7randomdoublesbattle-865046831.log

-->

<link rel="stylesheet" href="//pokemonshowdown.com/style/global.css?0.023195364461161105" />
<link rel="stylesheet" href="//play.pokemonshowdown.com/style/font-awesome.css?0.13261647063804238" />
<link rel="stylesheet" href="//play.pokemonshowdown.com/style/battle.css?0.8753245789963631" />
<link rel="stylesheet" href="//play.pokemonshowdown.com/style/utilichart.css?0.8627959624976733" />

<!-- Global site tag (gtag.js) - Google Analytics -->
<script async src="https://www.googletagmanager.com/gtag/js?id=UA-26211653-1"></script>
<script>
  window.dataLayer = window.dataLayer || [];
  function gtag(){dataLayer.push(arguments);}
  gtag('js', new Date());

  gtag('config', 'UA-26211653-1');
</script>
<!-- End Google Analytics -->
<!-- Venatus Ad Manager - Install in <HEAD> of page -->
	<script src="https://hb.vntsm.com/v3/live/ad-manager.min.js" type="text/javascript" data-site-id="642aba63ec9a7b11c3c9c1be" data-mode="scan" async></script>
<!-- / Venatus Ad Manager -->

<style>
	@media (max-width:820px) {
		.battle {
			margin: 0 auto;
		}
		.battle-log {
			margin: 7px auto 0;
			max-width: 640px;
			height: 300px;
			position: static;
		}
	}
	.optgroup {
		display: inline-block;
		line-height: 22px;
		font-size: 10pt;
	}
	.optgroup .button {
		height: 25px;
		padding-top: 0;
		padding-bottom: 0;
	}
	.optgroup button.button {
		padding-left: 12px;
		padding-right: 12px;
	}
	.linklist {
		list-style: none;
		margin: 0.5em 0;
		padding: 0;
	}
	.linklist li {
		padding: 2px 0;
	}
	.sidebar {
		float: left;
		width: 320px;
	}
	.bar-wrapper {
		max-width: 1100px;
		margin: 0 auto;
	}
	.bar-wrapper.has-sidebar {
		max-width: 1430px;
	}
	.mainbar {
		margin: 0;
		padding-right: 1px;
	}
	.mainbar.has-sidebar {
		margin-left: 330px;
	}
	@media (min-width: 1511px) {
		.sidebar {
			width: 400px;
		}
		.bar-wrapper.has-sidebar {
			max-width: 1510px;
		}
		.mainbar.has-sidebar {
			margin-left: 410px;
		}
	}
	.section.first-section {
		margin-top: 9px;
	}
	.blocklink small {
		white-space: normal;
	}
	.button {
		vertical-align: middle;
	}
	.replay-controls {
		padding-top: 10px;
	}
	.replay-controls h1 {
		font-size: 16pt;
		font-weight: normal;
		color: #CCC;
	}
	.pagelink {
		text-align: center;
	}
	.pagelink a {
		width: 150px;
	}
	.textbox, .button {
		font-size: 11pt;
		vertical-align: middle;
	}
	@media (max-width: 450px) {
		.button {
			font-size: 9pt;
		}
	}
</style>

<div>

	<header>
		<div class="nav-wrapper"><ul class="nav">
			<li><a class="button nav-first" href="//pokemonshowdown.com/"><img src="//pokemonshowdown.com/images/pokemonshowdownbeta.png" srcset="//pokemonshowdown.com/images/pokemonshowdownbeta.png 1x, //pokemonshowdown.com/images/pokemonshowdownbeta@2x.png 2x" alt="Pok&eacute;mon Showdown" width="146" height="44" /> Home</a></li>
			<li><a class="button" href="//pokemonshowdown.com/dex/">Pok&eacute;dex</a></li>
			<li><a class="button cur" href="/">Replays</a></li>
			<li><a class="button" href="//pokemonshowdown.com/ladder/">Ladder</a></li>
			<li><a class="button nav-last" href="//pokemonshowdown.com/forums/">Forum</a></li>
			<li><a class="button greenbutton nav-first nav-last" href="//play.pokemonshowdown.com/">Play</a></li>
		</ul></div>
	</header>

	<div class="main" id="main">

		<noscript><section class="section">You need to enable JavaScript to use this page; sorry!</section></noscript>

	</div>

</div>

<script defer nomodule src="//play.pokemonshowdown.com/js/lib/ps-polyfill.js"></script>
<script defer src="//play.pokemonshowdown.com/js/lib/preact.min.js"></script>

<script defer src="//play.pokemonshowdown.com/config/config.js?2bddbc15"></script>
<script defer src="//play.pokemonshowdown.com/js/lib/jquery-1.11.0.min.js"></script>
<script defer src="//play.pokemonshowdown.com/js/lib/html-sanitizer-minified.js"></script>
<script defer src="//play.pokemonshowdown.com/js/battle-sound.js"></script>
<script defer src="//play.pokemonshowdown.com/js/battledata.js?0.7209276989879541"></script>
<script defer src="//play.pokemonshowdown.com/data/pokedex-mini.js?0.6111056340867951"></script>
<script defer src="//play.pokemonshowdown.com/data/pokedex-mini-bw.js?0.3532142036491459"></script>
<script defer src="//play.pokemonshowdown.com/data/graphics.js?0.24223875632456182"></script>
<script defer src="//play.pokemonshowdown.com/data/pokedex.js?0.38839984266356864"></script>
<script defer src="//play.pokemonshowdown.com/data/moves.js?0.21866028504024015"></script>
<script defer src="//play.pokemonshowdown.com/data/abilities.js?0.2005157953846628"></script>
<script defer src="//play.pokemonshowdown.com/data/items.js?0.9894211263848525"></script>
<script defer src="//play.pokemonshowdown.com/data/teambuilder-tables.js?0.6008791140282215"></script>
<script defer src="//play.pokemonshowdown.com/js/battle-tooltips.js?0.7580118955022959"></script>
<script defer src="//play.pokemonshowdown.com/js/battle.js?0.6057722274234274"></script>

<script defer src="js/utils.js?e31f9a17"></script>
<script defer src="js/replays-battle.js?7008c182"></script>

<!-- don't scrape this data! just add .json or .log after the URL!
Full API docs: https://github.com/smogon/pokemon-showdown-client/blob/master/WEB-API.md -->
<script type="text/plain" class="log" id="replaylog-smogtours-gen3ou-803081">
|inactive|Battle timer is ON: inactive players will automatically lose when time's up.
|t:|1730135507
|gametype|singles
|player|p1|Jahim the Cream|266|
|player|p2|JoJ707|#advpliv|
|teamsize|p1|6
|teamsize|p2|6
|gen|3
|tier|[Gen 3] OU
|rule|Sleep Clause Mod: Limit one foe put to sleep
|rule|Switch Priority Clause Mod: Faster Pokémon switch first
|rule|Species Clause: Limit one of each Pokémon
|rule|OHKO Clause: OHKO moves are banned
|rule|Evasion Items Clause: Evasion items are banned
|rule|Evasion Moves Clause: Evasion moves are banned
|rule|Endless Battle Clause: Forcing endless battles is banned
|rule|HP Percentage Mod: HP is shown in percentages
|rule|One Boost Passer Clause: Limit one Baton Passer that has a way to boost its stats
|rule|Freeze Clause Mod: Limit one foe frozen
|
|t:|1730135507
|start
|switch|p1a: Salamence|Salamence, F|100/100
|switch|p2a: Tyranitar|Tyranitar, F|100/100
|-ability|p1a: Salamence|Intimidate|boost
|-unboost|p2a: Tyranitar|atk|1
|-weather|Sandstorm|[from] ability: Sand Stream|[of] p2a: Tyranitar
|turn|1
|c|☆JoJ707|hf
|c|☆Jahim the Cream|you too
|inactive|Jahim the Cream has 270 seconds left.
|inactive|Jahim the Cream has 240 seconds left.
|
|t:|1730135583
|switch|p1a: Skarmory|Skarmory, M, shiny|100/100
|switch|p2a: Milotic|Milotic, F|100/100
|
|-weather|Sandstorm|[upkeep]
|-damage|p2a: Milotic|94/100|[from] Sandstorm
|-heal|p2a: Milotic|100/100|[from] item: Leftovers
|upkeep
|turn|2
|
|t:|1730135598
|switch|p2a: Forretress|Forretress, M|100/100
|move|p1a: Skarmory|Spikes|p2a: Forretress
|-sidestart|p2: JoJ707|Spikes
|
|-weather|Sandstorm|[upkeep]
|upkeep
|turn|3
|
|t:|1730135617
|move|p2a: Forretress|Spikes|p1a: Skarmory
|-sidestart|p1: Jahim the Cream|Spikes
|move|p1a: Skarmory|Roar|p2a: Forretress
|drag|p2a: Metagross|Metagross|100/100
|-damage|p2a: Metagross|88/100|[from] Spikes
|
|-weather|Sandstorm|[upkeep]
|-heal|p2a: Metagross|94/100|[from] item: Leftovers
|upkeep
|turn|4
|
|t:|1730135637
|switch|p2a: Forretress|Forretress, M|100/100
|-damage|p2a: Forretress|88/100|[from] Spikes
|move|p1a: Skarmory|Roar|p2a: Forretress
|drag|p2a: Salamence|Salamence, M|100/100
|-ability|p2a: Salamence|Intimidate|boost
|-unboost|p1a: Skarmory|atk|1
|
|-weather|Sandstorm|[upkeep]
|-damage|p2a: Salamence|94/100|[from] Sandstorm
|-heal|p2a: Salamence|100/100|[from] item: Leftovers
|upkeep
|turn|5
|
|t:|1730135650
|switch|p1a: Salamence|Salamence, F|100/100
|-ability|p1a: Salamence|Intimidate|boost
|-unboost|p2a: Salamence|atk|1
|move|p2a: Salamence|Fire Blast|p1a: Salamence|[miss]
|-miss|p2a: Salamence|p1a: Salamence
|
|-weather|Sandstorm|[upkeep]
|-damage|p1a: Salamence|94/100|[from] Sandstorm
|-damage|p2a: Salamence|94/100|[from] Sandstorm
|-heal|p1a: Salamence|100/100|[from] item: Leftovers
|-heal|p2a: Salamence|100/100|[from] item: Leftovers
|upkeep
|turn|6
|inactive|Jahim the Cream has 270 seconds left.
|inactive|JoJ707 has 270 seconds left.
|
|t:|1730135690
|switch|p2a: Blissey|Blissey, F|100/100
|-damage|p2a: Blissey|88/100|[from] Spikes
|move|p1a: Salamence|Hidden Power|p2a: Blissey
|-damage|p2a: Blissey|78/100
|
|-weather|Sandstorm|[upkeep]
|-damage|p1a: Salamence|94/100|[from] Sandstorm
|-damage|p2a: Blissey|72/100|[from] Sandstorm
|-heal|p1a: Salamence|100/100|[from] item: Leftovers
|-heal|p2a: Blissey|78/100|[from] item: Leftovers
|upkeep
|turn|7
|inactive|JoJ707 has 270 seconds left.
|inactive|Jahim the Cream has 240 seconds left.
|
|t:|1730135730
|switch|p1a: Metagross|Metagross|100/100
|-damage|p1a: Metagross|88/100|[from] Spikes
|move|p2a: Blissey|Soft-Boiled|p2a: Blissey
|-heal|p2a: Blissey|100/100
|
|-weather|Sandstorm|[upkeep]
|-damage|p2a: Blissey|94/100|[from] Sandstorm
|-heal|p1a: Metagross|94/100|[from] item: Leftovers
|-heal|p2a: Blissey|100/100|[from] item: Leftovers
|upkeep
|turn|8
|
|t:|1730135741
|switch|p2a: Forretress|Forretress, M|88/100
|-damage|p2a: Forretress|76/100|[from] Spikes
|move|p1a: Metagross|Meteor Mash|p2a: Forretress
|-resisted|p2a: Forretress
|-damage|p2a: Forretress|57/100
|
|-weather|Sandstorm|[upkeep]
|-heal|p1a: Metagross|99/100|[from] item: Leftovers
|-heal|p2a: Forretress|63/100|[from] item: Leftovers
|upkeep
|turn|9
|
|t:|1730135747
|move|p1a: Metagross|Meteor Mash|p2a: Forretress
|-resisted|p2a: Forretress
|-damage|p2a: Forretress|44/100
|move|p2a: Forretress|Rapid Spin|p1a: Metagross
|-resisted|p1a: Metagross
|-damage|p1a: Metagross|99/100
|-sideend|p2: JoJ707|Spikes|[from] move: Rapid Spin|[of] p2a: Forretress
|
|-weather|Sandstorm|[upkeep]
|-heal|p1a: Metagross|100/100|[from] item: Leftovers
|-heal|p2a: Forretress|50/100|[from] item: Leftovers
|upkeep
|turn|10
|
|t:|1730135751
|switch|p1a: Claydol|Claydol|100/100
|move|p2a: Forretress|Counter|p1a: Claydol
|
|-weather|Sandstorm|[upkeep]
|-heal|p2a: Forretress|56/100|[from] item: Leftovers
|upkeep
|turn|11
|
|t:|1730135759
|move|p1a: Claydol|Rapid Spin|p2a: Forretress
|-resisted|p2a: Forretress
|-damage|p2a: Forretress|54/100
|-sideend|p1: Jahim the Cream|Spikes|[from] move: Rapid Spin|[of] p1a: Claydol
|move|p2a: Forretress|Hidden Power|p1a: Claydol
|-supereffective|p1a: Claydol
|-damage|p1a: Claydol|55/100
|
|-weather|Sandstorm|[upkeep]
|-heal|p1a: Claydol|61/100|[from] item: Leftovers
|-heal|p2a: Forretress|61/100|[from] item: Leftovers
|upkeep
|turn|12
|
|t:|1730135777
|switch|p1a: Salamence|Salamence, F|100/100
|-ability|p1a: Salamence|Intimidate|boost
|-unboost|p2a: Forretress|atk|1
|move|p2a: Forretress|Spikes|p1a: Salamence
|-sidestart|p1: Jahim the Cream|Spikes
|
|-weather|Sandstorm|[upkeep]
|-damage|p1a: Salamence|94/100|[from] Sandstorm
|-heal|p1a: Salamence|100/100|[from] item: Leftovers
|-heal|p2a: Forretress|67/100|[from] item: Leftovers
|upkeep
|turn|13
|
|t:|1730135784
|switch|p2a: Milotic|Milotic, F|100/100
|move|p1a: Salamence|Fire Blast|p2a: Milotic
|-resisted|p2a: Milotic
|-damage|p2a: Milotic|85/100
|-status|p2a: Milotic|brn
|
|-weather|Sandstorm|[upkeep]
|-damage|p1a: Salamence|94/100|[from] Sandstorm
|-damage|p2a: Milotic|79/100 brn|[from] Sandstorm
|-heal|p1a: Salamence|100/100|[from] item: Leftovers
|-heal|p2a: Milotic|85/100 brn|[from] item: Leftovers
|-damage|p2a: Milotic|73/100 brn|[from] brn
|upkeep
|turn|14
|c|☆Jahim the Cream|shucks
|inactive|Jahim the Cream has 240 seconds left.
|inactive|JoJ707 has 270 seconds left.
|
|t:|1730135828
|switch|p1a: Blissey|Blissey, F|100/100
|-damage|p1a: Blissey|88/100|[from] Spikes
|move|p2a: Milotic|Recover|p2a: Milotic
|-heal|p2a: Milotic|100/100 brn
|
|-weather|Sandstorm|[upkeep]
|-damage|p2a: Milotic|94/100 brn|[from] Sandstorm
|-damage|p1a: Blissey|82/100|[from] Sandstorm
|-heal|p2a: Milotic|100/100 brn|[from] item: Leftovers
|-damage|p2a: Milotic|88/100 brn|[from] brn
|-heal|p1a: Blissey|88/100|[from] item: Leftovers
|upkeep
|turn|15
|inactive|JoJ707 has 270 seconds left.
|
|t:|1730135840
|switch|p2a: Blissey|Blissey, F|100/100
|move|p1a: Blissey|Sing|p2a: Blissey|[miss]
|-miss|p1a: Blissey|p2a: Blissey
|
|-weather|Sandstorm|[upkeep]
|-damage|p1a: Blissey|82/100|[from] Sandstorm
|-damage|p2a: Blissey|94/100|[from] Sandstorm
|-heal|p1a: Blissey|88/100|[from] item: Leftovers
|-heal|p2a: Blissey|100/100|[from] item: Leftovers
|upkeep
|turn|16
|
|t:|1730135855
|switch|p1a: Metagross|Metagross|100/100
|-damage|p1a: Metagross|88/100|[from] Spikes
|switch|p2a: Milotic|Milotic, F|88/100 brn
|
|-weather|Sandstorm|[upkeep]
|-damage|p2a: Milotic|82/100 brn|[from] Sandstorm
|-heal|p2a: Milotic|88/100 brn|[from] item: Leftovers
|-damage|p2a: Milotic|76/100 brn|[from] brn
|-heal|p1a: Metagross|94/100|[from] item: Leftovers
|upkeep
|turn|17
|
|t:|1730135860
|move|p1a: Metagross|Protect|p1a: Metagross
|-singleturn|p1a: Metagross|Protect
|move|p2a: Milotic|Refresh|p2a: Milotic
|-curestatus|p2a: Milotic|brn|[msg]
|
|-weather|Sandstorm|[upkeep]
|-damage|p2a: Milotic|70/100|[from] Sandstorm
|-heal|p2a: Milotic|76/100|[from] item: Leftovers
|-heal|p1a: Metagross|99/100|[from] item: Leftovers
|upkeep
|turn|18
|
|t:|1730135871
|move|p2a: Milotic|Surf|p1a: Metagross
|-damage|p1a: Metagross|66/100
|move|p1a: Metagross|Meteor Mash|p2a: Milotic
|-resisted|p2a: Milotic
|-damage|p2a: Milotic|57/100
|
|-weather|Sandstorm|[upkeep]
|-damage|p2a: Milotic|51/100|[from] Sandstorm
|-heal|p2a: Milotic|57/100|[from] item: Leftovers
|-heal|p1a: Metagross|72/100|[from] item: Leftovers
|upkeep
|turn|19
|
|t:|1730135885
|switch|p1a: Blissey|Blissey, F|88/100
|-damage|p1a: Blissey|76/100|[from] Spikes
|move|p2a: Milotic|Recover|p2a: Milotic
|-heal|p2a: Milotic|100/100
|
|-weather|Sandstorm|[upkeep]
|-damage|p2a: Milotic|94/100|[from] Sandstorm
|-damage|p1a: Blissey|69/100|[from] Sandstorm
|-heal|p2a: Milotic|100/100|[from] item: Leftovers
|-heal|p1a: Blissey|76/100|[from] item: Leftovers
|upkeep
|turn|20
|inactive|JoJ707 has 270 seconds left.
|
|t:|1730135935
|move|p2a: Milotic|Toxic|p1a: Blissey
|-status|p1a: Blissey|tox
|move|p1a: Blissey|Sing|p2a: Milotic|[miss]
|-miss|p1a: Blissey|p2a: Milotic
|
|-weather|Sandstorm|[upkeep]
|-damage|p2a: Milotic|94/100|[from] Sandstorm
|-damage|p1a: Blissey|69/100 tox|[from] Sandstorm
|-heal|p2a: Milotic|100/100|[from] item: Leftovers
|-heal|p1a: Blissey|76/100 tox|[from] item: Leftovers
|-damage|p1a: Blissey|69/100 tox|[from] psn
|upkeep
|turn|21
|inactive|Jahim the Cream has 240 seconds left.
|
|t:|1730135953
|move|p2a: Milotic|Surf|p1a: Blissey
|-damage|p1a: Blissey|57/100 tox
|move|p1a: Blissey|Thunderbolt|p2a: Milotic
|-supereffective|p2a: Milotic
|-damage|p2a: Milotic|64/100
|
|-weather|Sandstorm|[upkeep]
|-damage|p2a: Milotic|58/100|[from] Sandstorm
|-damage|p1a: Blissey|51/100 tox|[from] Sandstorm
|-heal|p2a: Milotic|64/100|[from] item: Leftovers
|-heal|p1a: Blissey|57/100 tox|[from] item: Leftovers
|-damage|p1a: Blissey|44/100 tox|[from] psn
|upkeep
|turn|22
|
|t:|1730135962
|move|p2a: Milotic|Recover|p2a: Milotic
|-heal|p2a: Milotic|100/100
|move|p1a: Blissey|Soft-Boiled|p1a: Blissey
|-heal|p1a: Blissey|94/100 tox
|
|-weather|Sandstorm|[upkeep]
|-damage|p2a: Milotic|94/100|[from] Sandstorm
|-damage|p1a: Blissey|88/100 tox|[from] Sandstorm
|-heal|p2a: Milotic|100/100|[from] item: Leftovers
|-heal|p1a: Blissey|94/100 tox|[from] item: Leftovers
|-damage|p1a: Blissey|76/100 tox|[from] psn
|upkeep
|turn|23
|inactive|Jahim the Cream has 240 seconds left.
|
|t:|1730135992
|switch|p2a: Metagross|Metagross|94/100
|-curestatus|p1a: Blissey|tox|[from] ability: Natural Cure
|switch|p1a: Metagross|Metagross|72/100
|-damage|p1a: Metagross|59/100|[from] Spikes
|
|-weather|Sandstorm|[upkeep]
|-heal|p1a: Metagross|65/100|[from] item: Leftovers
|-heal|p2a: Metagross|99/100|[from] item: Leftovers
|upkeep
|turn|24
|inactive|JoJ707 has 240 seconds left.
|
|t:|1730136024
|switch|p2a: Salamence|Salamence, M|100/100
|-ability|p2a: Salamence|Intimidate|boost
|-fail|p1a: Metagross|unboost|[from] ability: Clear Body|[of] p1a: Metagross
|move|p1a: Metagross|Meteor Mash|p2a: Salamence
|-damage|p2a: Salamence|41/100
|
|-weather|Sandstorm|[upkeep]
|-damage|p2a: Salamence|35/100|[from] Sandstorm
|-heal|p2a: Salamence|41/100|[from] item: Leftovers
|-heal|p1a: Metagross|71/100|[from] item: Leftovers
|upkeep
|turn|25
|inactive|Jahim the Cream has 210 seconds left.
|
|t:|1730136039
|switch|p1a: Claydol|Claydol|61/100
|move|p2a: Salamence|Fire Blast|p1a: Claydol
|-damage|p1a: Claydol|25/100
|
|-weather|Sandstorm|[upkeep]
|-damage|p2a: Salamence|35/100|[from] Sandstorm
|-heal|p2a: Salamence|41/100|[from] item: Leftovers
|-heal|p1a: Claydol|31/100|[from] item: Leftovers
|upkeep
|turn|26
|inactive|Jahim the Cream has 210 seconds left.
|
|t:|1730136065
|switch|p1a: Salamence|Salamence, F|100/100
|-ability|p1a: Salamence|Intimidate|boost
|-unboost|p2a: Salamence|atk|1
|move|p2a: Salamence|Brick Break|p1a: Salamence
|-resisted|p1a: Salamence
|-damage|p1a: Salamence|91/100
|
|-weather|Sandstorm|[upkeep]
|-damage|p2a: Salamence|35/100|[from] Sandstorm
|-damage|p1a: Salamence|85/100|[from] Sandstorm
|-heal|p1a: Salamence|91/100|[from] item: Leftovers
|-heal|p2a: Salamence|41/100|[from] item: Leftovers
|upkeep
|turn|27
|
|t:|1730136075
|switch|p2a: Milotic|Milotic, F|100/100
|move|p1a: Salamence|Dragon Claw|p2a: Milotic
|-damage|p2a: Milotic|71/100
|
|-weather|Sandstorm|[upkeep]
|-damage|p1a: Salamence|85/100|[from] Sandstorm
|-damage|p2a: Milotic|64/100|[from] Sandstorm
|-heal|p1a: Salamence|91/100|[from] item: Leftovers
|-heal|p2a: Milotic|71/100|[from] item: Leftovers
|upkeep
|turn|28
|
|t:|1730136088
|switch|p1a: Metagross|Metagross|71/100
|-damage|p1a: Metagross|59/100|[from] Spikes
|move|p2a: Milotic|Recover|p2a: Milotic
|-heal|p2a: Milotic|100/100
|
|-weather|Sandstorm|[upkeep]
|-damage|p2a: Milotic|94/100|[from] Sandstorm
|-heal|p2a: Milotic|100/100|[from] item: Leftovers
|-heal|p1a: Metagross|65/100|[from] item: Leftovers
|upkeep
|turn|29
|
|t:|1730136091
|move|p2a: Milotic|Surf|p1a: Metagross
|-damage|p1a: Metagross|29/100
|move|p1a: Metagross|Meteor Mash|p2a: Milotic
|-resisted|p2a: Milotic
|-damage|p2a: Milotic|82/100
|
|-weather|Sandstorm|[upkeep]
|-damage|p2a: Milotic|76/100|[from] Sandstorm
|-heal|p2a: Milotic|82/100|[from] item: Leftovers
|-heal|p1a: Metagross|35/100|[from] item: Leftovers
|upkeep
|turn|30
|
|t:|1730136096
|move|p1a: Metagross|Protect|p1a: Metagross
|-singleturn|p1a: Metagross|Protect
|move|p2a: Milotic|Surf|p1a: Metagross
|-activate|p1a: Metagross|Protect
|
|-weather|Sandstorm|[upkeep]
|-damage|p2a: Milotic|76/100|[from] Sandstorm
|-heal|p2a: Milotic|82/100|[from] item: Leftovers
|-heal|p1a: Metagross|41/100|[from] item: Leftovers
|upkeep
|turn|31
|
|t:|1730136111
|switch|p2a: Forretress|Forretress, M|67/100
|switch|p1a: Skarmory|Skarmory, M, shiny|100/100
|
|-weather|Sandstorm|[upkeep]
|-heal|p2a: Forretress|73/100|[from] item: Leftovers
|upkeep
|turn|32
|
|t:|1730136117
|move|p1a: Skarmory|Spikes|p2a: Forretress
|-sidestart|p2: JoJ707|Spikes
|move|p2a: Forretress|Spikes|p1a: Skarmory
|-sidestart|p1: Jahim the Cream|Spikes
|
|-weather|Sandstorm|[upkeep]
|-heal|p2a: Forretress|79/100|[from] item: Leftovers
|upkeep
|turn|33
|
|t:|1730136120
|switch|p1a: Claydol|Claydol|31/100
|move|p2a: Forretress|Rapid Spin|p1a: Claydol
|-damage|p1a: Claydol|27/100
|-sideend|p2: JoJ707|Spikes|[from] move: Rapid Spin|[of] p2a: Forretress
|
|-weather|Sandstorm|[upkeep]
|-heal|p1a: Claydol|33/100|[from] item: Leftovers
|-heal|p2a: Forretress|86/100|[from] item: Leftovers
|upkeep
|turn|34
|
|t:|1730136122
|move|p1a: Claydol|Rapid Spin|p2a: Forretress
|-resisted|p2a: Forretress
|-damage|p2a: Forretress|84/100
|-sideend|p1: Jahim the Cream|Spikes|[from] move: Rapid Spin|[of] p1a: Claydol
|move|p2a: Forretress|Hidden Power|p1a: Claydol
|-supereffective|p1a: Claydol
|-damage|p1a: Claydol|0 fnt
|faint|p1a: Claydol
|
|t:|1730136127
|switch|p1a: Salamence|Salamence, F|91/100
|-ability|p1a: Salamence|Intimidate|boost
|-unboost|p2a: Forretress|atk|1
|
|-weather|Sandstorm|[upkeep]
|-damage|p1a: Salamence|85/100|[from] Sandstorm
|-heal|p1a: Salamence|91/100|[from] item: Leftovers
|-heal|p2a: Forretress|90/100|[from] item: Leftovers
|upkeep
|turn|35
|
|t:|1730136138
|switch|p2a: Blissey|Blissey, F|100/100
|move|p1a: Salamence|Brick Break|p2a: Blissey
|-supereffective|p2a: Blissey
|-damage|p2a: Blissey|57/100
|
|-weather|Sandstorm|[upkeep]
|-damage|p1a: Salamence|85/100|[from] Sandstorm
|-damage|p2a: Blissey|51/100|[from] Sandstorm
|-heal|p1a: Salamence|91/100|[from] item: Leftovers
|-heal|p2a: Blissey|57/100|[from] item: Leftovers
|upkeep
|turn|36
|
|t:|1730136146
|move|p1a: Salamence|Brick Break|p2a: Blissey
|-supereffective|p2a: Blissey
|-damage|p2a: Blissey|18/100
|move|p2a: Blissey|Soft-Boiled|p2a: Blissey
|-heal|p2a: Blissey|68/100
|
|-weather|Sandstorm|[upkeep]
|-damage|p1a: Salamence|85/100|[from] Sandstorm
|-damage|p2a: Blissey|62/100|[from] Sandstorm
|-heal|p1a: Salamence|91/100|[from] item: Leftovers
|-heal|p2a: Blissey|68/100|[from] item: Leftovers
|upkeep
|turn|37
|inactive|Jahim the Cream has 270 seconds left.
|
|t:|1730136152
|switch|p1a: Tyranitar|Tyranitar, F|100/100
|move|p2a: Blissey|Soft-Boiled|p2a: Blissey
|-heal|p2a: Blissey|100/100
|
|-weather|Sandstorm|[upkeep]
|-damage|p2a: Blissey|94/100|[from] Sandstorm
|-heal|p2a: Blissey|100/100|[from] item: Leftovers
|upkeep
|turn|38
|
|t:|1730136161
|switch|p1a: Metagross|Metagross|41/100
|switch|p2a: Metagross|Metagross|99/100
|
|-weather|Sandstorm|[upkeep]
|-heal|p2a: Metagross|100/100|[from] item: Leftovers
|-heal|p1a: Metagross|47/100|[from] item: Leftovers
|upkeep
|turn|39
|
|t:|1730136172
|switch|p2a: Forretress|Forretress, M|90/100
|move|p1a: Metagross|Protect||[still]
|-fail|p1a: Metagross
|
|-weather|Sandstorm|[upkeep]
|-heal|p1a: Metagross|53/100|[from] item: Leftovers
|-heal|p2a: Forretress|96/100|[from] item: Leftovers
|upkeep
|turn|40
|
|t:|1730136177
|move|p1a: Metagross|Meteor Mash|p2a: Forretress
|-resisted|p2a: Forretress
|-damage|p2a: Forretress|79/100
|move|p2a: Forretress|Spikes|p1a: Metagross
|-sidestart|p1: Jahim the Cream|Spikes
|
|-weather|Sandstorm|[upkeep]
|-heal|p1a: Metagross|59/100|[from] item: Leftovers
|-heal|p2a: Forretress|85/100|[from] item: Leftovers
|upkeep
|turn|41
|
|t:|1730136183
|switch|p1a: Salamence|Salamence, F|91/100
|-ability|p1a: Salamence|Intimidate|boost
|-unboost|p2a: Forretress|atk|1
|move|p2a: Forretress|Spikes|p1a: Salamence
|-sidestart|p1: Jahim the Cream|Spikes
|
|-weather|Sandstorm|[upkeep]
|-damage|p1a: Salamence|85/100|[from] Sandstorm
|-heal|p1a: Salamence|91/100|[from] item: Leftovers
|-heal|p2a: Forretress|91/100|[from] item: Leftovers
|upkeep
|turn|42
|
|t:|1730136192
|switch|p2a: Blissey|Blissey, F|100/100
|move|p1a: Salamence|Fire Blast|p2a: Blissey
|-crit|p2a: Blissey
|-damage|p2a: Blissey|65/100
|-status|p2a: Blissey|brn
|
|-weather|Sandstorm|[upkeep]
|-damage|p1a: Salamence|85/100|[from] Sandstorm
|-damage|p2a: Blissey|59/100 brn|[from] Sandstorm
|-heal|p1a: Salamence|91/100|[from] item: Leftovers
|-heal|p2a: Blissey|65/100 brn|[from] item: Leftovers
|-damage|p2a: Blissey|52/100 brn|[from] brn
|upkeep
|turn|43
|
|t:|1730136203
|move|p1a: Salamence|Brick Break|p2a: Blissey
|-supereffective|p2a: Blissey
|-damage|p2a: Blissey|8/100 brn
|move|p2a: Blissey|Ice Beam|p1a: Salamence
|-supereffective|p1a: Salamence
|-damage|p1a: Salamence|0 fnt
|faint|p1a: Salamence
|
|t:|1730136216
|switch|p1a: Tyranitar|Tyranitar, F|100/100
|-damage|p1a: Tyranitar|84/100|[from] Spikes
|
|-weather|Sandstorm|[upkeep]
|-damage|p2a: Blissey|2/100 brn|[from] Sandstorm
|-heal|p1a: Tyranitar|90/100|[from] item: Leftovers
|-heal|p2a: Blissey|8/100 brn|[from] item: Leftovers
|-damage|p2a: Blissey|0 fnt|[from] brn
|faint|p2a: Blissey
|upkeep
|
|t:|1730136224
|switch|p2a: Metagross|Metagross|100/100
|turn|44
|
|t:|1730136227
|switch|p1a: Skarmory|Skarmory, M, shiny|100/100
|move|p2a: Metagross|Meteor Mash|p1a: Skarmory
|-resisted|p1a: Skarmory
|-damage|p1a: Skarmory|77/100
|
|-weather|Sandstorm|[upkeep]
|-heal|p1a: Skarmory|83/100|[from] item: Leftovers
|upkeep
|turn|45
|
|t:|1730136231
|switch|p2a: Forretress|Forretress, M|91/100
|move|p1a: Skarmory|Spikes|p2a: Forretress
|-sidestart|p2: JoJ707|Spikes
|
|-weather|Sandstorm|[upkeep]
|-heal|p1a: Skarmory|89/100|[from] item: Leftovers
|-heal|p2a: Forretress|98/100|[from] item: Leftovers
|upkeep
|turn|46
|
|t:|1730136236
|move|p1a: Skarmory|Spikes|p2a: Forretress
|-sidestart|p2: JoJ707|Spikes
|move|p2a: Forretress|Spikes|p1a: Skarmory
|-sidestart|p1: Jahim the Cream|Spikes
|
|-weather|Sandstorm|[upkeep]
|-heal|p1a: Skarmory|95/100|[from] item: Leftovers
|-heal|p2a: Forretress|100/100|[from] item: Leftovers
|upkeep
|turn|47
|
|t:|1730136239
|move|p1a: Skarmory|Spikes|p2a: Forretress
|-sidestart|p2: JoJ707|Spikes
|move|p2a: Forretress|Rapid Spin|p1a: Skarmory
|-resisted|p1a: Skarmory
|-damage|p1a: Skarmory|94/100
|-sideend|p2: JoJ707|Spikes|[from] move: Rapid Spin|[of] p2a: Forretress
|
|-weather|Sandstorm|[upkeep]
|-heal|p1a: Skarmory|99/100|[from] item: Leftovers
|upkeep
|turn|48
|
|t:|1730136247
|move|p1a: Skarmory|Spikes|p2a: Forretress
|-sidestart|p2: JoJ707|Spikes
|move|p2a: Forretress|Hidden Power|p1a: Skarmory
|-resisted|p1a: Skarmory
|-damage|p1a: Skarmory|95/100
|
|-weather|Sandstorm|[upkeep]
|-heal|p1a: Skarmory|100/100|[from] item: Leftovers
|upkeep
|turn|49
|
|t:|1730136249
|move|p1a: Skarmory|Spikes|p2a: Forretress
|-sidestart|p2: JoJ707|Spikes
|move|p2a: Forretress|Rapid Spin|p1a: Skarmory
|-resisted|p1a: Skarmory
|-damage|p1a: Skarmory|99/100
|-sideend|p2: JoJ707|Spikes|[from] move: Rapid Spin|[of] p2a: Forretress
|
|-weather|Sandstorm|[upkeep]
|-heal|p1a: Skarmory|100/100|[from] item: Leftovers
|upkeep
|turn|50
|
|t:|1730136255
|move|p1a: Skarmory|Spikes|p2a: Forretress
|-sidestart|p2: JoJ707|Spikes
|move|p2a: Forretress|Hidden Power|p1a: Skarmory
|-resisted|p1a: Skarmory
|-damage|p1a: Skarmory|97/100
|
|-weather|Sandstorm|[upkeep]
|-heal|p1a: Skarmory|100/100|[from] item: Leftovers
|upkeep
|turn|51
|
|t:|1730136258
|move|p2a: Forretress|Rapid Spin|p1a: Skarmory
|-resisted|p1a: Skarmory
|-damage|p1a: Skarmory|99/100
|-sideend|p2: JoJ707|Spikes|[from] move: Rapid Spin|[of] p2a: Forretress
|move|p1a: Skarmory|Roar|p2a: Forretress
|drag|p2a: Tyranitar|Tyranitar, F|100/100
|
|-weather|Sandstorm|[upkeep]
|-heal|p1a: Skarmory|100/100|[from] item: Leftovers
|upkeep
|turn|52
|
|t:|1730136260
|move|p1a: Skarmory|Toxic|p2a: Tyranitar
|-status|p2a: Tyranitar|tox
|move|p2a: Tyranitar|Fire Blast|p1a: Skarmory
|-supereffective|p1a: Skarmory
|-damage|p1a: Skarmory|27/100
|
|-weather|Sandstorm|[upkeep]
|-heal|p1a: Skarmory|34/100|[from] item: Leftovers
|-damage|p2a: Tyranitar|94/100 tox|[from] psn
|upkeep
|turn|53
|
|t:|1730136289
|switch|p2a: Salamence|Salamence, M|41/100
|-ability|p2a: Salamence|Intimidate|boost
|-unboost|p1a: Skarmory|atk|1
|move|p1a: Skarmory|Spikes|p2a: Salamence
|-sidestart|p2: JoJ707|Spikes
|
|-weather|Sandstorm|[upkeep]
|-damage|p2a: Salamence|35/100|[from] Sandstorm
|-heal|p2a: Salamence|41/100|[from] item: Leftovers
|-heal|p1a: Skarmory|40/100|[from] item: Leftovers
|upkeep
|turn|54
|
|t:|1730136306
|move|p1a: Skarmory|Protect|p1a: Skarmory
|-singleturn|p1a: Skarmory|Protect
|move|p2a: Salamence|Fire Blast|p1a: Skarmory
|-activate|p1a: Skarmory|Protect
|
|-weather|Sandstorm|[upkeep]
|-damage|p2a: Salamence|35/100|[from] Sandstorm
|-heal|p2a: Salamence|41/100|[from] item: Leftovers
|-heal|p1a: Skarmory|46/100|[from] item: Leftovers
|upkeep
|turn|55
|
|t:|1730136310
|switch|p1a: Blissey|Blissey, F|76/100
|-damage|p1a: Blissey|51/100|[from] Spikes
|move|p2a: Salamence|Fire Blast|p1a: Blissey|[miss]
|-miss|p2a: Salamence|p1a: Blissey
|
|-weather|Sandstorm|[upkeep]
|-damage|p2a: Salamence|35/100|[from] Sandstorm
|-damage|p1a: Blissey|45/100|[from] Sandstorm
|-heal|p2a: Salamence|41/100|[from] item: Leftovers
|-heal|p1a: Blissey|51/100|[from] item: Leftovers
|upkeep
|turn|56
|
|t:|1730136316
|move|p2a: Salamence|Brick Break|p1a: Blissey
|-supereffective|p1a: Blissey
|-damage|p1a: Blissey|6/100
|move|p1a: Blissey|Sing|p2a: Salamence
|-status|p2a: Salamence|slp|[from] move: Sing
|
|-weather|Sandstorm|[upkeep]
|-damage|p2a: Salamence|35/100 slp|[from] Sandstorm
|-damage|p1a: Blissey|0 fnt|[from] Sandstorm
|faint|p1a: Blissey
|-heal|p2a: Salamence|41/100 slp|[from] item: Leftovers
|upkeep
|
|t:|1730136320
|switch|p1a: Tyranitar|Tyranitar, F|90/100
|-damage|p1a: Tyranitar|65/100|[from] Spikes
|turn|57
|
|t:|1730136332
|switch|p2a: Metagross|Metagross|100/100
|-damage|p2a: Metagross|88/100|[from] Spikes
|move|p1a: Tyranitar|Dragon Dance|p1a: Tyranitar
|-boost|p1a: Tyranitar|atk|1
|-boost|p1a: Tyranitar|spe|1
|
|-weather|Sandstorm|[upkeep]
|-heal|p1a: Tyranitar|71/100|[from] item: Leftovers
|-heal|p2a: Metagross|94/100|[from] item: Leftovers
|upkeep
|turn|58
|
|t:|1730136344
|move|p1a: Tyranitar|Rock Slide|p2a: Metagross
|-resisted|p2a: Metagross
|-damage|p2a: Metagross|73/100
|move|p2a: Metagross|Meteor Mash|p1a: Tyranitar
|-supereffective|p1a: Tyranitar
|-damage|p1a: Tyranitar|0 fnt
|faint|p1a: Tyranitar
|-message|Jahim the Cream forfeited.
|
|win|JoJ707
|player|p1|
|c|☆JoJ707|gg

</script>
<script type="application/json" class="data" id="replaydata-smogtours-gen3ou-803081">
{"id":"smogtours-gen3ou-803081","format":"[Gen 3] OU","players":["Jahim the Cream","JoJ707"],"uploadtime":1730136351,"views":82,"formatid":"gen3ou","rating":null,"private":0,"password":null}
</script>

<script defer src="js/replays.js?9d40a366"></script>
