<!DOCTYPE html>
<meta charset="utf-8" />
<meta name="viewport" content="width=device-width" />

<title>[Gen 3] OU: tefoshark vs. asbolus verrucosus - Replays - Pok&eacute;mon Showdown!</title>

<meta name="description" content="Watch a replay of a Pok&eacute;mon battle between tefoshark and asbolus verrucosus! Format: [Gen 3] OU; Date: Oct 29, 2024" />
<!--

Hey, you! Looking in the source for the replay log?

You can find them in JSON format, just add `.json` at the end of a replay URL.

https://replay.pokemonshowdown.com/gen7randomdoublesbattle-865046831.json

Or, if you only need the log itself, add `.log` instead:

https://replay.pokemonshowdown.com/gen7randomdoublesbattle-865046831.log

-->

<link rel="stylesheet" href="//pokemonshowdown.com/style/global.css?0.023195364461161105" />
<link rel="stylesheet" href="//play.pokemonshowdown.com/style/font-awesome.css?0.13261647063804238" />
<link rel="stylesheet" href="//play.pokemonshowdown.com/style/battle.css?0.8753245789963631" />
<link rel="stylesheet" href="//play.pokemonshowdown.com/style/utilichart.css?0.8627959624976733" />

<!-- Global site tag (gtag.js) - Google Analytics -->
<script async src="https://www.googletagmanager.com/gtag/js?id=UA-26211653-1"></script>
<script>
  window.dataLayer = window.dataLayer || [];
  function gtag(){dataLayer.push(arguments);}
  gtag('js', new Date());

  gtag('config', 'UA-26211653-1');
</script>
<!-- End Google Analytics -->
<!-- Venatus Ad Manager - Install in <HEAD> of page -->
	<script src="https://hb.vntsm.com/v3/live/ad-manager.min.js" type="text/javascript" data-site-id="642aba63ec9a7b11c3c9c1be" data-mode="scan" async></script>
<!-- / Venatus Ad Manager -->

<style>
	@media (max-width:820px) {
		.battle {
			margin: 0 auto;
		}
		.battle-log {
			margin: 7px auto 0;
			max-width: 640px;
			height: 300px;
			position: static;
		}
	}
	.optgroup {
		display: inline-block;
		line-height: 22px;
		font-size: 10pt;
	}
	.optgroup .button {
		height: 25px;
		padding-top: 0;
		padding-bottom: 0;
	}
	.optgroup button.button {
		padding-left: 12px;
		padding-right: 12px;
	}
	.linklist {
		list-style: none;
		margin: 0.5em 0;
		padding: 0;
	}
	.linklist li {
		padding: 2px 0;
	}
	.sidebar {
		float: left;
		width: 320px;
	}
	.bar-wrapper {
		max-width: 1100px;
		margin: 0 auto;
	}
	.bar-wrapper.has-sidebar {
		max-width: 1430px;
	}
	.mainbar {
		margin: 0;
		padding-right: 1px;
	}
	.mainbar.has-sidebar {
		margin-left: 330px;
	}
	@media (min-width: 1511px) {
		.sidebar {
			width: 400px;
		}
		.bar-wrapper.has-sidebar {
			max-width: 1510px;
		}
		.mainbar.has-sidebar {
			margin-left: 410px;
		}
	}
	.section.first-section {
		margin-top: 9px;
	}
	.blocklink small {
		white-space: normal;
	}
	.button {
		vertical-align: middle;
	}
	.replay-controls {
		padding-top: 10px;
	}
	.replay-controls h1 {
		font-size: 16pt;
		font-weight: normal;
		color: #CCC;
	}
	.pagelink {
		text-align: center;
	}
	.pagelink a {
		width: 150px;
	}
	.textbox, .button {
		font-size: 11pt;
		vertical-align: middle;
	}
	@media (max-width: 450px) {
		.button {
			font-size: 9pt;
		}
	}
</style>

<div>

	<header>
		<div class="nav-wrapper"><ul class="nav">
			<li><a class="button nav-first" href="//pokemonshowdown.com/"><img src="//pokemonshowdown.com/images/pokemonshowdownbeta.png" srcset="//pokemonshowdown.com/images/pokemonshowdownbeta.png 1x, //pokemonshowdown.com/images/pokemonshowdownbeta@2x.png 2x" alt="Pok&eacute;mon Showdown" width="146" height="44" /> Home</a></li>
			<li><a class="button" href="//pokemonshowdown.com/dex/">Pok&eacute;dex</a></li>
			<li><a class="button cur" href="/">Replays</a></li>
			<li><a class="button" href="//pokemonshowdown.com/ladder/">Ladder</a></li>
			<li><a class="button nav-last" href="//pokemonshowdown.com/forums/">Forum</a></li>
			<li><a class="button greenbutton nav-first nav-last" href="//play.pokemonshowdown.com/">Play</a></li>
		</ul></div>
	</header>

	<div class="main" id="main">

		<noscript><section class="section">You need to enable JavaScript to use this page; sorry!</section></noscript>

	</div>

</div>

<script defer nomodule src="//play.pokemonshowdown.com/js/lib/ps-polyfill.js"></script>
<script defer src="//play.pokemonshowdown.com/js/lib/preact.min.js"></script>

<script defer src="//play.pokemonshowdown.com/config/config.js?2bddbc15"></script>
<script defer src="//play.pokemonshowdown.com/js/lib/jquery-1.11.0.min.js"></script>
<script defer src="//play.pokemonshowdown.com/js/lib/html-sanitizer-minified.js"></script>
<script defer src="//play.pokemonshowdown.com/js/battle-sound.js"></script>
<script defer src="//play.pokemonshowdown.com/js/battledata.js?0.7209276989879541"></script>
<script defer src="//play.pokemonshowdown.com/data/pokedex-mini.js?0.6111056340867951"></script>
<script defer src="//play.pokemonshowdown.com/data/pokedex-mini-bw.js?0.3532142036491459"></script>
<script defer src="//play.pokemonshowdown.com/data/graphics.js?0.24223875632456182"></script>
<script defer src="//play.pokemonshowdown.com/data/pokedex.js?0.38839984266356864"></script>
<script defer src="//play.pokemonshowdown.com/data/moves.js?0.21866028504024015"></script>
<script defer src="//play.pokemonshowdown.com/data/abilities.js?0.2005157953846628"></script>
<script defer src="//play.pokemonshowdown.com/data/items.js?0.9894211263848525"></script>
<script defer src="//play.pokemonshowdown.com/data/teambuilder-tables.js?0.6008791140282215"></script>
<script defer src="//play.pokemonshowdown.com/js/battle-tooltips.js?0.7580118955022959"></script>
<script defer src="//play.pokemonshowdown.com/js/battle.js?0.6057722274234274"></script>

<script defer src="js/utils.js?e31f9a17"></script>
<script defer src="js/replays-battle.js?7008c182"></script>

<!-- don't scrape this data! just add .json or .log after the URL!
Full API docs: https://github.com/smogon/pokemon-showdown-client/blob/master/WEB-API.md -->
<script type="text/plain" class="log" id="replaylog-smogtours-gen3ou-803378">
|inactive|Battle timer is ON: inactive players will automatically lose when time's up.
|t:|1730243484
|gametype|singles
|player|p1|tefoshark|acetrainer|
|player|p2|asbolus verrucosus|bugsy-gen2|
|teamsize|p1|6
|teamsize|p2|6
|gen|3
|tier|[Gen 3] OU
|rule|Sleep Clause Mod: Limit one foe put to sleep
|rule|Switch Priority Clause Mod: Faster Pokémon switch first
|rule|Species Clause: Limit one of each Pokémon
|rule|OHKO Clause: OHKO moves are banned
|rule|Evasion Items Clause: Evasion items are banned
|rule|Evasion Moves Clause: Evasion moves are banned
|rule|Endless Battle Clause: Forcing endless battles is banned
|rule|HP Percentage Mod: HP is shown in percentages
|rule|One Boost Passer Clause: Limit one Baton Passer that has a way to boost its stats
|rule|Freeze Clause Mod: Limit one foe frozen
|
|t:|1730243484
|start
|switch|p1a: Zapdos|Zapdos|100/100
|switch|p2a: ragnarok|Tyranitar, M, shiny|100/100
|-weather|Sandstorm|[from] ability: Sand Stream|[of] p2a: ragnarok
|turn|1
|c|☆tefoshark|gl hf!
|inactive|asbolus verrucosus has 270 seconds left.
|
|t:|1730243515
|switch|p1a: Suicune|Suicune|100/100
|move|p2a: ragnarok|Ice Beam|p1a: Suicune
|-resisted|p1a: Suicune
|-damage|p1a: Suicune|90/100
|
|-weather|Sandstorm|[upkeep]
|-damage|p1a: Suicune|84/100|[from] Sandstorm
|-heal|p1a: Suicune|90/100|[from] item: Leftovers
|upkeep
|turn|2
|
|t:|1730243528
|switch|p2a: pavatae|Jirachi, shiny|100/100
|move|p1a: Suicune|Calm Mind|p1a: Suicune
|-boost|p1a: Suicune|spa|1
|-boost|p1a: Suicune|spd|1
|
|-weather|Sandstorm|[upkeep]
|-damage|p1a: Suicune|84/100|[from] Sandstorm
|-heal|p1a: Suicune|90/100|[from] item: Leftovers
|upkeep
|turn|3
|
|t:|1730243534
|move|p1a: Suicune|Surf|p2a: pavatae
|-damage|p2a: pavatae|62/100
|move|p2a: pavatae|Fire Punch|p1a: Suicune
|-resisted|p1a: Suicune
|-damage|p1a: Suicune|86/100
|
|-weather|Sandstorm|[upkeep]
|-damage|p1a: Suicune|80/100|[from] Sandstorm
|-heal|p1a: Suicune|86/100|[from] item: Leftovers
|-heal|p2a: pavatae|68/100|[from] item: Leftovers
|upkeep
|turn|4
|
|t:|1730243541
|switch|p2a: rostic|Articuno|100/100
|move|p1a: Suicune|Surf|p2a: rostic
|-damage|p2a: rostic|67/100
|
|-weather|Sandstorm|[upkeep]
|-damage|p1a: Suicune|80/100|[from] Sandstorm
|-damage|p2a: rostic|61/100|[from] Sandstorm
|-heal|p1a: Suicune|86/100|[from] item: Leftovers
|-heal|p2a: rostic|67/100|[from] item: Leftovers
|upkeep
|turn|5
|
|t:|1730243545
|move|p1a: Suicune|Hidden Power|p2a: rostic
|-supereffective|p2a: rostic
|-damage|p2a: rostic|36/100
|move|p2a: rostic|Haze|p2a: rostic
|-clearallboost
|
|-weather|Sandstorm|[upkeep]
|-damage|p1a: Suicune|80/100|[from] Sandstorm
|-damage|p2a: rostic|30/100|[from] Sandstorm
|-heal|p1a: Suicune|86/100|[from] item: Leftovers
|-heal|p2a: rostic|36/100|[from] item: Leftovers
|upkeep
|turn|6
|
|t:|1730243553
|switch|p1a: Zapdos|Zapdos|100/100
|switch|p2a: pike|Skarmory, M, shiny|100/100
|
|-weather|Sandstorm|[upkeep]
|-damage|p1a: Zapdos|94/100|[from] Sandstorm
|-heal|p1a: Zapdos|100/100|[from] item: Leftovers
|upkeep
|turn|7
|
|t:|1730243560
|move|p1a: Zapdos|Thunderbolt|p2a: pike
|-supereffective|p2a: pike
|-damage|p2a: pike|13/100
|move|p2a: pike|Toxic|p1a: Zapdos
|-status|p1a: Zapdos|tox
|
|-weather|Sandstorm|[upkeep]
|-damage|p1a: Zapdos|94/100 tox|[from] Sandstorm
|-heal|p1a: Zapdos|100/100 tox|[from] item: Leftovers
|-damage|p1a: Zapdos|94/100 tox|[from] psn
|-heal|p2a: pike|19/100|[from] item: Leftovers
|upkeep
|turn|8
|
|t:|1730243566
|switch|p2a: clink|Flygon, M|100/100
|move|p1a: Zapdos|Baton Pass|p1a: Zapdos
|
|t:|1730243577
|switch|p1a: Suicune|Suicune|86/100|[from] Baton Pass
|
|-weather|Sandstorm|[upkeep]
|-damage|p1a: Suicune|80/100|[from] Sandstorm
|-heal|p1a: Suicune|86/100|[from] item: Leftovers
|upkeep
|turn|9
|
|t:|1730243596
|move|p1a: Suicune|Calm Mind|p1a: Suicune
|-boost|p1a: Suicune|spa|1
|-boost|p1a: Suicune|spd|1
|move|p2a: clink|Toxic|p1a: Suicune
|-status|p1a: Suicune|tox
|
|-weather|Sandstorm|[upkeep]
|-damage|p1a: Suicune|80/100 tox|[from] Sandstorm
|-heal|p1a: Suicune|86/100 tox|[from] item: Leftovers
|-damage|p1a: Suicune|80/100 tox|[from] psn
|upkeep
|turn|10
|
|t:|1730243604
|move|p2a: clink|Protect|p2a: clink
|-singleturn|p2a: clink|Protect
|move|p1a: Suicune|Surf|p2a: clink
|-activate|p2a: clink|Protect
|
|-weather|Sandstorm|[upkeep]
|-damage|p1a: Suicune|74/100 tox|[from] Sandstorm
|-heal|p1a: Suicune|80/100 tox|[from] item: Leftovers
|-damage|p1a: Suicune|68/100 tox|[from] psn
|upkeep
|turn|11
|
|t:|1730243607
|move|p1a: Suicune|Ice Beam|p2a: clink
|-supereffective|p2a: clink
|-damage|p2a: clink|0 fnt
|faint|p2a: clink
|
|t:|1730243612
|switch|p2a: pike|Skarmory, M, shiny|19/100
|
|-weather|Sandstorm|[upkeep]
|-damage|p1a: Suicune|62/100 tox|[from] Sandstorm
|-heal|p1a: Suicune|68/100 tox|[from] item: Leftovers
|-damage|p1a: Suicune|50/100 tox|[from] psn
|-heal|p2a: pike|25/100|[from] item: Leftovers
|upkeep
|turn|12
|
|t:|1730243618
|switch|p1a: Zapdos|Zapdos|94/100 tox
|move|p2a: pike|Protect||[still]
|-fail|p2a: pike
|
|-weather|Sandstorm|[upkeep]
|-damage|p1a: Zapdos|88/100 tox|[from] Sandstorm
|-heal|p1a: Zapdos|94/100 tox|[from] item: Leftovers
|-damage|p1a: Zapdos|88/100 tox|[from] psn
|-heal|p2a: pike|31/100|[from] item: Leftovers
|upkeep
|turn|13
|
|t:|1730243622
|move|p2a: pike|Protect|p2a: pike
|-singleturn|p2a: pike|Protect
|move|p1a: Zapdos|Substitute|p1a: Zapdos
|-start|p1a: Zapdos|Substitute
|-damage|p1a: Zapdos|64/100 tox
|
|-weather|Sandstorm|[upkeep]
|-damage|p1a: Zapdos|58/100 tox|[from] Sandstorm
|-heal|p1a: Zapdos|64/100 tox|[from] item: Leftovers
|-damage|p1a: Zapdos|52/100 tox|[from] psn
|-heal|p2a: pike|37/100|[from] item: Leftovers
|upkeep
|turn|14
|
|t:|1730243633
|switch|p2a: pavatae|Jirachi, shiny|68/100
|move|p1a: Zapdos|Thunderbolt|p2a: pavatae
|-damage|p2a: pavatae|37/100
|
|-weather|Sandstorm|[upkeep]
|-damage|p1a: Zapdos|46/100 tox|[from] Sandstorm
|-heal|p1a: Zapdos|52/100 tox|[from] item: Leftovers
|-damage|p1a: Zapdos|34/100 tox|[from] psn
|-heal|p2a: pavatae|43/100|[from] item: Leftovers
|upkeep
|turn|15
|
|t:|1730243639
|move|p1a: Zapdos|Substitute|p1a: Zapdos
|-fail|p1a: Zapdos|move: Substitute
|move|p2a: pavatae|Wish|p2a: pavatae
|
|-weather|Sandstorm|[upkeep]
|-damage|p1a: Zapdos|28/100 tox|[from] Sandstorm
|-heal|p1a: Zapdos|34/100 tox|[from] item: Leftovers
|-damage|p1a: Zapdos|10/100 tox|[from] psn
|-heal|p2a: pavatae|50/100|[from] item: Leftovers
|upkeep
|turn|16
|c|☆tefoshark|damn
|
|t:|1730243645
|move|p1a: Zapdos|Baton Pass|p1a: Zapdos
|c|☆tefoshark|missclick
|
|t:|1730243651
|switch|p1a: Dugtrio|Dugtrio, M|100/100|[from] Baton Pass
|move|p2a: pavatae|Body Slam|p1a: Dugtrio
|-end|p1a: Dugtrio|Substitute
|
|-heal|p2a: pavatae|99/100|[from] move: Wish|[wisher] pavatae
|-weather|Sandstorm|[upkeep]
|-heal|p2a: pavatae|100/100|[from] item: Leftovers
|upkeep
|turn|17
|
|t:|1730243656
|move|p1a: Dugtrio|Earthquake|p2a: pavatae
|-supereffective|p2a: pavatae
|-damage|p2a: pavatae|20/100
|move|p2a: pavatae|Body Slam|p1a: Dugtrio
|-damage|p1a: Dugtrio|45/100
|-status|p1a: Dugtrio|par
|
|-weather|Sandstorm|[upkeep]
|-heal|p2a: pavatae|26/100|[from] item: Leftovers
|upkeep
|turn|18
|
|t:|1730243664
|move|p2a: pavatae|Protect|p2a: pavatae
|-singleturn|p2a: pavatae|Protect
|cant|p1a: Dugtrio|par
|
|-weather|Sandstorm|[upkeep]
|-heal|p2a: pavatae|32/100|[from] item: Leftovers
|upkeep
|turn|19
|
|t:|1730243666
|move|p2a: pavatae|Body Slam|p1a: Dugtrio
|-damage|p1a: Dugtrio|0 fnt
|faint|p1a: Dugtrio
|
|t:|1730243672
|switch|p1a: Celebi|Celebi|100/100
|
|-weather|Sandstorm|[upkeep]
|-damage|p1a: Celebi|94/100|[from] Sandstorm
|-heal|p1a: Celebi|100/100|[from] item: Leftovers
|-heal|p2a: pavatae|38/100|[from] item: Leftovers
|upkeep
|turn|20
|
|t:|1730243680
|switch|p2a: pike|Skarmory, M, shiny|37/100
|move|p1a: Celebi|Hidden Power|p2a: pike
|-supereffective|p2a: pike
|-damage|p2a: pike|0 fnt
|faint|p2a: pike
|
|t:|1730243687
|switch|p2a: rostic|Articuno|36/100
|
|-weather|Sandstorm|[upkeep]
|-damage|p1a: Celebi|94/100|[from] Sandstorm
|-damage|p2a: rostic|30/100|[from] Sandstorm
|-heal|p1a: Celebi|100/100|[from] item: Leftovers
|-heal|p2a: rostic|36/100|[from] item: Leftovers
|upkeep
|turn|21
|
|t:|1730243692
|move|p1a: Celebi|Hidden Power|p2a: rostic
|-supereffective|p2a: rostic
|-damage|p2a: rostic|15/100
|move|p2a: rostic|Ice Beam|p1a: Celebi
|-supereffective|p1a: Celebi
|-damage|p1a: Celebi|44/100
|
|-weather|Sandstorm|[upkeep]
|-damage|p1a: Celebi|38/100|[from] Sandstorm
|-damage|p2a: rostic|9/100|[from] Sandstorm
|-heal|p1a: Celebi|44/100|[from] item: Leftovers
|-heal|p2a: rostic|15/100|[from] item: Leftovers
|upkeep
|turn|22
|
|t:|1730243700
|switch|p2a: fern|Moltres, shiny|100/100
|move|p1a: Celebi|Calm Mind|p1a: Celebi
|-boost|p1a: Celebi|spa|1
|-boost|p1a: Celebi|spd|1
|
|-weather|Sandstorm|[upkeep]
|-damage|p2a: fern|94/100|[from] Sandstorm
|-damage|p1a: Celebi|38/100|[from] Sandstorm
|-heal|p2a: fern|100/100|[from] item: Leftovers
|-heal|p1a: Celebi|44/100|[from] item: Leftovers
|upkeep
|turn|23
|
|t:|1730243706
|move|p2a: fern|Flamethrower|p1a: Celebi
|-supereffective|p1a: Celebi
|-damage|p1a: Celebi|0 fnt
|faint|p1a: Celebi
|
|t:|1730243720
|switch|p1a: Gengar|Gengar, M|100/100
|
|-weather|Sandstorm|[upkeep]
|-damage|p1a: Gengar|94/100|[from] Sandstorm
|-damage|p2a: fern|94/100|[from] Sandstorm
|-heal|p1a: Gengar|100/100|[from] item: Leftovers
|-heal|p2a: fern|100/100|[from] item: Leftovers
|upkeep
|turn|24
|
|t:|1730243726
|switch|p2a: ragnarok|Tyranitar, M, shiny|100/100
|move|p1a: Gengar|Thunderbolt|p2a: ragnarok
|-damage|p2a: ragnarok|79/100
|
|-weather|Sandstorm|[upkeep]
|-damage|p1a: Gengar|94/100|[from] Sandstorm
|-heal|p1a: Gengar|100/100|[from] item: Leftovers
|-heal|p2a: ragnarok|85/100|[from] item: Leftovers
|upkeep
|turn|25
|
|t:|1730243734
|switch|p1a: Zapdos|Zapdos|10/100 tox
|move|p2a: ragnarok|Rock Slide|p1a: Zapdos
|-supereffective|p1a: Zapdos
|-damage|p1a: Zapdos|0 fnt
|faint|p1a: Zapdos
|
|t:|1730243739
|switch|p1a: Suicune|Suicune|50/100 tox
|
|-weather|Sandstorm|[upkeep]
|-damage|p1a: Suicune|44/100 tox|[from] Sandstorm
|-heal|p1a: Suicune|50/100 tox|[from] item: Leftovers
|-damage|p1a: Suicune|44/100 tox|[from] psn
|-heal|p2a: ragnarok|91/100|[from] item: Leftovers
|upkeep
|turn|26
|
|t:|1730243745
|move|p1a: Suicune|Surf|p2a: ragnarok
|-supereffective|p2a: ragnarok
|-damage|p2a: ragnarok|27/100
|move|p2a: ragnarok|Rock Slide|p1a: Suicune
|-damage|p1a: Suicune|9/100 tox
|
|-weather|Sandstorm|[upkeep]
|-damage|p1a: Suicune|3/100 tox|[from] Sandstorm
|-heal|p1a: Suicune|9/100 tox|[from] item: Leftovers
|-damage|p1a: Suicune|0 fnt|[from] psn
|faint|p1a: Suicune
|-heal|p2a: ragnarok|33/100|[from] item: Leftovers
|upkeep
|
|t:|1730243751
|switch|p1a: Jirachi|Jirachi|100/100
|turn|27
|
|t:|1730243759
|switch|p2a: pavatae|Jirachi, shiny|38/100
|move|p1a: Jirachi|Calm Mind|p1a: Jirachi
|-boost|p1a: Jirachi|spa|1
|-boost|p1a: Jirachi|spd|1
|
|-weather|Sandstorm|[upkeep]
|-heal|p2a: pavatae|45/100|[from] item: Leftovers
|upkeep
|turn|28
|
|t:|1730243764
|move|p1a: Jirachi|Fire Punch|p2a: pavatae
|-supereffective|p2a: pavatae
|-damage|p2a: pavatae|0 fnt
|faint|p2a: pavatae
|
|t:|1730243769
|switch|p2a: ragnarok|Tyranitar, M, shiny|33/100
|
|-weather|Sandstorm|[upkeep]
|-heal|p2a: ragnarok|39/100|[from] item: Leftovers
|upkeep
|turn|29
|
|t:|1730243775
|move|p1a: Jirachi|Hidden Power|p2a: ragnarok
|-supereffective|p2a: ragnarok
|-damage|p2a: ragnarok|0 fnt
|faint|p2a: ragnarok
|
|t:|1730243777
|switch|p2a: fern|Moltres, shiny|100/100
|
|-weather|Sandstorm|[upkeep]
|-damage|p2a: fern|94/100|[from] Sandstorm
|-heal|p2a: fern|100/100|[from] item: Leftovers
|upkeep
|turn|30
|
|t:|1730243782
|move|p1a: Jirachi|Psychic|p2a: fern
|-damage|p2a: fern|33/100
|-unboost|p2a: fern|spd|1
|move|p2a: fern|Overheat|p1a: Jirachi
|-supereffective|p1a: Jirachi
|-damage|p1a: Jirachi|0 fnt
|-unboost|p2a: fern|spa|2
|faint|p1a: Jirachi
|
|t:|1730243785
|switch|p1a: Gengar|Gengar, M|100/100
|
|-weather|Sandstorm|[upkeep]
|-damage|p1a: Gengar|94/100|[from] Sandstorm
|-damage|p2a: fern|26/100|[from] Sandstorm
|-heal|p1a: Gengar|100/100|[from] item: Leftovers
|-heal|p2a: fern|33/100|[from] item: Leftovers
|upkeep
|turn|31
|
|t:|1730243789
|move|p1a: Gengar|Thunderbolt|p2a: fern
|-supereffective|p2a: fern
|-crit|p2a: fern
|-damage|p2a: fern|0 fnt
|faint|p2a: fern
|
|t:|1730243792
|switch|p2a: rostic|Articuno|15/100
|
|-weather|Sandstorm|[upkeep]
|-damage|p1a: Gengar|94/100|[from] Sandstorm
|-damage|p2a: rostic|9/100|[from] Sandstorm
|-heal|p1a: Gengar|100/100|[from] item: Leftovers
|-heal|p2a: rostic|15/100|[from] item: Leftovers
|upkeep
|turn|32
|
|t:|1730243796
|move|p1a: Gengar|Thunderbolt|p2a: rostic
|-supereffective|p2a: rostic
|-damage|p2a: rostic|0 fnt
|faint|p2a: rostic
|
|win|tefoshark
|c|☆asbolus verrucosus|gg
|c|☆tefoshark|gg
|player|p2|

</script>
<script type="application/json" class="data" id="replaydata-smogtours-gen3ou-803378">
{"id":"smogtours-gen3ou-803378","format":"[Gen 3] OU","players":["tefoshark","asbolus verrucosus"],"uploadtime":1730243796,"views":59,"formatid":"gen3ou","rating":null,"private":0,"password":null}
</script>

<script defer src="js/replays.js?9d40a366"></script>
