<!DOCTYPE html>
<meta charset="utf-8" />
<meta name="viewport" content="width=device-width" />

<title>[Gen 3] OU: pea-kah vs. dadaasdcfaw - Replays - Pok&eacute;mon Showdown!</title>

<meta name="description" content="Watch a replay of a Pok&eacute;mon battle between pea-kah and dadaasdcfaw! Format: [Gen 3] OU; Date: Oct 12, 2024" />
<!--

Hey, you! Looking in the source for the replay log?

You can find them in JSON format, just add `.json` at the end of a replay URL.

https://replay.pokemonshowdown.com/gen7randomdoublesbattle-865046831.json

Or, if you only need the log itself, add `.log` instead:

https://replay.pokemonshowdown.com/gen7randomdoublesbattle-865046831.log

-->

<link rel="stylesheet" href="//pokemonshowdown.com/style/global.css?0.023195364461161105" />
<link rel="stylesheet" href="//play.pokemonshowdown.com/style/font-awesome.css?0.13261647063804238" />
<link rel="stylesheet" href="//play.pokemonshowdown.com/style/battle.css?0.8753245789963631" />
<link rel="stylesheet" href="//play.pokemonshowdown.com/style/utilichart.css?0.8627959624976733" />

<!-- Global site tag (gtag.js) - Google Analytics -->
<script async src="https://www.googletagmanager.com/gtag/js?id=UA-26211653-1"></script>
<script>
  window.dataLayer = window.dataLayer || [];
  function gtag(){dataLayer.push(arguments);}
  gtag('js', new Date());

  gtag('config', 'UA-26211653-1');
</script>
<!-- End Google Analytics -->
<!-- Venatus Ad Manager - Install in <HEAD> of page -->
	<script src="https://hb.vntsm.com/v3/live/ad-manager.min.js" type="text/javascript" data-site-id="642aba63ec9a7b11c3c9c1be" data-mode="scan" async></script>
<!-- / Venatus Ad Manager -->

<style>
	@media (max-width:820px) {
		.battle {
			margin: 0 auto;
		}
		.battle-log {
			margin: 7px auto 0;
			max-width: 640px;
			height: 300px;
			position: static;
		}
	}
	.optgroup {
		display: inline-block;
		line-height: 22px;
		font-size: 10pt;
	}
	.optgroup .button {
		height: 25px;
		padding-top: 0;
		padding-bottom: 0;
	}
	.optgroup button.button {
		padding-left: 12px;
		padding-right: 12px;
	}
	.linklist {
		list-style: none;
		margin: 0.5em 0;
		padding: 0;
	}
	.linklist li {
		padding: 2px 0;
	}
	.sidebar {
		float: left;
		width: 320px;
	}
	.bar-wrapper {
		max-width: 1100px;
		margin: 0 auto;
	}
	.bar-wrapper.has-sidebar {
		max-width: 1430px;
	}
	.mainbar {
		margin: 0;
		padding-right: 1px;
	}
	.mainbar.has-sidebar {
		margin-left: 330px;
	}
	@media (min-width: 1511px) {
		.sidebar {
			width: 400px;
		}
		.bar-wrapper.has-sidebar {
			max-width: 1510px;
		}
		.mainbar.has-sidebar {
			margin-left: 410px;
		}
	}
	.section.first-section {
		margin-top: 9px;
	}
	.blocklink small {
		white-space: normal;
	}
	.button {
		vertical-align: middle;
	}
	.replay-controls {
		padding-top: 10px;
	}
	.replay-controls h1 {
		font-size: 16pt;
		font-weight: normal;
		color: #CCC;
	}
	.pagelink {
		text-align: center;
	}
	.pagelink a {
		width: 150px;
	}
	.textbox, .button {
		font-size: 11pt;
		vertical-align: middle;
	}
	@media (max-width: 450px) {
		.button {
			font-size: 9pt;
		}
	}
</style>

<div>

	<header>
		<div class="nav-wrapper"><ul class="nav">
			<li><a class="button nav-first" href="//pokemonshowdown.com/"><img src="//pokemonshowdown.com/images/pokemonshowdownbeta.png" srcset="//pokemonshowdown.com/images/pokemonshowdownbeta.png 1x, //pokemonshowdown.com/images/pokemonshowdownbeta@2x.png 2x" alt="Pok&eacute;mon Showdown" width="146" height="44" /> Home</a></li>
			<li><a class="button" href="//pokemonshowdown.com/dex/">Pok&eacute;dex</a></li>
			<li><a class="button cur" href="/">Replays</a></li>
			<li><a class="button" href="//pokemonshowdown.com/ladder/">Ladder</a></li>
			<li><a class="button nav-last" href="//pokemonshowdown.com/forums/">Forum</a></li>
			<li><a class="button greenbutton nav-first nav-last" href="//play.pokemonshowdown.com/">Play</a></li>
		</ul></div>
	</header>

	<div class="main" id="main">

		<noscript><section class="section">You need to enable JavaScript to use this page; sorry!</section></noscript>

	</div>

</div>

<script defer nomodule src="//play.pokemonshowdown.com/js/lib/ps-polyfill.js"></script>
<script defer src="//play.pokemonshowdown.com/js/lib/preact.min.js"></script>

<script defer src="//play.pokemonshowdown.com/config/config.js?2bddbc15"></script>
<script defer src="//play.pokemonshowdown.com/js/lib/jquery-1.11.0.min.js"></script>
<script defer src="//play.pokemonshowdown.com/js/lib/html-sanitizer-minified.js"></script>
<script defer src="//play.pokemonshowdown.com/js/battle-sound.js"></script>
<script defer src="//play.pokemonshowdown.com/js/battledata.js?0.7209276989879541"></script>
<script defer src="//play.pokemonshowdown.com/data/pokedex-mini.js?0.6111056340867951"></script>
<script defer src="//play.pokemonshowdown.com/data/pokedex-mini-bw.js?0.3532142036491459"></script>
<script defer src="//play.pokemonshowdown.com/data/graphics.js?0.24223875632456182"></script>
<script defer src="//play.pokemonshowdown.com/data/pokedex.js?0.38839984266356864"></script>
<script defer src="//play.pokemonshowdown.com/data/moves.js?0.21866028504024015"></script>
<script defer src="//play.pokemonshowdown.com/data/abilities.js?0.2005157953846628"></script>
<script defer src="//play.pokemonshowdown.com/data/items.js?0.9894211263848525"></script>
<script defer src="//play.pokemonshowdown.com/data/teambuilder-tables.js?0.6008791140282215"></script>
<script defer src="//play.pokemonshowdown.com/js/battle-tooltips.js?0.7580118955022959"></script>
<script defer src="//play.pokemonshowdown.com/js/battle.js?0.6057722274234274"></script>

<script defer src="js/utils.js?e31f9a17"></script>
<script defer src="js/replays-battle.js?7008c182"></script>

<!-- don't scrape this data! just add .json or .log after the URL!
Full API docs: https://github.com/smogon/pokemon-showdown-client/blob/master/WEB-API.md -->
<script type="text/plain" class="log" id="replaylog-smogtours-gen3ou-797593">
|inactive|Battle timer is ON: inactive players will automatically lose when time's up.
|t:|1728753064
|gametype|singles
|player|p1|pea-kah|2|
|player|p2|dadaasdcfaw|1|
|teamsize|p1|6
|teamsize|p2|6
|gen|3
|tier|[Gen 3] OU
|rule|Sleep Clause Mod: Limit one foe put to sleep
|rule|Switch Priority Clause Mod: Faster Pokémon switch first
|rule|Species Clause: Limit one of each Pokémon
|rule|OHKO Clause: OHKO moves are banned
|rule|Evasion Items Clause: Evasion items are banned
|rule|Evasion Moves Clause: Evasion moves are banned
|rule|Endless Battle Clause: Forcing endless battles is banned
|rule|HP Percentage Mod: HP is shown in percentages
|rule|One Boost Passer Clause: Limit one Baton Passer that has a way to boost its stats
|rule|Freeze Clause Mod: Limit one foe frozen
|
|t:|1728753064
|start
|switch|p1a: Ceres|Hariyama, F, shiny|100/100
|switch|p2a: Jolteon|Jolteon, F|100/100
|turn|1
|c|☆pea-kah|gl!
|
|t:|1728753091
|switch|p2a: Skarmory|Skarmory, M|100/100
|move|p1a: Ceres|Knock Off|p2a: Skarmory
|-resisted|p2a: Skarmory
|-damage|p2a: Skarmory|99/100
|-enditem|p2a: Skarmory|Leftovers|[from] move: Knock Off|[of] p1a: Ceres
|-hint|In Gens 3-4, Knock Off only makes the target's item unusable; it cannot obtain a new item.
|
|upkeep
|turn|2
|inactive|pea-kah has 270 seconds left.
|inactive|dadaasdcfaw has 270 seconds left.
|
|t:|1728753155
|switch|p1a: Salacia|Starmie, shiny|100/100
|move|p2a: Skarmory|Roar|p1a: Salacia
|drag|p1a: Ceres|Hariyama, F, shiny|100/100
|
|upkeep
|turn|3
|inactive|dadaasdcfaw has 240 seconds left.
|inactive|pea-kah has 240 seconds left.
|
|t:|1728753182
|switch|p1a: Salacia|Starmie, shiny|100/100
|move|p2a: Skarmory|Toxic|p1a: Salacia
|-status|p1a: Salacia|tox
|
|-damage|p1a: Salacia|95/100 tox|[from] psn
|upkeep
|turn|4
|inactive|pea-kah has 240 seconds left.
|
|t:|1728753205
|-curestatus|p1a: Salacia|tox|[from] ability: Natural Cure
|switch|p1a: Iaso|Blissey, F, shiny|100/100
|move|p2a: Skarmory|Protect||[still]
|-fail|p2a: Skarmory
|
|upkeep
|turn|5
|inactive|dadaasdcfaw has 240 seconds left.
|
|t:|1728753212
|move|p2a: Skarmory|Protect|p2a: Skarmory
|-singleturn|p2a: Skarmory|Protect
|move|p1a: Iaso|Calm Mind|p1a: Iaso
|-boost|p1a: Iaso|spa|1
|-boost|p1a: Iaso|spd|1
|
|upkeep
|turn|6
|
|t:|1728753219
|switch|p2a: Blissey|Blissey, F|100/100
|move|p1a: Iaso|Thunderbolt|p2a: Blissey
|-damage|p2a: Blissey|87/100
|
|-heal|p2a: Blissey|93/100|[from] item: Leftovers
|upkeep
|turn|7
|
|t:|1728753223
|move|p1a: Iaso|Calm Mind|p1a: Iaso
|-boost|p1a: Iaso|spa|1
|-boost|p1a: Iaso|spd|1
|move|p2a: Blissey|Toxic|p1a: Iaso
|-status|p1a: Iaso|tox
|
|-damage|p1a: Iaso|94/100 tox|[from] psn
|-heal|p2a: Blissey|99/100|[from] item: Leftovers
|upkeep
|turn|8
|
|t:|1728753243
|-curestatus|p1a: Iaso|tox|[from] ability: Natural Cure
|switch|p1a: Ceres|Hariyama, F, shiny|100/100
|move|p2a: Blissey|Wish|p2a: Blissey
|
|-heal|p2a: Blissey|100/100|[from] item: Leftovers
|upkeep
|turn|9
|
|t:|1728753255
|switch|p2a: Skarmory|Skarmory, M|99/100
|move|p1a: Ceres|Brick Break|p2a: Skarmory
|-crit|p2a: Skarmory
|-damage|p2a: Skarmory|48/100
|
|-heal|p2a: Skarmory|98/100|[from] move: Wish|[wisher] Blissey
|upkeep
|turn|10
|inactive|pea-kah has 240 seconds left.
|
|t:|1728753271
|switch|p1a: Horus|Skarmory, M, shiny|100/100
|move|p2a: Skarmory|Spikes|p1a: Horus
|-sidestart|p1: pea-kah|Spikes
|
|upkeep
|turn|11
|inactive|dadaasdcfaw has 270 seconds left.
|
|t:|1728753279
|switch|p2a: Starmie|Starmie|100/100
|move|p1a: Horus|Spikes|p2a: Starmie
|-sidestart|p2: dadaasdcfaw|Spikes
|
|upkeep
|turn|12
|
|t:|1728753285
|switch|p1a: Hades|Gengar, M, shiny|100/100
|move|p2a: Starmie|Thunder Wave|p1a: Hades
|-status|p1a: Hades|par
|
|upkeep
|turn|13
|
|t:|1728753300
|switch|p2a: Blissey|Blissey, F|100/100
|-damage|p2a: Blissey|88/100|[from] Spikes
|cant|p1a: Hades|par
|
|-heal|p2a: Blissey|94/100|[from] item: Leftovers
|upkeep
|turn|14
|inactive|dadaasdcfaw has 270 seconds left.
|
|t:|1728753330
|switch|p2a: Jolteon|Jolteon, F|100/100
|-damage|p2a: Jolteon|88/100|[from] Spikes
|switch|p1a: Ceres|Hariyama, F, shiny|100/100
|-damage|p1a: Ceres|88/100|[from] Spikes
|
|-heal|p2a: Jolteon|94/100|[from] item: Leftovers
|-heal|p1a: Ceres|94/100|[from] item: Leftovers
|upkeep
|turn|15
|
|t:|1728753343
|move|p2a: Jolteon|Baton Pass|p2a: Jolteon
|
|t:|1728753346
|switch|p2a: Starmie|Starmie|100/100|[from] Baton Pass
|-damage|p2a: Starmie|88/100|[from] Spikes
|move|p1a: Ceres|Brick Break|p2a: Starmie
|-resisted|p2a: Starmie
|-damage|p2a: Starmie|71/100
|
|-heal|p2a: Starmie|77/100|[from] item: Leftovers
|-heal|p1a: Ceres|99/100|[from] item: Leftovers
|upkeep
|turn|16
|inactive|pea-kah has 270 seconds left.
|
|t:|1728753355
|move|p2a: Starmie|Surf|p1a: Ceres
|-damage|p1a: Ceres|68/100
|move|p1a: Ceres|Hidden Power|p2a: Starmie
|-supereffective|p2a: Starmie
|-damage|p2a: Starmie|36/100
|
|-heal|p2a: Starmie|42/100|[from] item: Leftovers
|-heal|p1a: Ceres|74/100|[from] item: Leftovers
|upkeep
|turn|17
|
|t:|1728753362
|move|p2a: Starmie|Recover|p2a: Starmie
|-heal|p2a: Starmie|92/100
|move|p1a: Ceres|Knock Off|p2a: Starmie
|-supereffective|p2a: Starmie
|-damage|p2a: Starmie|87/100
|-enditem|p2a: Starmie|Leftovers|[from] move: Knock Off|[of] p1a: Ceres
|
|-heal|p1a: Ceres|80/100|[from] item: Leftovers
|upkeep
|turn|18
|inactive|pea-kah has 270 seconds left.
|
|t:|1728753387
|switch|p1a: Hades|Gengar, M, shiny|100/100 par
|move|p2a: Starmie|Surf|p1a: Hades
|-damage|p1a: Hades|45/100 par
|
|-heal|p1a: Hades|51/100 par|[from] item: Leftovers
|upkeep
|turn|19
|
|t:|1728753395
|move|p2a: Starmie|Surf|p1a: Hades
|-damage|p1a: Hades|0 fnt
|faint|p1a: Hades
|inactive|pea-kah has 270 seconds left.
|
|t:|1728753402
|switch|p1a: Salacia|Starmie, shiny|95/100
|-damage|p1a: Salacia|82/100|[from] Spikes
|
|-heal|p1a: Salacia|88/100|[from] item: Leftovers
|upkeep
|turn|20
|
|t:|1728753424
|switch|p2a: Blissey|Blissey, F|94/100
|-damage|p2a: Blissey|82/100|[from] Spikes
|move|p1a: Salacia|Thunderbolt|p2a: Blissey
|-damage|p2a: Blissey|72/100
|
|-heal|p1a: Salacia|94/100|[from] item: Leftovers
|-heal|p2a: Blissey|78/100|[from] item: Leftovers
|upkeep
|turn|21
|
|t:|1728753428
|move|p1a: Salacia|Rapid Spin|p2a: Blissey
|-damage|p2a: Blissey|75/100
|-sideend|p1: pea-kah|Spikes|[from] move: Rapid Spin|[of] p1a: Salacia
|move|p2a: Blissey|Wish|p2a: Blissey
|
|-heal|p1a: Salacia|99/100|[from] item: Leftovers
|-heal|p2a: Blissey|81/100|[from] item: Leftovers
|upkeep
|turn|22
|
|t:|1728753437
|switch|p1a: Athena|Tyranitar, F, shiny|100/100
|-weather|Sandstorm|[from] ability: Sand Stream|[of] p1a: Athena
|move|p2a: Blissey|Thunderbolt|p1a: Athena
|-damage|p1a: Athena|82/100
|
|-heal|p2a: Blissey|100/100|[from] move: Wish|[wisher] Blissey
|-weather|Sandstorm|[upkeep]
|-damage|p2a: Blissey|94/100|[from] Sandstorm
|-heal|p2a: Blissey|100/100|[from] item: Leftovers
|upkeep
|turn|23
|
|t:|1728753453
|switch|p2a: Skarmory|Skarmory, M|98/100
|move|p1a: Athena|Dragon Dance|p1a: Athena
|-boost|p1a: Athena|atk|1
|-boost|p1a: Athena|spe|1
|
|-weather|Sandstorm|[upkeep]
|upkeep
|turn|24
|
|t:|1728753457
|move|p1a: Athena|Rock Slide|p2a: Skarmory
|-damage|p2a: Skarmory|54/100
|move|p2a: Skarmory|Roar|p1a: Athena
|drag|p1a: Salacia|Starmie, shiny|99/100
|
|-weather|Sandstorm|[upkeep]
|-damage|p1a: Salacia|94/100|[from] Sandstorm
|-heal|p1a: Salacia|99/100|[from] item: Leftovers
|upkeep
|turn|25
|
|t:|1728753467
|switch|p2a: Blissey|Blissey, F|100/100
|-damage|p2a: Blissey|88/100|[from] Spikes
|move|p1a: Salacia|Psychic|p2a: Blissey
|-damage|p2a: Blissey|74/100
|
|-weather|Sandstorm|[upkeep]
|-damage|p1a: Salacia|94/100|[from] Sandstorm
|-damage|p2a: Blissey|68/100|[from] Sandstorm
|-heal|p1a: Salacia|99/100|[from] item: Leftovers
|-heal|p2a: Blissey|74/100|[from] item: Leftovers
|upkeep
|turn|26
|
|t:|1728753479
|switch|p1a: Ceres|Hariyama, F, shiny|80/100
|move|p2a: Blissey|Toxic|p1a: Ceres
|-status|p1a: Ceres|tox
|
|-weather|Sandstorm|[upkeep]
|-damage|p2a: Blissey|68/100|[from] Sandstorm
|-damage|p1a: Ceres|74/100 tox|[from] Sandstorm
|-heal|p2a: Blissey|74/100|[from] item: Leftovers
|-heal|p1a: Ceres|80/100 tox|[from] item: Leftovers
|-damage|p1a: Ceres|74/100 tox|[from] psn
|upkeep
|turn|27
|
|t:|1728753485
|move|p2a: Blissey|Protect|p2a: Blissey
|-singleturn|p2a: Blissey|Protect
|move|p1a: Ceres|Brick Break|p2a: Blissey
|-activate|p2a: Blissey|Protect
|
|-weather|Sandstorm|[upkeep]
|-damage|p2a: Blissey|68/100|[from] Sandstorm
|-damage|p1a: Ceres|68/100 tox|[from] Sandstorm
|-heal|p2a: Blissey|74/100|[from] item: Leftovers
|-heal|p1a: Ceres|74/100 tox|[from] item: Leftovers
|-damage|p1a: Ceres|62/100 tox|[from] psn
|upkeep
|turn|28
|
|t:|1728753492
|move|p2a: Blissey|Thunderbolt|p1a: Ceres
|-damage|p1a: Ceres|45/100 tox
|move|p1a: Ceres|Brick Break|p2a: Blissey
|-supereffective|p2a: Blissey
|-damage|p2a: Blissey|0 fnt
|faint|p2a: Blissey
|
|t:|1728753506
|switch|p2a: Starmie|Starmie|87/100
|-damage|p2a: Starmie|74/100|[from] Spikes
|
|-weather|Sandstorm|[upkeep]
|-damage|p2a: Starmie|68/100|[from] Sandstorm
|-damage|p1a: Ceres|39/100 tox|[from] Sandstorm
|-heal|p1a: Ceres|45/100 tox|[from] item: Leftovers
|-damage|p1a: Ceres|27/100 tox|[from] psn
|upkeep
|turn|29
|
|t:|1728753511
|move|p2a: Starmie|Surf|p1a: Ceres
|-damage|p1a: Ceres|0 fnt
|faint|p1a: Ceres
|
|t:|1728753519
|switch|p1a: Salacia|Starmie, shiny|99/100
|
|-weather|Sandstorm|[upkeep]
|-damage|p1a: Salacia|94/100|[from] Sandstorm
|-damage|p2a: Starmie|62/100|[from] Sandstorm
|-heal|p1a: Salacia|99/100|[from] item: Leftovers
|upkeep
|turn|30
|
|t:|1728753525
|switch|p1a: Iaso|Blissey, F, shiny|94/100
|switch|p2a: Jolteon|Jolteon, F|94/100
|-damage|p2a: Jolteon|82/100|[from] Spikes
|
|-weather|Sandstorm|[upkeep]
|-damage|p2a: Jolteon|76/100|[from] Sandstorm
|-damage|p1a: Iaso|88/100|[from] Sandstorm
|-heal|p2a: Jolteon|82/100|[from] item: Leftovers
|-heal|p1a: Iaso|94/100|[from] item: Leftovers
|upkeep
|turn|31
|
|t:|1728753530
|move|p2a: Jolteon|Substitute|p2a: Jolteon
|-start|p2a: Jolteon|Substitute
|-damage|p2a: Jolteon|57/100
|move|p1a: Iaso|Calm Mind|p1a: Iaso
|-boost|p1a: Iaso|spa|1
|-boost|p1a: Iaso|spd|1
|
|-weather|Sandstorm|[upkeep]
|-damage|p2a: Jolteon|51/100|[from] Sandstorm
|-damage|p1a: Iaso|88/100|[from] Sandstorm
|-heal|p2a: Jolteon|57/100|[from] item: Leftovers
|-heal|p1a: Iaso|94/100|[from] item: Leftovers
|upkeep
|turn|32
|
|t:|1728753534
|move|p2a: Jolteon|Baton Pass|p2a: Jolteon
|
|t:|1728753536
|switch|p2a: Tyranitar|Tyranitar, M|100/100|[from] Baton Pass
|-damage|p2a: Tyranitar|88/100|[from] Spikes
|move|p1a: Iaso|Calm Mind|p1a: Iaso
|-boost|p1a: Iaso|spa|1
|-boost|p1a: Iaso|spd|1
|
|-weather|Sandstorm|[upkeep]
|-damage|p1a: Iaso|88/100|[from] Sandstorm
|-heal|p1a: Iaso|94/100|[from] item: Leftovers
|upkeep
|turn|33
|
|t:|1728753542
|move|p2a: Tyranitar|Dragon Dance|p2a: Tyranitar
|-boost|p2a: Tyranitar|atk|1
|-boost|p2a: Tyranitar|spe|1
|move|p1a: Iaso|Ice Beam|p2a: Tyranitar
|-end|p2a: Tyranitar|Substitute
|
|-weather|Sandstorm|[upkeep]
|-damage|p1a: Iaso|88/100|[from] Sandstorm
|-heal|p1a: Iaso|94/100|[from] item: Leftovers
|upkeep
|turn|34
|inactive|dadaasdcfaw has 270 seconds left.
|inactive|dadaasdcfaw has 240 seconds left.
|
|t:|1728753619
|move|p2a: Tyranitar|Earthquake|p1a: Iaso
|-damage|p1a: Iaso|39/100
|move|p1a: Iaso|Ice Beam|p2a: Tyranitar
|-damage|p2a: Tyranitar|38/100
|
|-weather|Sandstorm|[upkeep]
|-damage|p1a: Iaso|33/100|[from] Sandstorm
|-heal|p1a: Iaso|39/100|[from] item: Leftovers
|upkeep
|turn|35
|
|t:|1728753641
|switch|p1a: Horus|Skarmory, M, shiny|100/100
|move|p2a: Tyranitar|Earthquake|p1a: Horus
|-immune|p1a: Horus
|
|-weather|Sandstorm|[upkeep]
|upkeep
|turn|36
|
|t:|1728753650
|move|p2a: Tyranitar|Rock Slide|p1a: Horus
|-damage|p1a: Horus|63/100
|move|p1a: Horus|Spikes|p2a: Tyranitar
|-sidestart|p2: dadaasdcfaw|Spikes
|
|-weather|Sandstorm|[upkeep]
|-heal|p1a: Horus|69/100|[from] item: Leftovers
|upkeep
|turn|37
|
|t:|1728753656
|move|p2a: Tyranitar|Rock Slide|p1a: Horus
|-crit|p1a: Horus
|-damage|p1a: Horus|0 fnt
|faint|p1a: Horus
|
|t:|1728753662
|switch|p1a: Salacia|Starmie, shiny|99/100
|
|-weather|Sandstorm|[upkeep]
|-damage|p1a: Salacia|94/100|[from] Sandstorm
|-heal|p1a: Salacia|99/100|[from] item: Leftovers
|upkeep
|turn|38
|inactive|dadaasdcfaw has 240 seconds left.
|
|t:|1728753678
|move|p1a: Salacia|Hydro Pump|p2a: Tyranitar
|-supereffective|p2a: Tyranitar
|-damage|p2a: Tyranitar|0 fnt
|faint|p2a: Tyranitar
|
|t:|1728753702
|switch|p2a: Jolteon|Jolteon, F|57/100
|-damage|p2a: Jolteon|41/100|[from] Spikes
|
|-weather|Sandstorm|[upkeep]
|-damage|p2a: Jolteon|35/100|[from] Sandstorm
|-damage|p1a: Salacia|94/100|[from] Sandstorm
|-heal|p2a: Jolteon|41/100|[from] item: Leftovers
|-heal|p1a: Salacia|99/100|[from] item: Leftovers
|upkeep
|turn|39
|
|t:|1728753713
|switch|p2a: Gengar|Gengar, M|100/100
|switch|p1a: Iaso|Blissey, F, shiny|39/100
|
|-weather|Sandstorm|[upkeep]
|-damage|p2a: Gengar|94/100|[from] Sandstorm
|-damage|p1a: Iaso|33/100|[from] Sandstorm
|-heal|p2a: Gengar|100/100|[from] item: Leftovers
|-heal|p1a: Iaso|39/100|[from] item: Leftovers
|upkeep
|turn|40
|
|t:|1728753718
|move|p2a: Gengar|Taunt|p1a: Iaso
|-start|p1a: Iaso|move: Taunt
|cant|p1a: Iaso|move: Taunt|Soft-Boiled
|
|-weather|Sandstorm|[upkeep]
|-damage|p2a: Gengar|94/100|[from] Sandstorm
|-damage|p1a: Iaso|33/100|[from] Sandstorm
|-heal|p2a: Gengar|100/100|[from] item: Leftovers
|-heal|p1a: Iaso|39/100|[from] item: Leftovers
|upkeep
|turn|41
|
|t:|1728753724
|switch|p1a: Salacia|Starmie, shiny|99/100
|move|p2a: Gengar|Will-O-Wisp|p1a: Salacia
|-status|p1a: Salacia|brn
|
|-weather|Sandstorm|[upkeep]
|-damage|p1a: Salacia|94/100 brn|[from] Sandstorm
|-damage|p2a: Gengar|94/100|[from] Sandstorm
|-heal|p1a: Salacia|99/100 brn|[from] item: Leftovers
|-damage|p1a: Salacia|88/100 brn|[from] brn
|-heal|p2a: Gengar|100/100|[from] item: Leftovers
|upkeep
|turn|42
|inactive|dadaasdcfaw has 240 seconds left.
|
|t:|1728753749
|switch|p2a: Starmie|Starmie|62/100
|-damage|p2a: Starmie|45/100|[from] Spikes
|move|p1a: Salacia|Psychic|p2a: Starmie
|-resisted|p2a: Starmie
|-crit|p2a: Starmie
|-damage|p2a: Starmie|0 fnt
|faint|p2a: Starmie
|
|t:|1728753757
|switch|p2a: Jolteon|Jolteon, F|41/100
|-damage|p2a: Jolteon|24/100|[from] Spikes
|
|-weather|Sandstorm|[upkeep]
|-damage|p2a: Jolteon|18/100|[from] Sandstorm
|-damage|p1a: Salacia|82/100 brn|[from] Sandstorm
|-heal|p2a: Jolteon|24/100|[from] item: Leftovers
|-heal|p1a: Salacia|88/100 brn|[from] item: Leftovers
|-damage|p1a: Salacia|76/100 brn|[from] brn
|upkeep
|turn|43
|
|t:|1728753764
|-curestatus|p1a: Salacia|brn|[from] ability: Natural Cure
|switch|p1a: Iaso|Blissey, F, shiny|39/100
|move|p2a: Jolteon|Thunderbolt|p1a: Iaso
|-damage|p1a: Iaso|25/100
|
|-weather|Sandstorm|[upkeep]
|-damage|p2a: Jolteon|18/100|[from] Sandstorm
|-damage|p1a: Iaso|19/100|[from] Sandstorm
|-heal|p2a: Jolteon|24/100|[from] item: Leftovers
|-heal|p1a: Iaso|25/100|[from] item: Leftovers
|upkeep
|turn|44
|inactive|dadaasdcfaw has 240 seconds left.
|
|t:|1728753773
|move|p2a: Jolteon|Thunderbolt|p1a: Iaso
|-damage|p1a: Iaso|12/100
|move|p1a: Iaso|Soft-Boiled|p1a: Iaso
|-heal|p1a: Iaso|62/100
|
|-weather|Sandstorm|[upkeep]
|-damage|p2a: Jolteon|18/100|[from] Sandstorm
|-damage|p1a: Iaso|55/100|[from] Sandstorm
|-heal|p2a: Jolteon|24/100|[from] item: Leftovers
|-heal|p1a: Iaso|62/100|[from] item: Leftovers
|upkeep
|turn|45
|
|t:|1728753781
|switch|p2a: Skarmory|Skarmory, M|54/100
|move|p1a: Iaso|Soft-Boiled|p1a: Iaso
|-heal|p1a: Iaso|100/100
|
|-weather|Sandstorm|[upkeep]
|-damage|p1a: Iaso|94/100|[from] Sandstorm
|-heal|p1a: Iaso|100/100|[from] item: Leftovers
|upkeep
|turn|46
|
|t:|1728753787
|move|p2a: Skarmory|Toxic|p1a: Iaso
|-status|p1a: Iaso|tox
|move|p1a: Iaso|Calm Mind|p1a: Iaso
|-boost|p1a: Iaso|spa|1
|-boost|p1a: Iaso|spd|1
|
|-weather|Sandstorm|[upkeep]
|-damage|p1a: Iaso|94/100 tox|[from] Sandstorm
|-heal|p1a: Iaso|100/100 tox|[from] item: Leftovers
|-damage|p1a: Iaso|94/100 tox|[from] psn
|upkeep
|turn|47
|
|t:|1728753792
|move|p2a: Skarmory|Protect|p2a: Skarmory
|-singleturn|p2a: Skarmory|Protect
|move|p1a: Iaso|Calm Mind|p1a: Iaso
|-boost|p1a: Iaso|spa|1
|-boost|p1a: Iaso|spd|1
|
|-weather|Sandstorm|[upkeep]
|-damage|p1a: Iaso|88/100 tox|[from] Sandstorm
|-heal|p1a: Iaso|94/100 tox|[from] item: Leftovers
|-damage|p1a: Iaso|82/100 tox|[from] psn
|upkeep
|turn|48
|
|t:|1728753796
|move|p1a: Iaso|Thunderbolt|p2a: Skarmory
|-supereffective|p2a: Skarmory
|-damage|p2a: Skarmory|0 fnt
|faint|p2a: Skarmory
|
|t:|1728753800
|switch|p2a: Gengar|Gengar, M|100/100
|
|-weather|Sandstorm|[upkeep]
|-damage|p2a: Gengar|94/100|[from] Sandstorm
|-damage|p1a: Iaso|76/100 tox|[from] Sandstorm
|-heal|p2a: Gengar|100/100|[from] item: Leftovers
|-heal|p1a: Iaso|82/100 tox|[from] item: Leftovers
|-damage|p1a: Iaso|64/100 tox|[from] psn
|upkeep
|turn|49
|
|t:|1728753813
|-curestatus|p1a: Iaso|tox|[from] ability: Natural Cure
|switch|p1a: Athena|Tyranitar, F, shiny|82/100
|move|p2a: Gengar|Ice Punch|p1a: Athena
|-damage|p1a: Athena|58/100
|
|-weather|Sandstorm|[upkeep]
|-damage|p2a: Gengar|94/100|[from] Sandstorm
|-heal|p2a: Gengar|100/100|[from] item: Leftovers
|upkeep
|turn|50
|inactive|dadaasdcfaw has 270 seconds left.
|
|t:|1728753856
|move|p2a: Gengar|Ice Punch|p1a: Athena
|-damage|p1a: Athena|33/100
|move|p1a: Athena|Dragon Dance|p1a: Athena
|-boost|p1a: Athena|atk|1
|-boost|p1a: Athena|spe|1
|
|-weather|Sandstorm|[upkeep]
|-damage|p2a: Gengar|94/100|[from] Sandstorm
|-heal|p2a: Gengar|100/100|[from] item: Leftovers
|upkeep
|turn|51
|
|t:|1728753865
|move|p1a: Athena|Rock Slide|p2a: Gengar
|-damage|p2a: Gengar|18/100
|move|p2a: Gengar|Ice Punch|p1a: Athena
|-damage|p1a: Athena|9/100
|
|-weather|Sandstorm|[upkeep]
|-damage|p2a: Gengar|12/100|[from] Sandstorm
|-heal|p2a: Gengar|18/100|[from] item: Leftovers
|upkeep
|turn|52
|
|t:|1728753875
|move|p1a: Athena|Rock Slide|p2a: Gengar
|-damage|p2a: Gengar|0 fnt
|faint|p2a: Gengar
|c|☆dadaasdcfaw|this is yours
|
|t:|1728753887
|switch|p2a: Jolteon|Jolteon, F|24/100
|-damage|p2a: Jolteon|8/100|[from] Spikes
|
|-weather|Sandstorm|[upkeep]
|-damage|p2a: Jolteon|2/100|[from] Sandstorm
|-heal|p2a: Jolteon|8/100|[from] item: Leftovers
|upkeep
|turn|53
|c|☆pea-kah|gg
|
|t:|1728753894
|move|p2a: Jolteon|Hidden Power|p1a: Athena
|-supereffective|p1a: Athena
|-damage|p1a: Athena|0 fnt
|faint|p1a: Athena
|
|t:|1728753896
|switch|p1a: Iaso|Blissey, F, shiny|64/100
|
|-weather|Sandstorm|[upkeep]
|-damage|p2a: Jolteon|2/100|[from] Sandstorm
|-damage|p1a: Iaso|57/100|[from] Sandstorm
|-heal|p2a: Jolteon|8/100|[from] item: Leftovers
|-heal|p1a: Iaso|64/100|[from] item: Leftovers
|upkeep
|turn|54
|
|t:|1728753899
|move|p2a: Jolteon|Thunderbolt|p1a: Iaso
|-damage|p1a: Iaso|48/100
|move|p1a: Iaso|Ice Beam|p2a: Jolteon
|-damage|p2a: Jolteon|0 fnt
|faint|p2a: Jolteon
|
|win|pea-kah
|player|p2|

</script>
<script type="application/json" class="data" id="replaydata-smogtours-gen3ou-797593">
{"id":"smogtours-gen3ou-797593","format":"[Gen 3] OU","players":["pea-kah","dadaasdcfaw"],"uploadtime":1728753899,"views":92,"formatid":"gen3ou","rating":null,"private":0,"password":null}
</script>

<script defer src="js/replays.js?9d40a366"></script>
