<!DOCTYPE html>
<meta charset="utf-8" />
<meta name="viewport" content="width=device-width" />

<title>[Gen 3] OU: UrMotherIsUrFather vs. steffmula - Replays - Pok&eacute;mon Showdown!</title>

<meta name="description" content="Watch a replay of a Pok&eacute;mon battle between UrMotherIsUrFather and steffmula! Format: [Gen 3] OU; Date: Oct 13, 2024" />
<!--

Hey, you! Looking in the source for the replay log?

You can find them in JSON format, just add `.json` at the end of a replay URL.

https://replay.pokemonshowdown.com/gen7randomdoublesbattle-865046831.json

Or, if you only need the log itself, add `.log` instead:

https://replay.pokemonshowdown.com/gen7randomdoublesbattle-865046831.log

-->

<link rel="stylesheet" href="//pokemonshowdown.com/style/global.css?0.023195364461161105" />
<link rel="stylesheet" href="//play.pokemonshowdown.com/style/font-awesome.css?0.13261647063804238" />
<link rel="stylesheet" href="//play.pokemonshowdown.com/style/battle.css?0.8753245789963631" />
<link rel="stylesheet" href="//play.pokemonshowdown.com/style/utilichart.css?0.8627959624976733" />

<!-- Global site tag (gtag.js) - Google Analytics -->
<script async src="https://www.googletagmanager.com/gtag/js?id=UA-26211653-1"></script>
<script>
  window.dataLayer = window.dataLayer || [];
  function gtag(){dataLayer.push(arguments);}
  gtag('js', new Date());

  gtag('config', 'UA-26211653-1');
</script>
<!-- End Google Analytics -->
<!-- Venatus Ad Manager - Install in <HEAD> of page -->
	<script src="https://hb.vntsm.com/v3/live/ad-manager.min.js" type="text/javascript" data-site-id="642aba63ec9a7b11c3c9c1be" data-mode="scan" async></script>
<!-- / Venatus Ad Manager -->

<style>
	@media (max-width:820px) {
		.battle {
			margin: 0 auto;
		}
		.battle-log {
			margin: 7px auto 0;
			max-width: 640px;
			height: 300px;
			position: static;
		}
	}
	.optgroup {
		display: inline-block;
		line-height: 22px;
		font-size: 10pt;
	}
	.optgroup .button {
		height: 25px;
		padding-top: 0;
		padding-bottom: 0;
	}
	.optgroup button.button {
		padding-left: 12px;
		padding-right: 12px;
	}
	.linklist {
		list-style: none;
		margin: 0.5em 0;
		padding: 0;
	}
	.linklist li {
		padding: 2px 0;
	}
	.sidebar {
		float: left;
		width: 320px;
	}
	.bar-wrapper {
		max-width: 1100px;
		margin: 0 auto;
	}
	.bar-wrapper.has-sidebar {
		max-width: 1430px;
	}
	.mainbar {
		margin: 0;
		padding-right: 1px;
	}
	.mainbar.has-sidebar {
		margin-left: 330px;
	}
	@media (min-width: 1511px) {
		.sidebar {
			width: 400px;
		}
		.bar-wrapper.has-sidebar {
			max-width: 1510px;
		}
		.mainbar.has-sidebar {
			margin-left: 410px;
		}
	}
	.section.first-section {
		margin-top: 9px;
	}
	.blocklink small {
		white-space: normal;
	}
	.button {
		vertical-align: middle;
	}
	.replay-controls {
		padding-top: 10px;
	}
	.replay-controls h1 {
		font-size: 16pt;
		font-weight: normal;
		color: #CCC;
	}
	.pagelink {
		text-align: center;
	}
	.pagelink a {
		width: 150px;
	}
	.textbox, .button {
		font-size: 11pt;
		vertical-align: middle;
	}
	@media (max-width: 450px) {
		.button {
			font-size: 9pt;
		}
	}
</style>

<div>

	<header>
		<div class="nav-wrapper"><ul class="nav">
			<li><a class="button nav-first" href="//pokemonshowdown.com/"><img src="//pokemonshowdown.com/images/pokemonshowdownbeta.png" srcset="//pokemonshowdown.com/images/pokemonshowdownbeta.png 1x, //pokemonshowdown.com/images/pokemonshowdownbeta@2x.png 2x" alt="Pok&eacute;mon Showdown" width="146" height="44" /> Home</a></li>
			<li><a class="button" href="//pokemonshowdown.com/dex/">Pok&eacute;dex</a></li>
			<li><a class="button cur" href="/">Replays</a></li>
			<li><a class="button" href="//pokemonshowdown.com/ladder/">Ladder</a></li>
			<li><a class="button nav-last" href="//pokemonshowdown.com/forums/">Forum</a></li>
			<li><a class="button greenbutton nav-first nav-last" href="//play.pokemonshowdown.com/">Play</a></li>
		</ul></div>
	</header>

	<div class="main" id="main">

		<noscript><section class="section">You need to enable JavaScript to use this page; sorry!</section></noscript>

	</div>

</div>

<script defer nomodule src="//play.pokemonshowdown.com/js/lib/ps-polyfill.js"></script>
<script defer src="//play.pokemonshowdown.com/js/lib/preact.min.js"></script>

<script defer src="//play.pokemonshowdown.com/config/config.js?2bddbc15"></script>
<script defer src="//play.pokemonshowdown.com/js/lib/jquery-1.11.0.min.js"></script>
<script defer src="//play.pokemonshowdown.com/js/lib/html-sanitizer-minified.js"></script>
<script defer src="//play.pokemonshowdown.com/js/battle-sound.js"></script>
<script defer src="//play.pokemonshowdown.com/js/battledata.js?0.7209276989879541"></script>
<script defer src="//play.pokemonshowdown.com/data/pokedex-mini.js?0.6111056340867951"></script>
<script defer src="//play.pokemonshowdown.com/data/pokedex-mini-bw.js?0.3532142036491459"></script>
<script defer src="//play.pokemonshowdown.com/data/graphics.js?0.24223875632456182"></script>
<script defer src="//play.pokemonshowdown.com/data/pokedex.js?0.38839984266356864"></script>
<script defer src="//play.pokemonshowdown.com/data/moves.js?0.21866028504024015"></script>
<script defer src="//play.pokemonshowdown.com/data/abilities.js?0.2005157953846628"></script>
<script defer src="//play.pokemonshowdown.com/data/items.js?0.9894211263848525"></script>
<script defer src="//play.pokemonshowdown.com/data/teambuilder-tables.js?0.6008791140282215"></script>
<script defer src="//play.pokemonshowdown.com/js/battle-tooltips.js?0.7580118955022959"></script>
<script defer src="//play.pokemonshowdown.com/js/battle.js?0.6057722274234274"></script>

<script defer src="js/utils.js?e31f9a17"></script>
<script defer src="js/replays-battle.js?7008c182"></script>

<!-- don't scrape this data! just add .json or .log after the URL!
Full API docs: https://github.com/smogon/pokemon-showdown-client/blob/master/WEB-API.md -->
<script type="text/plain" class="log" id="replaylog-smogtours-gen3ou-797984">
|inactive|Battle timer is ON: inactive players will automatically lose when time's up.
|t:|1728819032
|gametype|singles
|player|p1|UrMotherIsUrFather|266|
|player|p2|steffmula|acetrainerf-gen2|
|teamsize|p1|6
|teamsize|p2|6
|gen|3
|tier|[Gen 3] OU
|rule|Sleep Clause Mod: Limit one foe put to sleep
|rule|Switch Priority Clause Mod: Faster Pokémon switch first
|rule|Species Clause: Limit one of each Pokémon
|rule|OHKO Clause: OHKO moves are banned
|rule|Evasion Items Clause: Evasion items are banned
|rule|Evasion Moves Clause: Evasion moves are banned
|rule|Endless Battle Clause: Forcing endless battles is banned
|rule|HP Percentage Mod: HP is shown in percentages
|rule|One Boost Passer Clause: Limit one Baton Passer that has a way to boost its stats
|rule|Freeze Clause Mod: Limit one foe frozen
|
|t:|1728819032
|start
|switch|p1a: Jynx|Jynx, F|100/100
|switch|p2a: Salamence|Salamence, M|100/100
|-ability|p2a: Salamence|Intimidate|boost
|-unboost|p1a: Jynx|atk|1
|turn|1
|c|☆steffmula|glhf
|c|☆UrMotherIsUrFather|glhf
|
|t:|1728819059
|move|p1a: Jynx|Ice Beam|p2a: Salamence
|-supereffective|p2a: Salamence
|-damage|p2a: Salamence|0 fnt
|faint|p2a: Salamence
|
|t:|1728819069
|switch|p2a: Tyranitar|Tyranitar, M|100/100
|-weather|Sandstorm|[from] ability: Sand Stream|[of] p2a: Tyranitar
|
|-weather|Sandstorm|[upkeep]
|-damage|p1a: Jynx|95/100|[from] Sandstorm
|upkeep
|turn|2
|
|t:|1728819073
|switch|p2a: Blissey|Blissey, F|100/100
|move|p1a: Jynx|Ice Beam|p2a: Blissey
|-damage|p2a: Blissey|82/100
|
|-weather|Sandstorm|[upkeep]
|-damage|p1a: Jynx|89/100|[from] Sandstorm
|-damage|p2a: Blissey|76/100|[from] Sandstorm
|-heal|p2a: Blissey|82/100|[from] item: Leftovers
|upkeep
|turn|3
|
|t:|1728819077
|move|p1a: Jynx|Lovely Kiss|p2a: Blissey
|-status|p2a: Blissey|slp|[from] move: Lovely Kiss
|cant|p2a: Blissey|slp
|
|-weather|Sandstorm|[upkeep]
|-damage|p1a: Jynx|83/100|[from] Sandstorm
|-damage|p2a: Blissey|76/100 slp|[from] Sandstorm
|-heal|p2a: Blissey|82/100 slp|[from] item: Leftovers
|upkeep
|turn|4
|
|t:|1728819086
|-curestatus|p2a: Blissey|slp|[from] ability: Natural Cure
|switch|p2a: Starmie|Starmie|100/100
|move|p1a: Jynx|Mean Look|p2a: Starmie
|-activate|p2a: Starmie|trapped
|
|-weather|Sandstorm|[upkeep]
|-damage|p1a: Jynx|77/100|[from] Sandstorm
|-damage|p2a: Starmie|94/100|[from] Sandstorm
|-heal|p2a: Starmie|100/100|[from] item: Leftovers
|upkeep
|turn|5
|
|t:|1728819099
|switch|p1a: Snorlax|Snorlax, M|100/100
|move|p2a: Starmie|Thunder Wave|p1a: Snorlax
|-status|p1a: Snorlax|par
|
|-weather|Sandstorm|[upkeep]
|-damage|p2a: Starmie|94/100|[from] Sandstorm
|-damage|p1a: Snorlax|94/100 par|[from] Sandstorm
|-heal|p2a: Starmie|100/100|[from] item: Leftovers
|-heal|p1a: Snorlax|100/100 par|[from] item: Leftovers
|upkeep
|turn|6
|
|t:|1728819105
|switch|p2a: Hariyama|Hariyama, M, shiny|100/100
|cant|p1a: Snorlax|par
|
|-weather|Sandstorm|[upkeep]
|-damage|p2a: Hariyama|94/100|[from] Sandstorm
|-damage|p1a: Snorlax|94/100 par|[from] Sandstorm
|-heal|p2a: Hariyama|100/100|[from] item: Leftovers
|-heal|p1a: Snorlax|100/100 par|[from] item: Leftovers
|upkeep
|turn|7
|
|t:|1728819112
|switch|p1a: Jynx|Jynx, F|77/100
|move|p2a: Hariyama|Knock Off|p1a: Jynx
|-supereffective|p1a: Jynx
|-damage|p1a: Jynx|71/100
|-enditem|p1a: Jynx|Lum Berry|[from] move: Knock Off|[of] p2a: Hariyama
|-hint|In Gens 3-4, Knock Off only makes the target's item unusable; it cannot obtain a new item.
|
|-weather|Sandstorm|[upkeep]
|-damage|p1a: Jynx|65/100|[from] Sandstorm
|-damage|p2a: Hariyama|94/100|[from] Sandstorm
|-heal|p2a: Hariyama|100/100|[from] item: Leftovers
|upkeep
|turn|8
|
|t:|1728819120
|switch|p2a: Starmie|Starmie|100/100
|move|p1a: Jynx|Lovely Kiss|p2a: Starmie
|-status|p2a: Starmie|slp|[from] move: Lovely Kiss
|
|-weather|Sandstorm|[upkeep]
|-damage|p1a: Jynx|59/100|[from] Sandstorm
|-damage|p2a: Starmie|94/100 slp|[from] Sandstorm
|-heal|p2a: Starmie|100/100 slp|[from] item: Leftovers
|upkeep
|turn|9
|
|t:|1728819128
|-curestatus|p2a: Starmie|slp|[from] ability: Natural Cure
|switch|p2a: Blissey|Blissey, F|82/100
|move|p1a: Jynx|Ice Beam|p2a: Blissey
|-damage|p2a: Blissey|64/100
|
|-weather|Sandstorm|[upkeep]
|-damage|p1a: Jynx|53/100|[from] Sandstorm
|-damage|p2a: Blissey|58/100|[from] Sandstorm
|-heal|p2a: Blissey|64/100|[from] item: Leftovers
|upkeep
|turn|10
|inactive|UrMotherIsUrFather has 270 seconds left.
|
|t:|1728819170
|move|p1a: Jynx|Ice Beam|p2a: Blissey
|-damage|p2a: Blissey|47/100
|move|p2a: Blissey|Soft-Boiled|p2a: Blissey
|-heal|p2a: Blissey|97/100
|
|-weather|Sandstorm|[upkeep]
|-damage|p1a: Jynx|47/100|[from] Sandstorm
|-damage|p2a: Blissey|91/100|[from] Sandstorm
|-heal|p2a: Blissey|97/100|[from] item: Leftovers
|upkeep
|turn|11
|
|t:|1728819179
|switch|p1a: Snorlax|Snorlax, M|100/100 par
|switch|p2a: Starmie|Starmie|100/100
|
|-weather|Sandstorm|[upkeep]
|-damage|p2a: Starmie|94/100|[from] Sandstorm
|-damage|p1a: Snorlax|94/100 par|[from] Sandstorm
|-heal|p2a: Starmie|100/100|[from] item: Leftovers
|-heal|p1a: Snorlax|100/100 par|[from] item: Leftovers
|upkeep
|turn|12
|
|t:|1728819197
|switch|p2a: Tyranitar|Tyranitar, M|100/100
|move|p1a: Snorlax|Curse|p1a: Snorlax
|-unboost|p1a: Snorlax|spe|1
|-boost|p1a: Snorlax|atk|1
|-boost|p1a: Snorlax|def|1
|
|-weather|Sandstorm|[upkeep]
|-damage|p1a: Snorlax|94/100 par|[from] Sandstorm
|-heal|p1a: Snorlax|100/100 par|[from] item: Leftovers
|upkeep
|turn|13
|
|t:|1728819207
|move|p2a: Tyranitar|Crunch|p1a: Snorlax
|-damage|p1a: Snorlax|80/100 par
|-unboost|p1a: Snorlax|spd|1
|move|p1a: Snorlax|Earthquake|p2a: Tyranitar
|-supereffective|p2a: Tyranitar
|-damage|p2a: Tyranitar|27/100
|
|-weather|Sandstorm|[upkeep]
|-damage|p1a: Snorlax|73/100 par|[from] Sandstorm
|-heal|p2a: Tyranitar|33/100|[from] item: Leftovers
|-heal|p1a: Snorlax|80/100 par|[from] item: Leftovers
|upkeep
|turn|14
|
|t:|1728819214
|switch|p2a: Hariyama|Hariyama, M, shiny|100/100
|cant|p1a: Snorlax|par
|
|-weather|Sandstorm|[upkeep]
|-damage|p2a: Hariyama|94/100|[from] Sandstorm
|-damage|p1a: Snorlax|73/100 par|[from] Sandstorm
|-heal|p2a: Hariyama|100/100|[from] item: Leftovers
|-heal|p1a: Snorlax|80/100 par|[from] item: Leftovers
|upkeep
|turn|15
|
|t:|1728819234
|switch|p1a: Jynx|Jynx, F|47/100
|move|p2a: Hariyama|Whirlwind|p1a: Jynx
|drag|p1a: Claydol|Claydol|100/100
|
|-weather|Sandstorm|[upkeep]
|-damage|p2a: Hariyama|94/100|[from] Sandstorm
|-heal|p2a: Hariyama|100/100|[from] item: Leftovers
|upkeep
|turn|16
|
|t:|1728819241
|switch|p1a: Jynx|Jynx, F|47/100
|move|p2a: Hariyama|Knock Off|p1a: Jynx
|-supereffective|p1a: Jynx
|-damage|p1a: Jynx|42/100
|
|-weather|Sandstorm|[upkeep]
|-damage|p1a: Jynx|36/100|[from] Sandstorm
|-damage|p2a: Hariyama|94/100|[from] Sandstorm
|-heal|p2a: Hariyama|100/100|[from] item: Leftovers
|upkeep
|turn|17
|
|t:|1728819249
|switch|p2a: Blissey|Blissey, F|97/100
|move|p1a: Jynx|Lovely Kiss|p2a: Blissey
|-status|p2a: Blissey|slp|[from] move: Lovely Kiss
|
|-weather|Sandstorm|[upkeep]
|-damage|p1a: Jynx|30/100|[from] Sandstorm
|-damage|p2a: Blissey|91/100 slp|[from] Sandstorm
|-heal|p2a: Blissey|97/100 slp|[from] item: Leftovers
|upkeep
|turn|18
|
|t:|1728819254
|-curestatus|p2a: Blissey|slp|[from] ability: Natural Cure
|switch|p2a: Starmie|Starmie|100/100
|move|p1a: Jynx|Lovely Kiss|p2a: Starmie
|-status|p2a: Starmie|slp|[from] move: Lovely Kiss
|
|-weather|Sandstorm|[upkeep]
|-damage|p1a: Jynx|24/100|[from] Sandstorm
|-damage|p2a: Starmie|94/100 slp|[from] Sandstorm
|-heal|p2a: Starmie|100/100 slp|[from] item: Leftovers
|upkeep
|turn|19
|
|t:|1728819268
|-curestatus|p2a: Starmie|slp|[from] ability: Natural Cure
|switch|p2a: Blissey|Blissey, F|97/100
|move|p1a: Jynx|Ice Beam|p2a: Blissey
|-damage|p2a: Blissey|77/100
|
|-weather|Sandstorm|[upkeep]
|-damage|p1a: Jynx|18/100|[from] Sandstorm
|-damage|p2a: Blissey|71/100|[from] Sandstorm
|-heal|p2a: Blissey|77/100|[from] item: Leftovers
|upkeep
|turn|20
|
|t:|1728819276
|switch|p1a: Snorlax|Snorlax, M|80/100 par
|switch|p2a: Starmie|Starmie|100/100
|
|-weather|Sandstorm|[upkeep]
|-damage|p2a: Starmie|94/100|[from] Sandstorm
|-damage|p1a: Snorlax|73/100 par|[from] Sandstorm
|-heal|p2a: Starmie|100/100|[from] item: Leftovers
|-heal|p1a: Snorlax|80/100 par|[from] item: Leftovers
|upkeep
|turn|21
|
|t:|1728819286
|switch|p2a: Hariyama|Hariyama, M, shiny|100/100
|move|p1a: Snorlax|Curse|p1a: Snorlax
|-unboost|p1a: Snorlax|spe|1
|-boost|p1a: Snorlax|atk|1
|-boost|p1a: Snorlax|def|1
|
|-weather|Sandstorm|[upkeep]
|-damage|p2a: Hariyama|94/100|[from] Sandstorm
|-damage|p1a: Snorlax|73/100 par|[from] Sandstorm
|-heal|p2a: Hariyama|100/100|[from] item: Leftovers
|-heal|p1a: Snorlax|80/100 par|[from] item: Leftovers
|upkeep
|turn|22
|
|t:|1728819298
|move|p2a: Hariyama|Knock Off|p1a: Snorlax
|-damage|p1a: Snorlax|78/100 par
|-enditem|p1a: Snorlax|Leftovers|[from] move: Knock Off|[of] p2a: Hariyama
|move|p1a: Snorlax|Earthquake|p2a: Hariyama
|-crit|p2a: Hariyama
|-damage|p2a: Hariyama|25/100
|
|-weather|Sandstorm|[upkeep]
|-damage|p2a: Hariyama|19/100|[from] Sandstorm
|-damage|p1a: Snorlax|72/100 par|[from] Sandstorm
|-heal|p2a: Hariyama|25/100|[from] item: Leftovers
|upkeep
|turn|23
|
|t:|1728819315
|move|p2a: Hariyama|Brick Break|p1a: Snorlax
|-supereffective|p1a: Snorlax
|-damage|p1a: Snorlax|36/100 par
|move|p1a: Snorlax|Earthquake|p2a: Hariyama
|-damage|p2a: Hariyama|0 fnt
|faint|p2a: Hariyama
|
|t:|1728819325
|switch|p2a: Starmie|Starmie|100/100
|
|-weather|Sandstorm|[upkeep]
|-damage|p2a: Starmie|94/100|[from] Sandstorm
|-damage|p1a: Snorlax|30/100 par|[from] Sandstorm
|-heal|p2a: Starmie|100/100|[from] item: Leftovers
|upkeep
|turn|24
|
|t:|1728819328
|move|p2a: Starmie|Surf|p1a: Snorlax
|-damage|p1a: Snorlax|9/100 par
|move|p1a: Snorlax|Self-Destruct|p2a: Starmie
|-damage|p2a: Starmie|0 fnt
|faint|p1a: Snorlax
|faint|p2a: Starmie
|
|t:|1728819333
|switch|p2a: Blissey|Blissey, F|77/100
|switch|p1a: Jynx|Jynx, F|18/100
|
|-weather|Sandstorm|[upkeep]
|-damage|p1a: Jynx|12/100|[from] Sandstorm
|-damage|p2a: Blissey|71/100|[from] Sandstorm
|-heal|p2a: Blissey|77/100|[from] item: Leftovers
|upkeep
|turn|25
|
|t:|1728819340
|move|p1a: Jynx|Ice Beam|p2a: Blissey
|-damage|p2a: Blissey|58/100
|move|p2a: Blissey|Soft-Boiled|p2a: Blissey
|-heal|p2a: Blissey|100/100
|
|-weather|Sandstorm|[upkeep]
|-damage|p1a: Jynx|6/100|[from] Sandstorm
|-damage|p2a: Blissey|94/100|[from] Sandstorm
|-heal|p2a: Blissey|100/100|[from] item: Leftovers
|upkeep
|turn|26
|
|t:|1728819345
|move|p1a: Jynx|Ice Beam|p2a: Blissey
|-damage|p2a: Blissey|84/100
|move|p2a: Blissey|Seismic Toss|p1a: Jynx
|-damage|p1a: Jynx|0 fnt
|faint|p1a: Jynx
|
|t:|1728819348
|switch|p1a: Metagross|Metagross|100/100
|
|-weather|Sandstorm|[upkeep]
|-damage|p2a: Blissey|77/100|[from] Sandstorm
|-heal|p2a: Blissey|84/100|[from] item: Leftovers
|upkeep
|turn|27
|
|t:|1728819355
|move|p1a: Metagross|Meteor Mash|p2a: Blissey
|-damage|p2a: Blissey|0 fnt
|faint|p2a: Blissey
|
|t:|1728819357
|switch|p2a: Metagross|Metagross|100/100
|
|-weather|Sandstorm|[upkeep]
|upkeep
|turn|28
|
|t:|1728819362
|switch|p1a: Claydol|Claydol|100/100
|move|p2a: Metagross|Meteor Mash|p1a: Claydol
|-damage|p1a: Claydol|46/100
|
|-weather|Sandstorm|[upkeep]
|-heal|p1a: Claydol|53/100|[from] item: Leftovers
|upkeep
|turn|29
|
|t:|1728819371
|move|p2a: Metagross|Meteor Mash|p1a: Claydol
|-damage|p1a: Claydol|2/100
|move|p1a: Claydol|Explosion|p2a: Metagross
|-resisted|p2a: Metagross
|-damage|p2a: Metagross|72/100
|faint|p1a: Claydol
|
|t:|1728819375
|switch|p1a: Dugtrio|Dugtrio, F|100/100
|
|-weather|Sandstorm|[upkeep]
|-heal|p2a: Metagross|78/100|[from] item: Leftovers
|upkeep
|turn|30
|
|t:|1728819384
|move|p2a: Metagross|Protect|p2a: Metagross
|-singleturn|p2a: Metagross|Protect
|move|p1a: Dugtrio|Earthquake|p2a: Metagross
|-activate|p2a: Metagross|Protect
|
|-weather|Sandstorm|[upkeep]
|-heal|p2a: Metagross|84/100|[from] item: Leftovers
|upkeep
|turn|31
|
|t:|1728819390
|move|p1a: Dugtrio|Earthquake|p2a: Metagross
|-supereffective|p2a: Metagross
|-damage|p2a: Metagross|18/100
|move|p2a: Metagross|Earthquake|p1a: Dugtrio
|-damage|p1a: Dugtrio|8/100
|
|-weather|Sandstorm|[upkeep]
|-heal|p2a: Metagross|24/100|[from] item: Leftovers
|upkeep
|turn|32
|
|t:|1728819396
|move|p2a: Metagross|Protect|p2a: Metagross
|-singleturn|p2a: Metagross|Protect
|move|p1a: Dugtrio|Earthquake|p2a: Metagross
|-activate|p2a: Metagross|Protect
|
|-weather|Sandstorm|[upkeep]
|-heal|p2a: Metagross|30/100|[from] item: Leftovers
|upkeep
|turn|33
|
|t:|1728819403
|move|p1a: Dugtrio|Earthquake|p2a: Metagross
|-supereffective|p2a: Metagross
|-damage|p2a: Metagross|0 fnt
|faint|p2a: Metagross
|
|t:|1728819404
|switch|p2a: Tyranitar|Tyranitar, M|33/100
|
|-weather|Sandstorm|[upkeep]
|-heal|p2a: Tyranitar|39/100|[from] item: Leftovers
|upkeep
|turn|34
|
|t:|1728819406
|move|p1a: Dugtrio|Earthquake|p2a: Tyranitar
|-supereffective|p2a: Tyranitar
|-damage|p2a: Tyranitar|0 fnt
|faint|p2a: Tyranitar
|
|win|UrMotherIsUrFather
|c|☆steffmula|gg
|player|p2|
|c|☆UrMotherIsUrFather|gg

</script>
<script type="application/json" class="data" id="replaydata-smogtours-gen3ou-797984">
{"id":"smogtours-gen3ou-797984","format":"[Gen 3] OU","players":["UrMotherIsUrFather","steffmula"],"uploadtime":1728819406,"views":67,"formatid":"gen3ou","rating":null,"private":0,"password":null}
</script>

<script defer src="js/replays.js?9d40a366"></script>
