<!DOCTYPE html>
<meta charset="utf-8" />
<meta name="viewport" content="width=device-width" />

<title>[Gen 3] OU: ojr vs. MintChocolateGuy - Replays - Pok&eacute;mon Showdown!</title>

<meta name="description" content="Watch a replay of a Pok&eacute;mon battle between ojr and MintChocolateGuy! Format: [Gen 3] OU; Date: Oct 13, 2024" />
<!--

Hey, you! Looking in the source for the replay log?

You can find them in JSON format, just add `.json` at the end of a replay URL.

https://replay.pokemonshowdown.com/gen7randomdoublesbattle-865046831.json

Or, if you only need the log itself, add `.log` instead:

https://replay.pokemonshowdown.com/gen7randomdoublesbattle-865046831.log

-->

<link rel="stylesheet" href="//pokemonshowdown.com/style/global.css?0.767286132409787" />
<link rel="stylesheet" href="//play.pokemonshowdown.com/style/font-awesome.css?0.9266228007934947" />
<link rel="stylesheet" href="//play.pokemonshowdown.com/style/battle.css?0.7924700842790926" />
<link rel="stylesheet" href="//play.pokemonshowdown.com/style/utilichart.css?0.8777417872839479" />

<!-- Global site tag (gtag.js) - Google Analytics -->
<script async src="https://www.googletagmanager.com/gtag/js?id=UA-26211653-1"></script>
<script>
  window.dataLayer = window.dataLayer || [];
  function gtag(){dataLayer.push(arguments);}
  gtag('js', new Date());

  gtag('config', 'UA-26211653-1');
</script>
<!-- End Google Analytics -->
<!-- Venatus Ad Manager - Install in <HEAD> of page -->
	<script src="https://hb.vntsm.com/v3/live/ad-manager.min.js" type="text/javascript" data-site-id="642aba63ec9a7b11c3c9c1be" data-mode="scan" async></script>
<!-- / Venatus Ad Manager -->

<style>
	@media (max-width:820px) {
		.battle {
			margin: 0 auto;
		}
		.battle-log {
			margin: 7px auto 0;
			max-width: 640px;
			height: 300px;
			position: static;
		}
	}
	.optgroup {
		display: inline-block;
		line-height: 22px;
		font-size: 10pt;
	}
	.optgroup .button {
		height: 25px;
		padding-top: 0;
		padding-bottom: 0;
	}
	.optgroup button.button {
		padding-left: 12px;
		padding-right: 12px;
	}
	.linklist {
		list-style: none;
		margin: 0.5em 0;
		padding: 0;
	}
	.linklist li {
		padding: 2px 0;
	}
	.sidebar {
		float: left;
		width: 320px;
	}
	.bar-wrapper {
		max-width: 1100px;
		margin: 0 auto;
	}
	.bar-wrapper.has-sidebar {
		max-width: 1430px;
	}
	.mainbar {
		margin: 0;
		padding-right: 1px;
	}
	.mainbar.has-sidebar {
		margin-left: 330px;
	}
	@media (min-width: 1511px) {
		.sidebar {
			width: 400px;
		}
		.bar-wrapper.has-sidebar {
			max-width: 1510px;
		}
		.mainbar.has-sidebar {
			margin-left: 410px;
		}
	}
	.section.first-section {
		margin-top: 9px;
	}
	.blocklink small {
		white-space: normal;
	}
	.button {
		vertical-align: middle;
	}
	.replay-controls {
		padding-top: 10px;
	}
	.replay-controls h1 {
		font-size: 16pt;
		font-weight: normal;
		color: #CCC;
	}
	.pagelink {
		text-align: center;
	}
	.pagelink a {
		width: 150px;
	}
	.textbox, .button {
		font-size: 11pt;
		vertical-align: middle;
	}
	@media (max-width: 450px) {
		.button {
			font-size: 9pt;
		}
	}
</style>

<div>

	<header>
		<div class="nav-wrapper"><ul class="nav">
			<li><a class="button nav-first" href="//pokemonshowdown.com/"><img src="//pokemonshowdown.com/images/pokemonshowdownbeta.png" srcset="//pokemonshowdown.com/images/pokemonshowdownbeta.png 1x, //pokemonshowdown.com/images/pokemonshowdownbeta@2x.png 2x" alt="Pok&eacute;mon Showdown" width="146" height="44" /> Home</a></li>
			<li><a class="button" href="//pokemonshowdown.com/dex/">Pok&eacute;dex</a></li>
			<li><a class="button cur" href="/">Replays</a></li>
			<li><a class="button" href="//pokemonshowdown.com/ladder/">Ladder</a></li>
			<li><a class="button nav-last" href="//pokemonshowdown.com/forums/">Forum</a></li>
			<li><a class="button greenbutton nav-first nav-last" href="//play.pokemonshowdown.com/">Play</a></li>
		</ul></div>
	</header>

	<div class="main" id="main">

		<noscript><section class="section">You need to enable JavaScript to use this page; sorry!</section></noscript>

	</div>

</div>

<script defer nomodule src="//play.pokemonshowdown.com/js/lib/ps-polyfill.js"></script>
<script defer src="//play.pokemonshowdown.com/js/lib/preact.min.js"></script>

<script defer src="//play.pokemonshowdown.com/config/config.js?6dec07f6"></script>
<script defer src="//play.pokemonshowdown.com/js/lib/jquery-1.11.0.min.js"></script>
<script defer src="//play.pokemonshowdown.com/js/lib/html-sanitizer-minified.js"></script>
<script defer src="//play.pokemonshowdown.com/js/battle-sound.js"></script>
<script defer src="//play.pokemonshowdown.com/js/battledata.js?0.6315294753075389"></script>
<script defer src="//play.pokemonshowdown.com/data/pokedex-mini.js?0.7603743185311358"></script>
<script defer src="//play.pokemonshowdown.com/data/pokedex-mini-bw.js?0.030888842834281283"></script>
<script defer src="//play.pokemonshowdown.com/data/graphics.js?0.05593094747507488"></script>
<script defer src="//play.pokemonshowdown.com/data/pokedex.js?0.47064822249611904"></script>
<script defer src="//play.pokemonshowdown.com/data/moves.js?0.8583693120512459"></script>
<script defer src="//play.pokemonshowdown.com/data/abilities.js?0.16017181182386842"></script>
<script defer src="//play.pokemonshowdown.com/data/items.js?0.4163379185673943"></script>
<script defer src="//play.pokemonshowdown.com/data/teambuilder-tables.js?0.31075597372830477"></script>
<script defer src="//play.pokemonshowdown.com/js/battle-tooltips.js?0.6536193500708172"></script>
<script defer src="//play.pokemonshowdown.com/js/battle.js?0.1916591943277901"></script>

<script defer src="js/utils.js?e31f9a17"></script>
<script defer src="js/replays-battle.js?7008c182"></script>

<!-- don't scrape this data! just add .json or .log after the URL!
Full API docs: https://github.com/smogon/pokemon-showdown-client/blob/master/WEB-API.md -->
<script type="text/plain" class="log" id="replaylog-smogtours-gen3ou-798309">
|inactive|Battle timer is ON: inactive players will automatically lose when time's up.
|t:|1728848036
|gametype|singles
|player|p1|ojr|#ptplvjirachis|
|player|p2|MintChocolateGuy|gambler|
|teamsize|p1|6
|teamsize|p2|6
|gen|3
|tier|[Gen 3] OU
|rule|Sleep Clause Mod: Limit one foe put to sleep
|rule|Switch Priority Clause Mod: Faster Pokémon switch first
|rule|Species Clause: Limit one of each Pokémon
|rule|OHKO Clause: OHKO moves are banned
|rule|Evasion Items Clause: Evasion items are banned
|rule|Evasion Moves Clause: Evasion moves are banned
|rule|Endless Battle Clause: Forcing endless battles is banned
|rule|HP Percentage Mod: HP is shown in percentages
|rule|One Boost Passer Clause: Limit one Baton Passer that has a way to boost its stats
|rule|Freeze Clause Mod: Limit one foe frozen
|
|t:|1728848036
|start
|switch|p1a: Desert Ruins|Regirock, shiny|100/100
|switch|p2a: Heracross|Heracross, F|100/100
|turn|1
|c|☆ojr|hf
|c|☆MintChocolateGuy|u2
|inactive|ojr has 270 seconds left.
|inactive|MintChocolateGuy has 270 seconds left.
|inactive|MintChocolateGuy has 240 seconds left.
|
|t:|1728848111
|switch|p2a: Celebi|Celebi|100/100
|move|p1a: Desert Ruins|Thunder Wave|p2a: Celebi
|-status|p2a: Celebi|par
|
|upkeep
|turn|2
|
|t:|1728848126
|move|p1a: Desert Ruins|Explosion|p2a: Celebi
|-damage|p2a: Celebi|0 fnt
|faint|p1a: Desert Ruins
|faint|p2a: Celebi
|inactive|ojr has 270 seconds left.
|
|t:|1728848158
|switch|p2a: Tyranitar|Tyranitar, M|100/100
|switch|p1a: Pattern Bush|Heracross, F|100/100
|-weather|Sandstorm|[from] ability: Sand Stream|[of] p2a: Tyranitar
|
|-weather|Sandstorm|[upkeep]
|-damage|p1a: Pattern Bush|95/100|[from] Sandstorm
|-heal|p1a: Pattern Bush|100/100|[from] item: Leftovers
|upkeep
|turn|3
|inactive|ojr has 270 seconds left.
|
|t:|1728848173
|switch|p2a: Salamence|Salamence, M|100/100
|-ability|p2a: Salamence|Intimidate|boost
|-unboost|p1a: Pattern Bush|atk|1
|move|p1a: Pattern Bush|Substitute|p1a: Pattern Bush
|-start|p1a: Pattern Bush|Substitute
|-damage|p1a: Pattern Bush|76/100
|
|-weather|Sandstorm|[upkeep]
|-damage|p2a: Salamence|94/100|[from] Sandstorm
|-damage|p1a: Pattern Bush|70/100|[from] Sandstorm
|-heal|p2a: Salamence|100/100|[from] item: Leftovers
|-heal|p1a: Pattern Bush|76/100|[from] item: Leftovers
|upkeep
|turn|4
|
|t:|1728848185
|move|p2a: Salamence|Dragon Claw|p1a: Pattern Bush
|-end|p1a: Pattern Bush|Substitute
|move|p1a: Pattern Bush|Rock Slide|p2a: Salamence
|-supereffective|p2a: Salamence
|-damage|p2a: Salamence|55/100
|
|-weather|Sandstorm|[upkeep]
|-damage|p2a: Salamence|49/100|[from] Sandstorm
|-damage|p1a: Pattern Bush|70/100|[from] Sandstorm
|-heal|p2a: Salamence|55/100|[from] item: Leftovers
|-heal|p1a: Pattern Bush|76/100|[from] item: Leftovers
|upkeep
|turn|5
|
|t:|1728848200
|switch|p1a: The Under|Suicune, shiny|100/100
|move|p2a: Salamence|Dragon Claw|p1a: The Under
|-damage|p1a: The Under|70/100
|
|-weather|Sandstorm|[upkeep]
|-damage|p2a: Salamence|49/100|[from] Sandstorm
|-damage|p1a: The Under|63/100|[from] Sandstorm
|-heal|p2a: Salamence|55/100|[from] item: Leftovers
|-heal|p1a: The Under|70/100|[from] item: Leftovers
|upkeep
|turn|6
|inactive|MintChocolateGuy has 270 seconds left.
|
|t:|1728848238
|switch|p2a: Heracross|Heracross, F|100/100
|move|p1a: The Under|Calm Mind|p1a: The Under
|-boost|p1a: The Under|spa|1
|-boost|p1a: The Under|spd|1
|
|-weather|Sandstorm|[upkeep]
|-damage|p2a: Heracross|95/100|[from] Sandstorm
|-damage|p1a: The Under|63/100|[from] Sandstorm
|-heal|p1a: The Under|70/100|[from] item: Leftovers
|upkeep
|turn|7
|
|t:|1728848247
|switch|p1a: Ancient Tomb|Registeel, shiny|100/100
|move|p2a: Heracross|Megahorn|p1a: Ancient Tomb|[miss]
|-miss|p2a: Heracross|p1a: Ancient Tomb
|
|-weather|Sandstorm|[upkeep]
|-damage|p2a: Heracross|89/100|[from] Sandstorm
|upkeep
|turn|8
|inactive|MintChocolateGuy has 270 seconds left.
|inactive|MintChocolateGuy has 240 seconds left.
|inactive|ojr has 270 seconds left.
|
|t:|1728848310
|switch|p2a: Starmie|Starmie|100/100
|move|p1a: Ancient Tomb|Seismic Toss|p2a: Starmie
|-damage|p2a: Starmie|62/100
|
|-weather|Sandstorm|[upkeep]
|-damage|p2a: Starmie|56/100|[from] Sandstorm
|-heal|p2a: Starmie|62/100|[from] item: Leftovers
|upkeep
|turn|9
|inactive|ojr has 270 seconds left.
|
|t:|1728848329
|move|p2a: Starmie|Hydro Pump|p1a: Ancient Tomb|[miss]
|-miss|p2a: Starmie|p1a: Ancient Tomb
|move|p1a: Ancient Tomb|Seismic Toss|p2a: Starmie
|-damage|p2a: Starmie|24/100
|
|-weather|Sandstorm|[upkeep]
|-damage|p2a: Starmie|18/100|[from] Sandstorm
|-heal|p2a: Starmie|24/100|[from] item: Leftovers
|upkeep
|turn|10
|inactive|MintChocolateGuy has 240 seconds left.
|
|t:|1728848337
|switch|p2a: Heracross|Heracross, F|89/100
|move|p1a: Ancient Tomb|Seismic Toss|p2a: Heracross
|-damage|p2a: Heracross|55/100
|
|-weather|Sandstorm|[upkeep]
|-damage|p2a: Heracross|50/100|[from] Sandstorm
|upkeep
|turn|11
|inactive|ojr has 270 seconds left.
|
|t:|1728848354
|switch|p1a: Power Plant|Zapdos, shiny|100/100
|move|p2a: Heracross|Brick Break|p1a: Power Plant
|-resisted|p1a: Power Plant
|-damage|p1a: Power Plant|62/100
|
|-weather|Sandstorm|[upkeep]
|-damage|p1a: Power Plant|55/100|[from] Sandstorm
|-damage|p2a: Heracross|44/100|[from] Sandstorm
|-heal|p1a: Power Plant|62/100|[from] item: Leftovers
|upkeep
|turn|12
|
|t:|1728848371
|move|p1a: Power Plant|Thunderbolt|p2a: Heracross
|-crit|p2a: Heracross
|-damage|p2a: Heracross|0 fnt
|faint|p2a: Heracross
|
|t:|1728848374
|switch|p2a: Tyranitar|Tyranitar, M|100/100
|
|-weather|Sandstorm|[upkeep]
|-damage|p1a: Power Plant|55/100|[from] Sandstorm
|-heal|p1a: Power Plant|62/100|[from] item: Leftovers
|upkeep
|turn|13
|inactive|ojr has 270 seconds left.
|
|t:|1728848399
|move|p1a: Power Plant|Thunderbolt|p2a: Tyranitar
|-crit|p2a: Tyranitar
|-damage|p2a: Tyranitar|15/100
|move|p2a: Tyranitar|Rock Slide|p1a: Power Plant
|-supereffective|p1a: Power Plant
|-damage|p1a: Power Plant|0 fnt
|faint|p1a: Power Plant
|c|☆ojr|dang sry
|
|t:|1728848420
|switch|p1a: Pattern Bush|Heracross, F|76/100
|
|-weather|Sandstorm|[upkeep]
|-damage|p1a: Pattern Bush|70/100|[from] Sandstorm
|-heal|p1a: Pattern Bush|76/100|[from] item: Leftovers
|-heal|p2a: Tyranitar|21/100|[from] item: Leftovers
|upkeep
|turn|14
|inactive|MintChocolateGuy has 270 seconds left.
|
|t:|1728848438
|move|p1a: Pattern Bush|Megahorn|p2a: Tyranitar
|-supereffective|p2a: Tyranitar
|-damage|p2a: Tyranitar|0 fnt
|faint|p2a: Tyranitar
|
|t:|1728848442
|switch|p2a: Salamence|Salamence, M|55/100
|-ability|p2a: Salamence|Intimidate|boost
|-unboost|p1a: Pattern Bush|atk|1
|
|-weather|Sandstorm|[upkeep]
|-damage|p2a: Salamence|49/100|[from] Sandstorm
|-damage|p1a: Pattern Bush|70/100|[from] Sandstorm
|-heal|p2a: Salamence|55/100|[from] item: Leftovers
|-heal|p1a: Pattern Bush|76/100|[from] item: Leftovers
|upkeep
|turn|15
|c|☆MintChocolateGuy|happens
|inactive|ojr has 240 seconds left.
|
|t:|1728848471
|move|p2a: Salamence|Fire Blast|p1a: Pattern Bush
|-supereffective|p1a: Pattern Bush
|-damage|p1a: Pattern Bush|0 fnt
|faint|p1a: Pattern Bush
|
|t:|1728848474
|switch|p1a: The Under|Suicune, shiny|70/100
|
|-weather|Sandstorm|[upkeep]
|-damage|p2a: Salamence|49/100|[from] Sandstorm
|-damage|p1a: The Under|63/100|[from] Sandstorm
|-heal|p2a: Salamence|55/100|[from] item: Leftovers
|-heal|p1a: The Under|70/100|[from] item: Leftovers
|upkeep
|turn|16
|
|t:|1728848480
|move|p2a: Salamence|Hidden Power|p1a: The Under
|-supereffective|p1a: The Under
|-damage|p1a: The Under|34/100
|move|p1a: The Under|Calm Mind|p1a: The Under
|-boost|p1a: The Under|spa|1
|-boost|p1a: The Under|spd|1
|
|-weather|Sandstorm|[upkeep]
|-damage|p2a: Salamence|49/100|[from] Sandstorm
|-damage|p1a: The Under|28/100|[from] Sandstorm
|-heal|p2a: Salamence|55/100|[from] item: Leftovers
|-heal|p1a: The Under|34/100|[from] item: Leftovers
|upkeep
|turn|17
|
|t:|1728848485
|move|p2a: Salamence|Hidden Power|p1a: The Under
|-supereffective|p1a: The Under
|-damage|p1a: The Under|10/100
|move|p1a: The Under|Rest|p1a: The Under
|-status|p1a: The Under|slp|[from] move: Rest
|-heal|p1a: The Under|100/100 slp|[silent]
|
|-weather|Sandstorm|[upkeep]
|-damage|p2a: Salamence|49/100|[from] Sandstorm
|-damage|p1a: The Under|94/100 slp|[from] Sandstorm
|-heal|p2a: Salamence|55/100|[from] item: Leftovers
|-heal|p1a: The Under|100/100 slp|[from] item: Leftovers
|upkeep
|turn|18
|
|t:|1728848490
|move|p2a: Salamence|Hidden Power|p1a: The Under
|-supereffective|p1a: The Under
|-damage|p1a: The Under|77/100 slp
|cant|p1a: The Under|slp
|move|p1a: The Under|Sleep Talk|p1a: The Under
|move|p1a: The Under|Calm Mind|p1a: The Under|[from]Sleep Talk
|-boost|p1a: The Under|spa|1
|-boost|p1a: The Under|spd|1
|
|-weather|Sandstorm|[upkeep]
|-damage|p2a: Salamence|49/100|[from] Sandstorm
|-damage|p1a: The Under|70/100 slp|[from] Sandstorm
|-heal|p2a: Salamence|55/100|[from] item: Leftovers
|-heal|p1a: The Under|77/100 slp|[from] item: Leftovers
|upkeep
|turn|19
|
|t:|1728848495
|move|p2a: Salamence|Hidden Power|p1a: The Under
|-supereffective|p1a: The Under
|-damage|p1a: The Under|59/100 slp
|cant|p1a: The Under|slp
|move|p1a: The Under|Sleep Talk|p1a: The Under
|move|p1a: The Under|Calm Mind|p1a: The Under|[from]Sleep Talk
|-boost|p1a: The Under|spa|1
|-boost|p1a: The Under|spd|1
|
|-weather|Sandstorm|[upkeep]
|-damage|p2a: Salamence|49/100|[from] Sandstorm
|-damage|p1a: The Under|53/100 slp|[from] Sandstorm
|-heal|p2a: Salamence|55/100|[from] item: Leftovers
|-heal|p1a: The Under|59/100 slp|[from] item: Leftovers
|upkeep
|turn|20
|
|t:|1728848500
|move|p2a: Salamence|Hidden Power|p1a: The Under
|-supereffective|p1a: The Under
|-damage|p1a: The Under|44/100 slp
|-curestatus|p1a: The Under|slp|[msg]
|move|p1a: The Under|Surf|p2a: Salamence
|-resisted|p2a: Salamence
|-damage|p2a: Salamence|0 fnt
|faint|p2a: Salamence
|
|t:|1728848507
|switch|p2a: Starmie|Starmie|24/100
|
|-weather|Sandstorm|[upkeep]
|-damage|p2a: Starmie|18/100|[from] Sandstorm
|-damage|p1a: The Under|38/100|[from] Sandstorm
|-heal|p2a: Starmie|24/100|[from] item: Leftovers
|-heal|p1a: The Under|44/100|[from] item: Leftovers
|upkeep
|turn|21
|
|t:|1728848512
|move|p2a: Starmie|Thunderbolt|p1a: The Under
|-supereffective|p1a: The Under
|-damage|p1a: The Under|27/100
|-status|p1a: The Under|par
|move|p1a: The Under|Surf|p2a: Starmie
|-resisted|p2a: Starmie
|-damage|p2a: Starmie|0 fnt
|faint|p2a: Starmie
|
|t:|1728848518
|switch|p2a: Metagross|Metagross|100/100
|
|-weather|Sandstorm|[upkeep]
|-damage|p1a: The Under|21/100 par|[from] Sandstorm
|-heal|p1a: The Under|27/100 par|[from] item: Leftovers
|upkeep
|turn|22
|
|t:|1728848526
|move|p2a: Metagross|Earthquake|p1a: The Under
|-damage|p1a: The Under|0 fnt
|faint|p1a: The Under
|
|t:|1728848529
|switch|p1a: Ancient Tomb|Registeel, shiny|100/100
|
|-weather|Sandstorm|[upkeep]
|upkeep
|turn|23
|
|t:|1728848535
|move|p2a: Metagross|Meteor Mash|p1a: Ancient Tomb
|-resisted|p1a: Ancient Tomb
|-crit|p1a: Ancient Tomb
|-damage|p1a: Ancient Tomb|63/100
|move|p1a: Ancient Tomb|Counter|p2a: Metagross
|-damage|p2a: Metagross|20/100
|
|-weather|Sandstorm|[upkeep]
|-heal|p1a: Ancient Tomb|69/100|[from] item: Leftovers
|upkeep
|turn|24
|
|t:|1728848546
|move|p2a: Metagross|Earthquake|p1a: Ancient Tomb
|-supereffective|p1a: Ancient Tomb
|-damage|p1a: Ancient Tomb|12/100
|move|p1a: Ancient Tomb|Seismic Toss|p2a: Metagross
|-damage|p2a: Metagross|0 fnt
|faint|p2a: Metagross
|
|win|ojr
|c|☆ojr|ggs

</script>
<script type="application/json" class="data" id="replaydata-smogtours-gen3ou-798309">
{"id":"smogtours-gen3ou-798309","format":"[Gen 3] OU","players":["ojr","MintChocolateGuy"],"uploadtime":1728848546,"views":120,"formatid":"gen3ou","rating":null,"private":0,"password":null}
</script>

<script defer src="js/replays.js?9d40a366"></script>
