<!DOCTYPE html>
<meta charset="utf-8" />
<meta name="viewport" content="width=device-width" />

<title>[Gen 3] OU: social inclusion vs. Just_Leonardo - Replays - Pok&eacute;mon Showdown!</title>

<meta name="description" content="Watch a replay of a Pok&eacute;mon battle between social inclusion and Just_Leonardo! Format: [Gen 3] OU; Date: Oct 25, 2024" />
<!--

Hey, you! Looking in the source for the replay log?

You can find them in JSON format, just add `.json` at the end of a replay URL.

https://replay.pokemonshowdown.com/gen7randomdoublesbattle-865046831.json

Or, if you only need the log itself, add `.log` instead:

https://replay.pokemonshowdown.com/gen7randomdoublesbattle-865046831.log

-->

<link rel="stylesheet" href="//pokemonshowdown.com/style/global.css?0.767286132409787" />
<link rel="stylesheet" href="//play.pokemonshowdown.com/style/font-awesome.css?0.9266228007934947" />
<link rel="stylesheet" href="//play.pokemonshowdown.com/style/battle.css?0.7924700842790926" />
<link rel="stylesheet" href="//play.pokemonshowdown.com/style/utilichart.css?0.8777417872839479" />

<!-- Global site tag (gtag.js) - Google Analytics -->
<script async src="https://www.googletagmanager.com/gtag/js?id=UA-26211653-1"></script>
<script>
  window.dataLayer = window.dataLayer || [];
  function gtag(){dataLayer.push(arguments);}
  gtag('js', new Date());

  gtag('config', 'UA-26211653-1');
</script>
<!-- End Google Analytics -->
<!-- Venatus Ad Manager - Install in <HEAD> of page -->
	<script src="https://hb.vntsm.com/v3/live/ad-manager.min.js" type="text/javascript" data-site-id="642aba63ec9a7b11c3c9c1be" data-mode="scan" async></script>
<!-- / Venatus Ad Manager -->

<style>
	@media (max-width:820px) {
		.battle {
			margin: 0 auto;
		}
		.battle-log {
			margin: 7px auto 0;
			max-width: 640px;
			height: 300px;
			position: static;
		}
	}
	.optgroup {
		display: inline-block;
		line-height: 22px;
		font-size: 10pt;
	}
	.optgroup .button {
		height: 25px;
		padding-top: 0;
		padding-bottom: 0;
	}
	.optgroup button.button {
		padding-left: 12px;
		padding-right: 12px;
	}
	.linklist {
		list-style: none;
		margin: 0.5em 0;
		padding: 0;
	}
	.linklist li {
		padding: 2px 0;
	}
	.sidebar {
		float: left;
		width: 320px;
	}
	.bar-wrapper {
		max-width: 1100px;
		margin: 0 auto;
	}
	.bar-wrapper.has-sidebar {
		max-width: 1430px;
	}
	.mainbar {
		margin: 0;
		padding-right: 1px;
	}
	.mainbar.has-sidebar {
		margin-left: 330px;
	}
	@media (min-width: 1511px) {
		.sidebar {
			width: 400px;
		}
		.bar-wrapper.has-sidebar {
			max-width: 1510px;
		}
		.mainbar.has-sidebar {
			margin-left: 410px;
		}
	}
	.section.first-section {
		margin-top: 9px;
	}
	.blocklink small {
		white-space: normal;
	}
	.button {
		vertical-align: middle;
	}
	.replay-controls {
		padding-top: 10px;
	}
	.replay-controls h1 {
		font-size: 16pt;
		font-weight: normal;
		color: #CCC;
	}
	.pagelink {
		text-align: center;
	}
	.pagelink a {
		width: 150px;
	}
	.textbox, .button {
		font-size: 11pt;
		vertical-align: middle;
	}
	@media (max-width: 450px) {
		.button {
			font-size: 9pt;
		}
	}
</style>

<div>

	<header>
		<div class="nav-wrapper"><ul class="nav">
			<li><a class="button nav-first" href="//pokemonshowdown.com/"><img src="//pokemonshowdown.com/images/pokemonshowdownbeta.png" srcset="//pokemonshowdown.com/images/pokemonshowdownbeta.png 1x, //pokemonshowdown.com/images/pokemonshowdownbeta@2x.png 2x" alt="Pok&eacute;mon Showdown" width="146" height="44" /> Home</a></li>
			<li><a class="button" href="//pokemonshowdown.com/dex/">Pok&eacute;dex</a></li>
			<li><a class="button cur" href="/">Replays</a></li>
			<li><a class="button" href="//pokemonshowdown.com/ladder/">Ladder</a></li>
			<li><a class="button nav-last" href="//pokemonshowdown.com/forums/">Forum</a></li>
			<li><a class="button greenbutton nav-first nav-last" href="//play.pokemonshowdown.com/">Play</a></li>
		</ul></div>
	</header>

	<div class="main" id="main">

		<noscript><section class="section">You need to enable JavaScript to use this page; sorry!</section></noscript>

	</div>

</div>

<script defer nomodule src="//play.pokemonshowdown.com/js/lib/ps-polyfill.js"></script>
<script defer src="//play.pokemonshowdown.com/js/lib/preact.min.js"></script>

<script defer src="//play.pokemonshowdown.com/config/config.js?6dec07f6"></script>
<script defer src="//play.pokemonshowdown.com/js/lib/jquery-1.11.0.min.js"></script>
<script defer src="//play.pokemonshowdown.com/js/lib/html-sanitizer-minified.js"></script>
<script defer src="//play.pokemonshowdown.com/js/battle-sound.js"></script>
<script defer src="//play.pokemonshowdown.com/js/battledata.js?0.6315294753075389"></script>
<script defer src="//play.pokemonshowdown.com/data/pokedex-mini.js?0.7603743185311358"></script>
<script defer src="//play.pokemonshowdown.com/data/pokedex-mini-bw.js?0.030888842834281283"></script>
<script defer src="//play.pokemonshowdown.com/data/graphics.js?0.05593094747507488"></script>
<script defer src="//play.pokemonshowdown.com/data/pokedex.js?0.47064822249611904"></script>
<script defer src="//play.pokemonshowdown.com/data/moves.js?0.8583693120512459"></script>
<script defer src="//play.pokemonshowdown.com/data/abilities.js?0.16017181182386842"></script>
<script defer src="//play.pokemonshowdown.com/data/items.js?0.4163379185673943"></script>
<script defer src="//play.pokemonshowdown.com/data/teambuilder-tables.js?0.31075597372830477"></script>
<script defer src="//play.pokemonshowdown.com/js/battle-tooltips.js?0.6536193500708172"></script>
<script defer src="//play.pokemonshowdown.com/js/battle.js?0.1916591943277901"></script>

<script defer src="js/utils.js?e31f9a17"></script>
<script defer src="js/replays-battle.js?7008c182"></script>

<!-- don't scrape this data! just add .json or .log after the URL!
Full API docs: https://github.com/smogon/pokemon-showdown-client/blob/master/WEB-API.md -->
<script type="text/plain" class="log" id="replaylog-smogtours-gen3ou-801875">
|inactive|Battle timer is ON: inactive players will automatically lose when time's up.
|t:|1729882351
|gametype|singles
|player|p1|social inclusion|scientist-gen4dp|
|player|p2|Just_Leonardo|hiker-gen4|
|teamsize|p1|6
|teamsize|p2|6
|gen|3
|tier|[Gen 3] OU
|rule|Sleep Clause Mod: Limit one foe put to sleep
|rule|Switch Priority Clause Mod: Faster Pokémon switch first
|rule|Species Clause: Limit one of each Pokémon
|rule|OHKO Clause: OHKO moves are banned
|rule|Evasion Items Clause: Evasion items are banned
|rule|Evasion Moves Clause: Evasion moves are banned
|rule|Endless Battle Clause: Forcing endless battles is banned
|rule|HP Percentage Mod: HP is shown in percentages
|rule|One Boost Passer Clause: Limit one Baton Passer that has a way to boost its stats
|rule|Freeze Clause Mod: Limit one foe frozen
|
|t:|1729882351
|start
|switch|p1a: Mommy|Slaking, F|100/100
|switch|p2a: Suicune|Suicune|100/100
|turn|1
|c|☆Just_Leonardo|hf
|c|☆social inclusion|hf mate
|
|t:|1729882379
|switch|p2a: V|Skarmory, F|100/100
|move|p1a: Mommy|Return|p2a: V
|-resisted|p2a: V
|-damage|p2a: V|61/100
|
|-heal|p2a: V|67/100|[from] item: Leftovers
|upkeep
|turn|2
|
|t:|1729882388
|switch|p1a: Forretress|Forretress, F|100/100
|move|p2a: V|Roar|p1a: Forretress
|drag|p1a: Swampert|Swampert, M, shiny|100/100
|
|-heal|p2a: V|73/100|[from] item: Leftovers
|upkeep
|turn|3
|
|t:|1729882397
|switch|p1a: Forretress|Forretress, F|100/100
|move|p2a: V|Spikes|p1a: Forretress
|-sidestart|p1: social inclusion|Spikes
|
|-heal|p2a: V|79/100|[from] item: Leftovers
|upkeep
|turn|4
|
|t:|1729882426
|switch|p2a: Eye see you|Claydol|100/100
|move|p1a: Forretress|Earthquake|p2a: Eye see you
|-immune|p2a: Eye see you
|
|upkeep
|turn|5
|
|t:|1729882434
|move|p2a: Eye see you|Earthquake|p1a: Forretress
|-damage|p1a: Forretress|82/100
|move|p1a: Forretress|Rapid Spin|p2a: Eye see you
|-damage|p2a: Eye see you|96/100
|-sideend|p1: social inclusion|Spikes|[from] move: Rapid Spin|[of] p1a: Forretress
|
|-heal|p2a: Eye see you|100/100|[from] item: Leftovers
|-heal|p1a: Forretress|88/100|[from] item: Leftovers
|upkeep
|turn|6
|
|t:|1729882451
|switch|p1a: Celebi|Celebi|100/100
|move|p2a: Eye see you|Earthquake|p1a: Celebi
|-resisted|p1a: Celebi
|-damage|p1a: Celebi|92/100
|
|-heal|p1a: Celebi|99/100|[from] item: Leftovers
|upkeep
|turn|7
|
|t:|1729882455
|switch|p2a: Zapdos|Zapdos|100/100
|move|p1a: Celebi|Leech Seed|p2a: Zapdos
|-start|p2a: Zapdos|move: Leech Seed
|
|-damage|p2a: Zapdos|88/100|[from] Leech Seed|[of] p1a: Celebi
|-heal|p1a: Celebi|100/100|[silent]
|upkeep
|turn|8
|
|t:|1729882464
|switch|p1a: Swampert|Swampert, M, shiny|100/100
|move|p2a: Zapdos|Toxic|p1a: Swampert
|-status|p1a: Swampert|tox
|
|-heal|p2a: Zapdos|94/100|[from] item: Leftovers
|-damage|p2a: Zapdos|82/100|[from] Leech Seed|[of] p1a: Swampert
|-damage|p1a: Swampert|94/100 tox|[from] psn
|upkeep
|turn|9
|inactive|Just_Leonardo has 270 seconds left.
|
|t:|1729882495
|switch|p2a: Suicune|Suicune|100/100
|switch|p1a: Celebi|Celebi|100/100
|
|upkeep
|turn|10
|inactive|Just_Leonardo has 270 seconds left.
|
|t:|1729882522
|switch|p2a: Zapdos|Zapdos|82/100
|move|p1a: Celebi|Leech Seed|p2a: Zapdos|[miss]
|-miss|p1a: Celebi|p2a: Zapdos
|
|-heal|p2a: Zapdos|88/100|[from] item: Leftovers
|upkeep
|turn|11
|
|t:|1729882532
|move|p2a: Zapdos|Toxic|p1a: Celebi
|-status|p1a: Celebi|tox
|move|p1a: Celebi|Heal Bell|p1a: Celebi
|-activate|p1a: Celebi|move: Heal Bell
|-curestatus|p1a: Celebi|tox|[silent]
|-curestatus|p1: Swampert|tox|[silent]
|
|-heal|p2a: Zapdos|94/100|[from] item: Leftovers
|upkeep
|turn|12
|
|t:|1729882541
|switch|p1a: Blissey|Blissey, F|100/100
|move|p2a: Zapdos|Thunderbolt|p1a: Blissey
|-damage|p1a: Blissey|84/100
|
|-heal|p2a: Zapdos|99/100|[from] item: Leftovers
|-heal|p1a: Blissey|90/100|[from] item: Leftovers
|upkeep
|turn|13
|
|t:|1729882548
|move|p2a: Zapdos|Toxic|p1a: Blissey|[miss]
|-miss|p2a: Zapdos|p1a: Blissey
|move|p1a: Blissey|Ice Beam|p2a: Zapdos
|-supereffective|p2a: Zapdos
|-damage|p2a: Zapdos|64/100
|
|-heal|p2a: Zapdos|70/100|[from] item: Leftovers
|-heal|p1a: Blissey|96/100|[from] item: Leftovers
|upkeep
|turn|14
|inactive|Just_Leonardo has 270 seconds left.
|
|t:|1729882553
|move|p2a: Zapdos|Toxic|p1a: Blissey
|-status|p1a: Blissey|tox
|move|p1a: Blissey|Ice Beam|p2a: Zapdos
|-supereffective|p2a: Zapdos
|-damage|p2a: Zapdos|32/100
|
|-heal|p2a: Zapdos|38/100|[from] item: Leftovers
|-heal|p1a: Blissey|100/100 tox|[from] item: Leftovers
|-damage|p1a: Blissey|94/100 tox|[from] psn
|upkeep
|turn|15
|
|t:|1729882560
|switch|p2a: Joy|Blissey, F|100/100
|move|p1a: Blissey|Ice Beam|p2a: Joy
|-damage|p2a: Joy|90/100
|-status|p2a: Joy|frz
|
|-heal|p2a: Joy|96/100 frz|[from] item: Leftovers
|-heal|p1a: Blissey|100/100 tox|[from] item: Leftovers
|-damage|p1a: Blissey|88/100 tox|[from] psn
|upkeep
|turn|16
|
|t:|1729882570
|-curestatus|p2a: Joy|frz|[from] ability: Natural Cure
|switch|p2a: Suicune|Suicune|100/100
|-curestatus|p1a: Blissey|tox|[from] ability: Natural Cure
|switch|p1a: Forretress|Forretress, F|88/100
|
|-heal|p1a: Forretress|94/100|[from] item: Leftovers
|upkeep
|turn|17
|
|t:|1729882573
|move|p2a: Suicune|Substitute|p2a: Suicune
|-start|p2a: Suicune|Substitute
|-damage|p2a: Suicune|75/100
|move|p1a: Forretress|Spikes|p2a: Suicune
|-sidestart|p2: Just_Leonardo|Spikes
|
|-heal|p2a: Suicune|82/100|[from] item: Leftovers
|-heal|p1a: Forretress|100/100|[from] item: Leftovers
|upkeep
|turn|18
|
|t:|1729882581
|switch|p1a: Mommy|Slaking, F|100/100
|move|p2a: Suicune|Calm Mind|p2a: Suicune
|-boost|p2a: Suicune|spa|1
|-boost|p2a: Suicune|spd|1
|
|-heal|p2a: Suicune|88/100|[from] item: Leftovers
|upkeep
|turn|19
|
|t:|1729882585
|move|p1a: Mommy|Encore|p2a: Suicune
|-start|p2a: Suicune|Encore
|move|p2a: Suicune|Calm Mind|p2a: Suicune
|-boost|p2a: Suicune|spa|1
|-boost|p2a: Suicune|spd|1
|
|-heal|p2a: Suicune|94/100|[from] item: Leftovers
|upkeep
|turn|20
|
|t:|1729882593
|switch|p1a: Swampert|Swampert, M, shiny|94/100
|move|p2a: Suicune|Calm Mind|p2a: Suicune
|-boost|p2a: Suicune|spa|1
|-boost|p2a: Suicune|spd|1
|
|-heal|p2a: Suicune|99/100|[from] item: Leftovers
|-heal|p1a: Swampert|100/100|[from] item: Leftovers
|upkeep
|turn|21
|
|t:|1729882598
|move|p2a: Suicune|Calm Mind|p2a: Suicune
|-boost|p2a: Suicune|spa|1
|-boost|p2a: Suicune|spd|1
|move|p1a: Swampert|Roar|p2a: Suicune
|drag|p2a: Eye see you|Claydol|100/100
|
|upkeep
|turn|22
|
|t:|1729882609
|switch|p2a: Joy|Blissey, F|96/100
|-damage|p2a: Joy|84/100|[from] Spikes
|move|p1a: Swampert|Surf|p2a: Joy
|-damage|p2a: Joy|72/100
|
|-heal|p2a: Joy|78/100|[from] item: Leftovers
|upkeep
|turn|23
|
|t:|1729882622
|switch|p1a: Blissey|Blissey, F|88/100
|move|p2a: Joy|Seismic Toss|p1a: Blissey
|-damage|p1a: Blissey|73/100
|
|-heal|p2a: Joy|84/100|[from] item: Leftovers
|-heal|p1a: Blissey|79/100|[from] item: Leftovers
|upkeep
|turn|24
|inactive|Just_Leonardo has 270 seconds left.
|
|t:|1729882657
|move|p2a: Joy|Seismic Toss|p1a: Blissey
|-damage|p1a: Blissey|64/100
|move|p1a: Blissey|Ice Beam|p2a: Joy
|-damage|p2a: Joy|75/100
|
|-heal|p2a: Joy|81/100|[from] item: Leftovers
|-heal|p1a: Blissey|70/100|[from] item: Leftovers
|upkeep
|turn|25
|
|t:|1729882663
|move|p2a: Joy|Ice Beam|p1a: Blissey
|-crit|p1a: Blissey
|-damage|p1a: Blissey|49/100
|move|p1a: Blissey|Wish|p1a: Blissey
|
|-heal|p2a: Joy|87/100|[from] item: Leftovers
|-heal|p1a: Blissey|55/100|[from] item: Leftovers
|upkeep
|turn|26
|
|t:|1729882676
|move|p2a: Joy|Seismic Toss|p1a: Blissey
|-damage|p1a: Blissey|40/100
|move|p1a: Blissey|Seismic Toss|p2a: Joy
|-damage|p2a: Joy|71/100
|
|-heal|p1a: Blissey|90/100|[from] move: Wish|[wisher] Blissey
|-heal|p2a: Joy|78/100|[from] item: Leftovers
|-heal|p1a: Blissey|96/100|[from] item: Leftovers
|upkeep
|turn|27
|
|t:|1729882692
|switch|p2a: Suicune|Suicune|99/100
|-damage|p2a: Suicune|88/100|[from] Spikes
|switch|p1a: Forretress|Forretress, F|100/100
|
|-heal|p2a: Suicune|94/100|[from] item: Leftovers
|upkeep
|turn|28
|
|t:|1729882715
|switch|p1a: Celebi|Celebi|100/100
|move|p2a: Suicune|Substitute|p2a: Suicune
|-start|p2a: Suicune|Substitute
|-damage|p2a: Suicune|69/100
|
|-heal|p2a: Suicune|75/100|[from] item: Leftovers
|upkeep
|turn|29
|
|t:|1729882718
|move|p1a: Celebi|Hidden Power|p2a: Suicune
|-supereffective|p2a: Suicune
|-end|p2a: Suicune|Substitute
|move|p2a: Suicune|Calm Mind|p2a: Suicune
|-boost|p2a: Suicune|spa|1
|-boost|p2a: Suicune|spd|1
|
|-heal|p2a: Suicune|81/100|[from] item: Leftovers
|upkeep
|turn|30
|
|t:|1729882735
|switch|p2a: Zapdos|Zapdos|38/100
|move|p1a: Celebi|Hidden Power|p2a: Zapdos
|-resisted|p2a: Zapdos
|-crit|p2a: Zapdos
|-damage|p2a: Zapdos|20/100
|
|-heal|p2a: Zapdos|26/100|[from] item: Leftovers
|upkeep
|turn|31
|
|t:|1729882742
|switch|p1a: Mommy|Slaking, F|100/100
|move|p2a: Zapdos|Rest|p2a: Zapdos
|-status|p2a: Zapdos|slp|[from] move: Rest
|-heal|p2a: Zapdos|100/100 slp|[silent]
|
|upkeep
|turn|32
|
|t:|1729882753
|switch|p2a: V|Skarmory, F|79/100
|move|p1a: Mommy|Return|p2a: V
|-resisted|p2a: V
|-damage|p2a: V|37/100
|
|-heal|p2a: V|43/100|[from] item: Leftovers
|upkeep
|turn|33
|
|t:|1729882763
|switch|p1a: Forretress|Forretress, F|100/100
|move|p2a: V|Spikes|p1a: Forretress
|-sidestart|p1: social inclusion|Spikes
|
|-heal|p2a: V|49/100|[from] item: Leftovers
|upkeep
|turn|34
|
|t:|1729882766
|switch|p2a: Eye see you|Claydol|100/100
|move|p1a: Forretress|Rapid Spin|p2a: Eye see you
|-damage|p2a: Eye see you|96/100
|-sideend|p1: social inclusion|Spikes|[from] move: Rapid Spin|[of] p1a: Forretress
|
|-heal|p2a: Eye see you|100/100|[from] item: Leftovers
|upkeep
|turn|35
|
|t:|1729882790
|switch|p1a: Mommy|Slaking, F|100/100
|move|p2a: Eye see you|Rapid Spin|p1a: Mommy
|-damage|p1a: Mommy|98/100
|-sideend|p2: Just_Leonardo|Spikes|[from] move: Rapid Spin|[of] p2a: Eye see you
|
|upkeep
|turn|36
|
|t:|1729882812
|switch|p1a: Forretress|Forretress, F|100/100
|switch|p2a: V|Skarmory, F|49/100
|
|-heal|p2a: V|55/100|[from] item: Leftovers
|upkeep
|turn|37
|
|t:|1729882815
|move|p2a: V|Spikes|p1a: Forretress
|-sidestart|p1: social inclusion|Spikes
|move|p1a: Forretress|Zap Cannon|p2a: V
|-supereffective|p2a: V
|-damage|p2a: V|28/100
|-status|p2a: V|par
|
|-heal|p2a: V|34/100 par|[from] item: Leftovers
|upkeep
|turn|38
|
|t:|1729882820
|switch|p2a: Eye see you|Claydol|100/100
|move|p1a: Forretress|Rapid Spin|p2a: Eye see you
|-damage|p2a: Eye see you|96/100
|-sideend|p1: social inclusion|Spikes|[from] move: Rapid Spin|[of] p1a: Forretress
|
|-heal|p2a: Eye see you|100/100|[from] item: Leftovers
|upkeep
|turn|39
|
|t:|1729882830
|switch|p2a: Zapdos|Zapdos|100/100 slp
|move|p1a: Forretress|Spikes|p2a: Zapdos
|-sidestart|p2: Just_Leonardo|Spikes
|
|upkeep
|turn|40
|
|t:|1729882834
|switch|p2a: Eye see you|Claydol|100/100
|switch|p1a: Mommy|Slaking, F|98/100
|
|upkeep
|turn|41
|
|t:|1729882843
|switch|p1a: Forretress|Forretress, F|100/100
|switch|p2a: V|Skarmory, F|34/100 par
|
|-heal|p2a: V|40/100 par|[from] item: Leftovers
|upkeep
|turn|42
|
|t:|1729882846
|switch|p2a: Eye see you|Claydol|100/100
|move|p1a: Forretress|Zap Cannon|p2a: Eye see you
|-immune|p2a: Eye see you
|
|upkeep
|turn|43
|
|t:|1729882853
|switch|p1a: Moltres|Moltres|100/100
|move|p2a: Eye see you|Rapid Spin|p1a: Moltres
|-damage|p1a: Moltres|96/100
|-sideend|p2: Just_Leonardo|Spikes|[from] move: Rapid Spin|[of] p2a: Eye see you
|
|-heal|p1a: Moltres|100/100|[from] item: Leftovers
|upkeep
|turn|44
|
|t:|1729882862
|switch|p1a: Mommy|Slaking, F|98/100
|switch|p2a: Joy|Blissey, F|78/100
|
|-heal|p2a: Joy|84/100|[from] item: Leftovers
|upkeep
|turn|45
|
|t:|1729882866
|switch|p2a: V|Skarmory, F|40/100 par
|move|p1a: Mommy|Return|p2a: V
|-resisted|p2a: V
|-damage|p2a: V|2/100 par
|
|-heal|p2a: V|8/100 par|[from] item: Leftovers
|upkeep
|turn|46
|
|t:|1729882874
|switch|p1a: Forretress|Forretress, F|100/100
|switch|p2a: Suicune|Suicune|81/100
|
|-heal|p2a: Suicune|88/100|[from] item: Leftovers
|upkeep
|turn|47
|
|t:|1729882884
|switch|p1a: Celebi|Celebi|100/100
|move|p2a: Suicune|Calm Mind|p2a: Suicune
|-boost|p2a: Suicune|spa|1
|-boost|p2a: Suicune|spd|1
|
|-heal|p2a: Suicune|94/100|[from] item: Leftovers
|upkeep
|turn|48
|
|t:|1729882897
|move|p1a: Celebi|Leech Seed|p2a: Suicune
|-start|p2a: Suicune|move: Leech Seed
|move|p2a: Suicune|Surf|p1a: Celebi
|-resisted|p1a: Celebi
|-damage|p1a: Celebi|82/100
|
|-heal|p1a: Celebi|88/100|[from] item: Leftovers
|-heal|p2a: Suicune|99/100|[from] item: Leftovers
|-damage|p2a: Suicune|88/100|[from] Leech Seed|[of] p1a: Celebi
|-heal|p1a: Celebi|100/100|[silent]
|upkeep
|turn|49
|
|t:|1729882908
|switch|p1a: Mommy|Slaking, F|98/100
|switch|p2a: Joy|Blissey, F|84/100
|
|-heal|p2a: Joy|90/100|[from] item: Leftovers
|upkeep
|turn|50
|
|t:|1729882911
|switch|p2a: V|Skarmory, F|8/100 par
|move|p1a: Mommy|Return|p2a: V
|-resisted|p2a: V
|-damage|p2a: V|0 fnt
|faint|p2a: V
|inactive|Just_Leonardo has 270 seconds left.
|
|t:|1729882947
|switch|p2a: Pinky Middle Thumb|Dugtrio, F|100/100
|
|upkeep
|turn|51
|
|t:|1729882972
|move|p2a: Pinky Middle Thumb|Earthquake|p1a: Mommy
|-damage|p1a: Mommy|55/100
|cant|p1a: Mommy|ability: Truant
|
|upkeep
|turn|52
|
|t:|1729882979
|move|p2a: Pinky Middle Thumb|Earthquake|p1a: Mommy
|-damage|p1a: Mommy|10/100
|move|p1a: Mommy|Return|p2a: Pinky Middle Thumb
|-damage|p2a: Pinky Middle Thumb|0 fnt
|faint|p2a: Pinky Middle Thumb
|
|t:|1729882988
|switch|p2a: Suicune|Suicune|88/100
|
|-heal|p2a: Suicune|94/100|[from] item: Leftovers
|upkeep
|turn|53
|
|t:|1729883016
|switch|p1a: Swampert|Swampert, M, shiny|100/100
|move|p2a: Suicune|Calm Mind|p2a: Suicune
|-boost|p2a: Suicune|spa|1
|-boost|p2a: Suicune|spd|1
|
|-heal|p2a: Suicune|99/100|[from] item: Leftovers
|upkeep
|turn|54
|
|t:|1729883023
|switch|p1a: Celebi|Celebi|100/100
|move|p2a: Suicune|Surf|p1a: Celebi
|-resisted|p1a: Celebi
|-damage|p1a: Celebi|83/100
|
|-heal|p1a: Celebi|89/100|[from] item: Leftovers
|-heal|p2a: Suicune|100/100|[from] item: Leftovers
|upkeep
|turn|55
|
|t:|1729883032
|move|p1a: Celebi|Leech Seed|p2a: Suicune
|-start|p2a: Suicune|move: Leech Seed
|move|p2a: Suicune|Surf|p1a: Celebi
|-resisted|p1a: Celebi
|-damage|p1a: Celebi|71/100
|
|-heal|p1a: Celebi|77/100|[from] item: Leftovers
|-damage|p2a: Suicune|88/100|[from] Leech Seed|[of] p1a: Celebi
|-heal|p1a: Celebi|89/100|[silent]
|upkeep
|turn|56
|
|t:|1729883044
|switch|p1a: Forretress|Forretress, F|100/100
|move|p2a: Suicune|Surf|p1a: Forretress
|-damage|p1a: Forretress|57/100
|
|-heal|p2a: Suicune|94/100|[from] item: Leftovers
|-damage|p2a: Suicune|82/100|[from] Leech Seed|[of] p1a: Forretress
|-heal|p1a: Forretress|71/100|[silent]
|-heal|p1a: Forretress|78/100|[from] item: Leftovers
|upkeep
|turn|57
|
|t:|1729883047
|switch|p2a: Eye see you|Claydol|100/100
|move|p1a: Forretress|Spikes|p2a: Eye see you
|-sidestart|p2: Just_Leonardo|Spikes
|
|-heal|p1a: Forretress|84/100|[from] item: Leftovers
|upkeep
|turn|58
|
|t:|1729883069
|switch|p1a: Swampert|Swampert, M, shiny|100/100
|move|p2a: Eye see you|Rapid Spin|p1a: Swampert
|-crit|p1a: Swampert
|-damage|p1a: Swampert|95/100
|-sideend|p2: Just_Leonardo|Spikes|[from] move: Rapid Spin|[of] p2a: Eye see you
|
|-heal|p1a: Swampert|100/100|[from] item: Leftovers
|upkeep
|turn|59
|
|t:|1729883079
|switch|p2a: Suicune|Suicune|82/100
|move|p1a: Swampert|Toxic|p2a: Suicune
|-status|p2a: Suicune|tox
|
|-heal|p2a: Suicune|88/100 tox|[from] item: Leftovers
|-damage|p2a: Suicune|82/100 tox|[from] psn
|upkeep
|turn|60
|
|t:|1729883086
|switch|p2a: Joy|Blissey, F|90/100
|switch|p1a: Celebi|Celebi|89/100
|
|-heal|p1a: Celebi|95/100|[from] item: Leftovers
|-heal|p2a: Joy|96/100|[from] item: Leftovers
|upkeep
|turn|61
|
|t:|1729883095
|move|p1a: Celebi|Leech Seed|p2a: Joy
|-start|p2a: Joy|move: Leech Seed
|move|p2a: Joy|Aromatherapy|p2a: Joy
|-cureteam|p2a: Joy|[from] move: Aromatherapy
|
|-heal|p1a: Celebi|100/100|[from] item: Leftovers
|-heal|p2a: Joy|100/100|[from] item: Leftovers
|-damage|p2a: Joy|88/100|[from] Leech Seed|[of] p1a: Celebi
|upkeep
|turn|62
|
|t:|1729883111
|switch|p1a: Blissey|Blissey, F|96/100
|move|p2a: Joy|Ice Beam|p1a: Blissey
|-damage|p1a: Blissey|86/100
|
|-heal|p2a: Joy|94/100|[from] item: Leftovers
|-damage|p2a: Joy|82/100|[from] Leech Seed|[of] p1a: Blissey
|-heal|p1a: Blissey|99/100|[silent]
|-heal|p1a: Blissey|100/100|[from] item: Leftovers
|upkeep
|turn|63
|
|t:|1729883119
|switch|p2a: Suicune|Suicune|82/100
|move|p1a: Blissey|Wish|p1a: Blissey
|
|-heal|p2a: Suicune|88/100|[from] item: Leftovers
|upkeep
|turn|64
|
|t:|1729883135
|move|p2a: Suicune|Surf|p1a: Blissey
|-damage|p1a: Blissey|88/100
|move|p1a: Blissey|Seismic Toss|p2a: Suicune
|-damage|p2a: Suicune|63/100
|
|-heal|p1a: Blissey|100/100|[from] move: Wish|[wisher] Blissey
|-heal|p2a: Suicune|70/100|[from] item: Leftovers
|upkeep
|turn|65
|
|t:|1729883142
|move|p2a: Suicune|Substitute|p2a: Suicune
|-start|p2a: Suicune|Substitute
|-damage|p2a: Suicune|45/100
|move|p1a: Blissey|Seismic Toss|p2a: Suicune
|-activate|p2a: Suicune|Substitute|[damage]
|
|-heal|p2a: Suicune|51/100|[from] item: Leftovers
|upkeep
|turn|66
|
|t:|1729883144
|move|p2a: Suicune|Calm Mind|p2a: Suicune
|-boost|p2a: Suicune|spa|1
|-boost|p2a: Suicune|spd|1
|move|p1a: Blissey|Seismic Toss|p2a: Suicune
|-end|p2a: Suicune|Substitute
|
|-heal|p2a: Suicune|57/100|[from] item: Leftovers
|upkeep
|turn|67
|
|t:|1729883149
|move|p2a: Suicune|Substitute|p2a: Suicune
|-start|p2a: Suicune|Substitute
|-damage|p2a: Suicune|32/100
|move|p1a: Blissey|Seismic Toss|p2a: Suicune
|-activate|p2a: Suicune|Substitute|[damage]
|
|-heal|p2a: Suicune|38/100|[from] item: Leftovers
|upkeep
|turn|68
|
|t:|1729883155
|move|p2a: Suicune|Calm Mind|p2a: Suicune
|-boost|p2a: Suicune|spa|1
|-boost|p2a: Suicune|spd|1
|move|p1a: Blissey|Seismic Toss|p2a: Suicune
|-end|p2a: Suicune|Substitute
|
|-heal|p2a: Suicune|44/100|[from] item: Leftovers
|upkeep
|turn|69
|
|t:|1729883161
|move|p2a: Suicune|Substitute|p2a: Suicune
|-start|p2a: Suicune|Substitute
|-damage|p2a: Suicune|19/100
|move|p1a: Blissey|Seismic Toss|p2a: Suicune
|-activate|p2a: Suicune|Substitute|[damage]
|
|-heal|p2a: Suicune|25/100|[from] item: Leftovers
|upkeep
|turn|70
|
|t:|1729883165
|move|p2a: Suicune|Rest|p2a: Suicune
|-status|p2a: Suicune|slp|[from] move: Rest
|-heal|p2a: Suicune|100/100 slp|[silent]
|move|p1a: Blissey|Seismic Toss|p2a: Suicune
|-end|p2a: Suicune|Substitute
|
|upkeep
|turn|71
|
|t:|1729883171
|switch|p1a: Swampert|Swampert, M, shiny|100/100
|cant|p2a: Suicune|slp
|
|upkeep
|turn|72
|
|t:|1729883173
|cant|p2a: Suicune|slp
|move|p1a: Swampert|Roar|p2a: Suicune
|drag|p2a: Zapdos|Zapdos|100/100
|
|upkeep
|turn|73
|
|t:|1729883193
|switch|p2a: Suicune|Suicune|100/100 slp
|switch|p1a: Blissey|Blissey, F|100/100
|
|upkeep
|turn|74
|
|t:|1729883198
|switch|p1a: Celebi|Celebi|100/100
|-curestatus|p2a: Suicune|slp|[msg]
|move|p2a: Suicune|Substitute|p2a: Suicune
|-start|p2a: Suicune|Substitute
|-damage|p2a: Suicune|75/100
|
|-heal|p2a: Suicune|82/100|[from] item: Leftovers
|upkeep
|turn|75
|
|t:|1729883201
|move|p1a: Celebi|Hidden Power|p2a: Suicune
|-supereffective|p2a: Suicune
|-end|p2a: Suicune|Substitute
|move|p2a: Suicune|Calm Mind|p2a: Suicune
|-boost|p2a: Suicune|spa|1
|-boost|p2a: Suicune|spd|1
|
|-heal|p2a: Suicune|88/100|[from] item: Leftovers
|upkeep
|turn|76
|
|t:|1729883216
|move|p1a: Celebi|Leech Seed|p2a: Suicune
|-start|p2a: Suicune|move: Leech Seed
|move|p2a: Suicune|Calm Mind|p2a: Suicune
|-boost|p2a: Suicune|spa|1
|-boost|p2a: Suicune|spd|1
|
|-heal|p2a: Suicune|94/100|[from] item: Leftovers
|-damage|p2a: Suicune|82/100|[from] Leech Seed|[of] p1a: Celebi
|upkeep
|turn|77
|
|t:|1729883227
|switch|p1a: Forretress|Forretress, F|84/100
|move|p2a: Suicune|Surf|p1a: Forretress
|-damage|p1a: Forretress|32/100
|
|-heal|p2a: Suicune|88/100|[from] item: Leftovers
|-damage|p2a: Suicune|75/100|[from] Leech Seed|[of] p1a: Forretress
|-heal|p1a: Forretress|46/100|[silent]
|-heal|p1a: Forretress|52/100|[from] item: Leftovers
|upkeep
|turn|78
|
|t:|1729883230
|switch|p2a: Eye see you|Claydol|100/100
|move|p1a: Forretress|Spikes|p2a: Eye see you
|-sidestart|p2: Just_Leonardo|Spikes
|
|-heal|p1a: Forretress|58/100|[from] item: Leftovers
|upkeep
|turn|79
|
|t:|1729883243
|switch|p1a: Moltres|Moltres|100/100
|move|p2a: Eye see you|Rapid Spin|p1a: Moltres
|-damage|p1a: Moltres|96/100
|-sideend|p2: Just_Leonardo|Spikes|[from] move: Rapid Spin|[of] p2a: Eye see you
|
|-heal|p1a: Moltres|100/100|[from] item: Leftovers
|upkeep
|turn|80
|
|t:|1729883259
|switch|p2a: Zapdos|Zapdos|100/100
|move|p1a: Moltres|Will-O-Wisp|p2a: Zapdos|[miss]
|-miss|p1a: Moltres|p2a: Zapdos
|
|upkeep
|turn|81
|
|t:|1729883268
|switch|p1a: Blissey|Blissey, F|100/100
|move|p2a: Zapdos|Toxic|p1a: Blissey
|-status|p1a: Blissey|tox
|
|-damage|p1a: Blissey|94/100 tox|[from] psn
|upkeep
|turn|82
|
|t:|1729883274
|switch|p2a: Suicune|Suicune|75/100
|-curestatus|p1a: Blissey|tox|[from] ability: Natural Cure
|switch|p1a: Celebi|Celebi|100/100
|
|-heal|p2a: Suicune|82/100|[from] item: Leftovers
|upkeep
|turn|83
|
|t:|1729883281
|switch|p2a: Zapdos|Zapdos|100/100
|move|p1a: Celebi|Hidden Power|p2a: Zapdos
|-resisted|p2a: Zapdos
|-damage|p2a: Zapdos|91/100
|
|-heal|p2a: Zapdos|97/100|[from] item: Leftovers
|upkeep
|turn|84
|
|t:|1729883298
|move|p2a: Zapdos|Toxic|p1a: Celebi
|-status|p1a: Celebi|tox
|move|p1a: Celebi|Hidden Power|p2a: Zapdos
|-resisted|p2a: Zapdos
|-damage|p2a: Zapdos|89/100
|
|-heal|p2a: Zapdos|95/100|[from] item: Leftovers
|-damage|p1a: Celebi|94/100 tox|[from] psn
|upkeep
|turn|85
|
|t:|1729883303
|-curestatus|p1a: Celebi|tox|[from] ability: Natural Cure
|switch|p1a: Blissey|Blissey, F|94/100
|move|p2a: Zapdos|Toxic|p1a: Blissey
|-status|p1a: Blissey|tox
|
|-heal|p2a: Zapdos|100/100|[from] item: Leftovers
|-heal|p1a: Blissey|100/100 tox|[from] item: Leftovers
|-damage|p1a: Blissey|94/100 tox|[from] psn
|upkeep
|turn|86
|
|t:|1729883308
|switch|p2a: Suicune|Suicune|82/100
|-curestatus|p1a: Blissey|tox|[from] ability: Natural Cure
|switch|p1a: Celebi|Celebi|94/100
|
|-heal|p1a: Celebi|100/100|[from] item: Leftovers
|-heal|p2a: Suicune|88/100|[from] item: Leftovers
|upkeep
|turn|87
|inactive|social inclusion has 270 seconds left.
|inactive|social inclusion has 240 seconds left.
|
|t:|1729883381
|switch|p1a: Blissey|Blissey, F|94/100
|switch|p2a: Joy|Blissey, F|82/100
|
|-heal|p2a: Joy|88/100|[from] item: Leftovers
|-heal|p1a: Blissey|100/100|[from] item: Leftovers
|upkeep
|turn|88
|
|t:|1729883388
|move|p2a: Joy|Seismic Toss|p1a: Blissey
|-damage|p1a: Blissey|85/100
|move|p1a: Blissey|Wish|p1a: Blissey
|
|-heal|p2a: Joy|94/100|[from] item: Leftovers
|-heal|p1a: Blissey|91/100|[from] item: Leftovers
|upkeep
|turn|89
|inactive|social inclusion has 240 seconds left.
|inactive|Just_Leonardo has 270 seconds left.
|
|t:|1729883414
|switch|p1a: Forretress|Forretress, F|58/100
|move|p2a: Joy|Seismic Toss|p1a: Forretress
|-damage|p1a: Forretress|30/100
|
|-heal|p1a: Forretress|80/100|[from] move: Wish|[wisher] Blissey
|-heal|p2a: Joy|99/100|[from] item: Leftovers
|-heal|p1a: Forretress|86/100|[from] item: Leftovers
|upkeep
|turn|90
|
|t:|1729883429
|switch|p2a: Eye see you|Claydol|100/100
|switch|p1a: Mommy|Slaking, F|10/100
|
|upkeep
|turn|91
|inactive|Just_Leonardo has 270 seconds left.
|
|t:|1729883452
|move|p1a: Mommy|Return|p2a: Eye see you
|-damage|p2a: Eye see you|5/100
|move|p2a: Eye see you|Earthquake|p1a: Mommy
|-damage|p1a: Mommy|0 fnt
|faint|p1a: Mommy
|c|☆social inclusion|damn
|c|☆social inclusion|252+ Atk Choice Band Slaking Return vs. 252 HP / 0 Def Claydol: 308-363 (95 - 112%) -- 68.8% chance to OHKO
|inactive|social inclusion has 210 seconds left.
|c|☆Just_Leonardo|Nope
|c|☆Just_Leonardo|Is bulky
|c|☆social inclusion|great prepp mate
|c|☆Just_Leonardo|It was a 6.3% chance
|c|☆social inclusion|damn haha
|inactive|social inclusion has 180 seconds left.
|c|☆Just_Leonardo|I prayed a little too
|-message|social inclusion forfeited.
|
|win|Just_Leonardo

</script>
<script type="application/json" class="data" id="replaydata-smogtours-gen3ou-801875">
{"id":"smogtours-gen3ou-801875","format":"[Gen 3] OU","players":["social inclusion","Just_Leonardo"],"uploadtime":1729883508,"views":118,"formatid":"gen3ou","rating":null,"private":0,"password":null}
</script>

<script defer src="js/replays.js?9d40a366"></script>
