<!DOCTYPE html>
<meta charset="utf-8" />
<meta name="viewport" content="width=device-width" />

<title>[Gen 3] OU: Greyaz vs. pdads - Replays - Pok&eacute;mon Showdown!</title>

<meta name="description" content="Watch a replay of a Pok&eacute;mon battle between Greyaz and pdads! Format: [Gen 3] OU; Date: Oct 16, 2024" />
<!--

Hey, you! Looking in the source for the replay log?

You can find them in JSON format, just add `.json` at the end of a replay URL.

https://replay.pokemonshowdown.com/gen7randomdoublesbattle-865046831.json

Or, if you only need the log itself, add `.log` instead:

https://replay.pokemonshowdown.com/gen7randomdoublesbattle-865046831.log

-->

<link rel="stylesheet" href="//pokemonshowdown.com/style/global.css?0.767286132409787" />
<link rel="stylesheet" href="//play.pokemonshowdown.com/style/font-awesome.css?0.9266228007934947" />
<link rel="stylesheet" href="//play.pokemonshowdown.com/style/battle.css?0.7924700842790926" />
<link rel="stylesheet" href="//play.pokemonshowdown.com/style/utilichart.css?0.8777417872839479" />

<!-- Global site tag (gtag.js) - Google Analytics -->
<script async src="https://www.googletagmanager.com/gtag/js?id=UA-26211653-1"></script>
<script>
  window.dataLayer = window.dataLayer || [];
  function gtag(){dataLayer.push(arguments);}
  gtag('js', new Date());

  gtag('config', 'UA-26211653-1');
</script>
<!-- End Google Analytics -->
<!-- Venatus Ad Manager - Install in <HEAD> of page -->
	<script src="https://hb.vntsm.com/v3/live/ad-manager.min.js" type="text/javascript" data-site-id="642aba63ec9a7b11c3c9c1be" data-mode="scan" async></script>
<!-- / Venatus Ad Manager -->

<style>
	@media (max-width:820px) {
		.battle {
			margin: 0 auto;
		}
		.battle-log {
			margin: 7px auto 0;
			max-width: 640px;
			height: 300px;
			position: static;
		}
	}
	.optgroup {
		display: inline-block;
		line-height: 22px;
		font-size: 10pt;
	}
	.optgroup .button {
		height: 25px;
		padding-top: 0;
		padding-bottom: 0;
	}
	.optgroup button.button {
		padding-left: 12px;
		padding-right: 12px;
	}
	.linklist {
		list-style: none;
		margin: 0.5em 0;
		padding: 0;
	}
	.linklist li {
		padding: 2px 0;
	}
	.sidebar {
		float: left;
		width: 320px;
	}
	.bar-wrapper {
		max-width: 1100px;
		margin: 0 auto;
	}
	.bar-wrapper.has-sidebar {
		max-width: 1430px;
	}
	.mainbar {
		margin: 0;
		padding-right: 1px;
	}
	.mainbar.has-sidebar {
		margin-left: 330px;
	}
	@media (min-width: 1511px) {
		.sidebar {
			width: 400px;
		}
		.bar-wrapper.has-sidebar {
			max-width: 1510px;
		}
		.mainbar.has-sidebar {
			margin-left: 410px;
		}
	}
	.section.first-section {
		margin-top: 9px;
	}
	.blocklink small {
		white-space: normal;
	}
	.button {
		vertical-align: middle;
	}
	.replay-controls {
		padding-top: 10px;
	}
	.replay-controls h1 {
		font-size: 16pt;
		font-weight: normal;
		color: #CCC;
	}
	.pagelink {
		text-align: center;
	}
	.pagelink a {
		width: 150px;
	}
	.textbox, .button {
		font-size: 11pt;
		vertical-align: middle;
	}
	@media (max-width: 450px) {
		.button {
			font-size: 9pt;
		}
	}
</style>

<div>

	<header>
		<div class="nav-wrapper"><ul class="nav">
			<li><a class="button nav-first" href="//pokemonshowdown.com/"><img src="//pokemonshowdown.com/images/pokemonshowdownbeta.png" srcset="//pokemonshowdown.com/images/pokemonshowdownbeta.png 1x, //pokemonshowdown.com/images/pokemonshowdownbeta@2x.png 2x" alt="Pok&eacute;mon Showdown" width="146" height="44" /> Home</a></li>
			<li><a class="button" href="//pokemonshowdown.com/dex/">Pok&eacute;dex</a></li>
			<li><a class="button cur" href="/">Replays</a></li>
			<li><a class="button" href="//pokemonshowdown.com/ladder/">Ladder</a></li>
			<li><a class="button nav-last" href="//pokemonshowdown.com/forums/">Forum</a></li>
			<li><a class="button greenbutton nav-first nav-last" href="//play.pokemonshowdown.com/">Play</a></li>
		</ul></div>
	</header>

	<div class="main" id="main">

		<noscript><section class="section">You need to enable JavaScript to use this page; sorry!</section></noscript>

	</div>

</div>

<script defer nomodule src="//play.pokemonshowdown.com/js/lib/ps-polyfill.js"></script>
<script defer src="//play.pokemonshowdown.com/js/lib/preact.min.js"></script>

<script defer src="//play.pokemonshowdown.com/config/config.js?6dec07f6"></script>
<script defer src="//play.pokemonshowdown.com/js/lib/jquery-1.11.0.min.js"></script>
<script defer src="//play.pokemonshowdown.com/js/lib/html-sanitizer-minified.js"></script>
<script defer src="//play.pokemonshowdown.com/js/battle-sound.js"></script>
<script defer src="//play.pokemonshowdown.com/js/battledata.js?0.6315294753075389"></script>
<script defer src="//play.pokemonshowdown.com/data/pokedex-mini.js?0.7603743185311358"></script>
<script defer src="//play.pokemonshowdown.com/data/pokedex-mini-bw.js?0.030888842834281283"></script>
<script defer src="//play.pokemonshowdown.com/data/graphics.js?0.05593094747507488"></script>
<script defer src="//play.pokemonshowdown.com/data/pokedex.js?0.47064822249611904"></script>
<script defer src="//play.pokemonshowdown.com/data/moves.js?0.8583693120512459"></script>
<script defer src="//play.pokemonshowdown.com/data/abilities.js?0.16017181182386842"></script>
<script defer src="//play.pokemonshowdown.com/data/items.js?0.4163379185673943"></script>
<script defer src="//play.pokemonshowdown.com/data/teambuilder-tables.js?0.31075597372830477"></script>
<script defer src="//play.pokemonshowdown.com/js/battle-tooltips.js?0.6536193500708172"></script>
<script defer src="//play.pokemonshowdown.com/js/battle.js?0.1916591943277901"></script>

<script defer src="js/utils.js?e31f9a17"></script>
<script defer src="js/replays-battle.js?7008c182"></script>

<!-- don't scrape this data! just add .json or .log after the URL!
Full API docs: https://github.com/smogon/pokemon-showdown-client/blob/master/WEB-API.md -->
<script type="text/plain" class="log" id="replaylog-smogtours-gen3ou-799190">
|inactive|Battle timer is ON: inactive players will automatically lose when time's up.
|t:|1729118409
|gametype|singles
|player|p1|Greyaz|170|
|player|p2|pdads|2|
|teamsize|p1|6
|teamsize|p2|6
|gen|3
|tier|[Gen 3] OU
|rule|Sleep Clause Mod: Limit one foe put to sleep
|rule|Switch Priority Clause Mod: Faster Pokémon switch first
|rule|Species Clause: Limit one of each Pokémon
|rule|OHKO Clause: OHKO moves are banned
|rule|Evasion Items Clause: Evasion items are banned
|rule|Evasion Moves Clause: Evasion moves are banned
|rule|Endless Battle Clause: Forcing endless battles is banned
|rule|HP Percentage Mod: HP is shown in percentages
|rule|One Boost Passer Clause: Limit one Baton Passer that has a way to boost its stats
|rule|Freeze Clause Mod: Limit one foe frozen
|
|t:|1729118409
|start
|switch|p1a: Zapdos|Zapdos|100/100
|switch|p2a: Tyranitar|Tyranitar, M|100/100
|-weather|Sandstorm|[from] ability: Sand Stream|[of] p2a: Tyranitar
|turn|1
|
|t:|1729118422
|switch|p1a: Swampert|Swampert, M|100/100
|move|p2a: Tyranitar|Crunch|p1a: Swampert
|-damage|p1a: Swampert|66/100
|
|-weather|Sandstorm|[upkeep]
|-heal|p1a: Swampert|72/100|[from] item: Leftovers
|upkeep
|turn|2
|inactive|pdads has 270 seconds left.
|
|t:|1729118463
|switch|p2a: Gyarados|Gyarados, F, shiny|100/100
|-ability|p2a: Gyarados|Intimidate|boost
|-unboost|p1a: Swampert|atk|1
|move|p1a: Swampert|Toxic|p2a: Gyarados
|-status|p2a: Gyarados|tox
|
|-weather|Sandstorm|[upkeep]
|-damage|p2a: Gyarados|94/100 tox|[from] Sandstorm
|-heal|p2a: Gyarados|100/100 tox|[from] item: Leftovers
|-damage|p2a: Gyarados|94/100 tox|[from] psn
|-heal|p1a: Swampert|79/100|[from] item: Leftovers
|upkeep
|turn|3
|
|t:|1729118480
|switch|p1a: Zapdos|Zapdos|100/100
|move|p2a: Gyarados|Dragon Dance|p2a: Gyarados
|-boost|p2a: Gyarados|atk|1
|-boost|p2a: Gyarados|spe|1
|
|-weather|Sandstorm|[upkeep]
|-damage|p2a: Gyarados|88/100 tox|[from] Sandstorm
|-damage|p1a: Zapdos|94/100|[from] Sandstorm
|-heal|p2a: Gyarados|94/100 tox|[from] item: Leftovers
|-damage|p2a: Gyarados|82/100 tox|[from] psn
|-heal|p1a: Zapdos|100/100|[from] item: Leftovers
|upkeep
|turn|4
|
|t:|1729118486
|switch|p2a: Steelix|Steelix, M|100/100
|move|p1a: Zapdos|Thunderbolt|p2a: Steelix
|-immune|p2a: Steelix
|
|-weather|Sandstorm|[upkeep]
|-damage|p1a: Zapdos|94/100|[from] Sandstorm
|-heal|p1a: Zapdos|100/100|[from] item: Leftovers
|upkeep
|turn|5
|
|t:|1729118497
|switch|p1a: Skarmory|Skarmory, M|100/100
|move|p2a: Steelix|Hidden Power|p1a: Skarmory
|-damage|p1a: Skarmory|86/100
|
|-weather|Sandstorm|[upkeep]
|-heal|p1a: Skarmory|92/100|[from] item: Leftovers
|upkeep
|turn|6
|
|t:|1729118508
|switch|p2a: Magneton|Magneton|100/100
|move|p1a: Skarmory|Spikes|p2a: Magneton
|-sidestart|p2: pdads|Spikes
|
|-weather|Sandstorm|[upkeep]
|-heal|p1a: Skarmory|98/100|[from] item: Leftovers
|upkeep
|turn|7
|
|t:|1729118518
|move|p2a: Magneton|Thunderbolt|p1a: Skarmory
|-supereffective|p1a: Skarmory
|-damage|p1a: Skarmory|4/100
|-status|p1a: Skarmory|par
|move|p1a: Skarmory|Spikes|p2a: Magneton
|-sidestart|p2: pdads|Spikes
|
|-weather|Sandstorm|[upkeep]
|-heal|p1a: Skarmory|10/100 par|[from] item: Leftovers
|upkeep
|turn|8
|
|t:|1729118529
|move|p2a: Magneton|Thunderbolt|p1a: Skarmory
|-supereffective|p1a: Skarmory
|-damage|p1a: Skarmory|0 fnt
|faint|p1a: Skarmory
|
|t:|1729118542
|switch|p1a: Dugtrio|Dugtrio, M|100/100
|
|-weather|Sandstorm|[upkeep]
|upkeep
|turn|9
|inactive|pdads has 270 seconds left.
|
|t:|1729118576
|move|p2a: Magneton|Endure|p2a: Magneton
|-singleturn|p2a: Magneton|move: Endure
|move|p1a: Dugtrio|Earthquake|p2a: Magneton
|-supereffective|p2a: Magneton
|-activate|p2a: Magneton|move: Endure
|-damage|p2a: Magneton|1/100
|
|-weather|Sandstorm|[upkeep]
|-enditem|p2a: Magneton|Salac Berry|[eat]
|-boost|p2a: Magneton|spe|1|[from] item: Salac Berry
|upkeep
|turn|10
|
|t:|1729118588
|move|p2a: Magneton|Hidden Power|p1a: Dugtrio
|-damage|p1a: Dugtrio|47/100
|move|p1a: Dugtrio|Earthquake|p2a: Magneton
|-supereffective|p2a: Magneton
|-damage|p2a: Magneton|0 fnt
|faint|p2a: Magneton
|inactive|pdads has 270 seconds left.
|
|t:|1729118623
|switch|p2a: Salamence|Salamence, F|100/100
|-ability|p2a: Salamence|Intimidate|boost
|-unboost|p1a: Dugtrio|atk|1
|
|-weather|Sandstorm|[upkeep]
|-damage|p2a: Salamence|94/100|[from] Sandstorm
|-heal|p2a: Salamence|100/100|[from] item: Leftovers
|upkeep
|turn|11
|
|t:|1729118639
|switch|p1a: Zapdos|Zapdos|100/100
|move|p2a: Salamence|Rock Slide|p1a: Zapdos|[miss]
|-miss|p2a: Salamence|p1a: Zapdos
|
|-weather|Sandstorm|[upkeep]
|-damage|p2a: Salamence|94/100|[from] Sandstorm
|-damage|p1a: Zapdos|94/100|[from] Sandstorm
|-heal|p2a: Salamence|100/100|[from] item: Leftovers
|-heal|p1a: Zapdos|100/100|[from] item: Leftovers
|upkeep
|turn|12
|
|t:|1729118649
|switch|p2a: Steelix|Steelix, M|100/100
|-damage|p2a: Steelix|84/100|[from] Spikes
|move|p1a: Zapdos|Toxic|p2a: Steelix|[miss]
|-miss|p1a: Zapdos|p2a: Steelix
|
|-weather|Sandstorm|[upkeep]
|-damage|p1a: Zapdos|94/100|[from] Sandstorm
|-heal|p1a: Zapdos|100/100|[from] item: Leftovers
|-heal|p2a: Steelix|90/100|[from] item: Leftovers
|upkeep
|turn|13
|
|t:|1729118661
|switch|p1a: Swampert|Swampert, M|79/100
|move|p2a: Steelix|Earthquake|p1a: Swampert
|-damage|p1a: Swampert|50/100
|
|-weather|Sandstorm|[upkeep]
|-heal|p1a: Swampert|56/100|[from] item: Leftovers
|-heal|p2a: Steelix|96/100|[from] item: Leftovers
|upkeep
|turn|14
|
|t:|1729118678
|switch|p2a: Gyarados|Gyarados, F, shiny|82/100 tox
|-ability|p2a: Gyarados|Intimidate|boost
|-unboost|p1a: Swampert|atk|1
|move|p1a: Swampert|Surf|p2a: Gyarados
|-resisted|p2a: Gyarados
|-damage|p2a: Gyarados|70/100 tox
|
|-weather|Sandstorm|[upkeep]
|-damage|p2a: Gyarados|63/100 tox|[from] Sandstorm
|-heal|p2a: Gyarados|70/100 tox|[from] item: Leftovers
|-damage|p2a: Gyarados|63/100 tox|[from] psn
|-heal|p1a: Swampert|63/100|[from] item: Leftovers
|upkeep
|turn|15
|
|t:|1729118695
|switch|p1a: Zapdos|Zapdos|100/100
|move|p2a: Gyarados|Rest|p2a: Gyarados
|-status|p2a: Gyarados|slp|[from] move: Rest
|-heal|p2a: Gyarados|100/100 slp|[silent]
|
|-weather|Sandstorm|[upkeep]
|-damage|p2a: Gyarados|94/100 slp|[from] Sandstorm
|-damage|p1a: Zapdos|94/100|[from] Sandstorm
|-heal|p2a: Gyarados|100/100 slp|[from] item: Leftovers
|-heal|p1a: Zapdos|100/100|[from] item: Leftovers
|upkeep
|turn|16
|
|t:|1729118702
|switch|p2a: Steelix|Steelix, M|96/100
|-damage|p2a: Steelix|80/100|[from] Spikes
|switch|p1a: Dugtrio|Dugtrio, M|47/100
|
|-weather|Sandstorm|[upkeep]
|-heal|p2a: Steelix|86/100|[from] item: Leftovers
|upkeep
|turn|17
|
|t:|1729118712
|move|p2a: Steelix|Protect|p2a: Steelix
|-singleturn|p2a: Steelix|Protect
|move|p1a: Dugtrio|Earthquake|p2a: Steelix
|-activate|p2a: Steelix|Protect
|
|-weather|Sandstorm|[upkeep]
|-heal|p2a: Steelix|92/100|[from] item: Leftovers
|upkeep
|turn|18
|
|t:|1729118725
|move|p1a: Dugtrio|Earthquake|p2a: Steelix
|-supereffective|p2a: Steelix
|-damage|p2a: Steelix|33/100
|move|p2a: Steelix|Earthquake|p1a: Dugtrio
|-damage|p1a: Dugtrio|0 fnt
|faint|p1a: Dugtrio
|
|t:|1729118736
|switch|p1a: Celebi|Celebi|100/100
|
|-weather|Sandstorm|[upkeep]
|-damage|p1a: Celebi|94/100|[from] Sandstorm
|-heal|p1a: Celebi|100/100|[from] item: Leftovers
|-heal|p2a: Steelix|39/100|[from] item: Leftovers
|upkeep
|turn|19
|inactive|pdads has 270 seconds left.
|
|t:|1729118783
|switch|p2a: Tyranitar|Tyranitar, M|100/100
|-damage|p2a: Tyranitar|84/100|[from] Spikes
|move|p1a: Celebi|Calm Mind|p1a: Celebi
|-boost|p1a: Celebi|spa|1
|-boost|p1a: Celebi|spd|1
|
|-weather|Sandstorm|[upkeep]
|-damage|p1a: Celebi|94/100|[from] Sandstorm
|-heal|p1a: Celebi|100/100|[from] item: Leftovers
|-heal|p2a: Tyranitar|90/100|[from] item: Leftovers
|upkeep
|turn|20
|
|t:|1729118798
|switch|p1a: Swampert|Swampert, M|63/100
|move|p2a: Tyranitar|Crunch|p1a: Swampert
|-damage|p1a: Swampert|27/100
|
|-weather|Sandstorm|[upkeep]
|-heal|p1a: Swampert|34/100|[from] item: Leftovers
|-heal|p2a: Tyranitar|96/100|[from] item: Leftovers
|upkeep
|turn|21
|
|t:|1729118816
|switch|p1a: Tyranitar|Tyranitar, M|100/100
|switch|p2a: Gyarados|Gyarados, F, shiny|100/100 slp
|-ability|p2a: Gyarados|Intimidate|boost
|-unboost|p1a: Tyranitar|atk|1
|
|-weather|Sandstorm|[upkeep]
|-damage|p2a: Gyarados|94/100 slp|[from] Sandstorm
|-heal|p2a: Gyarados|100/100 slp|[from] item: Leftovers
|upkeep
|turn|22
|
|t:|1729118830
|switch|p2a: Snorlax|Snorlax, F|100/100
|-damage|p2a: Snorlax|84/100|[from] Spikes
|move|p1a: Tyranitar|Rock Slide|p2a: Snorlax
|-damage|p2a: Snorlax|57/100
|
|-weather|Sandstorm|[upkeep]
|-damage|p2a: Snorlax|50/100|[from] Sandstorm
|-heal|p2a: Snorlax|57/100|[from] item: Leftovers
|upkeep
|turn|23
|
|t:|1729118843
|move|p1a: Tyranitar|Rock Slide|p2a: Snorlax
|-damage|p2a: Snorlax|31/100
|cant|p2a: Snorlax|flinch
|
|-weather|Sandstorm|[upkeep]
|-damage|p2a: Snorlax|25/100|[from] Sandstorm
|-heal|p2a: Snorlax|31/100|[from] item: Leftovers
|upkeep
|turn|24
|inactive|pdads has 270 seconds left.
|inactive|pdads has 240 seconds left.
|
|t:|1729118889
|switch|p1a: Celebi|Celebi|100/100
|move|p2a: Snorlax|Self-Destruct|p1a: Celebi
|-damage|p1a: Celebi|0 fnt
|faint|p2a: Snorlax
|faint|p1a: Celebi
|inactive|pdads has 210 seconds left.
|
|t:|1729118923
|switch|p1a: Tyranitar|Tyranitar, M|100/100
|switch|p2a: Tyranitar|Tyranitar, M|96/100
|-damage|p2a: Tyranitar|80/100|[from] Spikes
|
|-weather|Sandstorm|[upkeep]
|-heal|p2a: Tyranitar|86/100|[from] item: Leftovers
|upkeep
|turn|25
|inactive|pdads has 210 seconds left.
|
|t:|1729118942
|move|p1a: Tyranitar|Earthquake|p2a: Tyranitar
|-supereffective|p2a: Tyranitar
|-damage|p2a: Tyranitar|23/100
|move|p2a: Tyranitar|Hidden Power|p1a: Tyranitar
|-supereffective|p1a: Tyranitar
|-damage|p1a: Tyranitar|63/100
|
|-weather|Sandstorm|[upkeep]
|-heal|p1a: Tyranitar|69/100|[from] item: Leftovers
|-heal|p2a: Tyranitar|29/100|[from] item: Leftovers
|upkeep
|turn|26
|inactive|pdads has 210 seconds left.
|inactive|pdads has 180 seconds left.
|
|t:|1729118982
|switch|p2a: Salamence|Salamence, F|100/100
|-ability|p2a: Salamence|Intimidate|boost
|-unboost|p1a: Tyranitar|atk|1
|move|p1a: Tyranitar|Rock Slide|p2a: Salamence
|-supereffective|p2a: Salamence
|-damage|p2a: Salamence|33/100
|
|-weather|Sandstorm|[upkeep]
|-damage|p2a: Salamence|27/100|[from] Sandstorm
|-heal|p2a: Salamence|33/100|[from] item: Leftovers
|-heal|p1a: Tyranitar|75/100|[from] item: Leftovers
|upkeep
|turn|27
|inactive|pdads has 180 seconds left.
|
|t:|1729119002
|switch|p2a: Steelix|Steelix, M|39/100
|-damage|p2a: Steelix|23/100|[from] Spikes
|switch|p1a: Zapdos|Zapdos|100/100
|
|-weather|Sandstorm|[upkeep]
|-damage|p1a: Zapdos|94/100|[from] Sandstorm
|-heal|p1a: Zapdos|100/100|[from] item: Leftovers
|-heal|p2a: Steelix|29/100|[from] item: Leftovers
|upkeep
|turn|28
|inactive|pdads has 180 seconds left.
|
|t:|1729119024
|switch|p1a: Swampert|Swampert, M|34/100
|move|p2a: Steelix|Explosion|p1a: Swampert
|-damage|p1a: Swampert|0 fnt
|faint|p2a: Steelix
|faint|p1a: Swampert
|inactive|Greyaz has 270 seconds left.
|
|t:|1729119044
|switch|p1a: Zapdos|Zapdos|100/100
|switch|p2a: Gyarados|Gyarados, F, shiny|100/100 slp
|-ability|p2a: Gyarados|Intimidate|boost
|-unboost|p1a: Zapdos|atk|1
|
|-weather|Sandstorm|[upkeep]
|-damage|p2a: Gyarados|94/100 slp|[from] Sandstorm
|-damage|p1a: Zapdos|94/100|[from] Sandstorm
|-heal|p2a: Gyarados|100/100 slp|[from] item: Leftovers
|-heal|p1a: Zapdos|100/100|[from] item: Leftovers
|upkeep
|turn|29
|
|t:|1729119055
|switch|p2a: Tyranitar|Tyranitar, M|29/100
|-damage|p2a: Tyranitar|13/100|[from] Spikes
|move|p1a: Zapdos|Thunderbolt|p2a: Tyranitar
|-damage|p2a: Tyranitar|0 fnt
|faint|p2a: Tyranitar
|
|t:|1729119058
|switch|p2a: Salamence|Salamence, F|33/100
|-ability|p2a: Salamence|Intimidate|boost
|-unboost|p1a: Zapdos|atk|1
|
|-weather|Sandstorm|[upkeep]
|-damage|p2a: Salamence|27/100|[from] Sandstorm
|-damage|p1a: Zapdos|94/100|[from] Sandstorm
|-heal|p2a: Salamence|33/100|[from] item: Leftovers
|-heal|p1a: Zapdos|100/100|[from] item: Leftovers
|upkeep
|turn|30
|
|t:|1729119072
|move|p2a: Salamence|Rock Slide|p1a: Zapdos
|-supereffective|p1a: Zapdos
|-crit|p1a: Zapdos
|-damage|p1a: Zapdos|0 fnt
|faint|p1a: Zapdos
|c|☆Greyaz|rip
|
|t:|1729119080
|switch|p1a: Tyranitar|Tyranitar, M|75/100
|
|-weather|Sandstorm|[upkeep]
|-damage|p2a: Salamence|27/100|[from] Sandstorm
|-heal|p2a: Salamence|33/100|[from] item: Leftovers
|-heal|p1a: Tyranitar|82/100|[from] item: Leftovers
|upkeep
|turn|31
|
|t:|1729119091
|move|p2a: Salamence|Earthquake|p1a: Tyranitar
|-supereffective|p1a: Tyranitar
|-damage|p1a: Tyranitar|20/100
|move|p1a: Tyranitar|Rock Slide|p2a: Salamence
|-supereffective|p2a: Salamence
|-damage|p2a: Salamence|0 fnt
|faint|p2a: Salamence
|
|t:|1729119095
|switch|p2a: Gyarados|Gyarados, F, shiny|100/100 slp
|-ability|p2a: Gyarados|Intimidate|boost
|-unboost|p1a: Tyranitar|atk|1
|
|-weather|Sandstorm|[upkeep]
|-damage|p2a: Gyarados|94/100 slp|[from] Sandstorm
|-heal|p2a: Gyarados|100/100 slp|[from] item: Leftovers
|-heal|p1a: Tyranitar|27/100|[from] item: Leftovers
|upkeep
|turn|32
|
|t:|1729119101
|cant|p2a: Gyarados|slp
|move|p1a: Tyranitar|Rock Slide|p2a: Gyarados
|-supereffective|p2a: Gyarados
|-crit|p2a: Gyarados
|-damage|p2a: Gyarados|0 fnt
|faint|p2a: Gyarados
|
|win|Greyaz
|c|☆pdads|gg
|c|☆Greyaz|gg

</script>
<script type="application/json" class="data" id="replaydata-smogtours-gen3ou-799190">
{"id":"smogtours-gen3ou-799190","format":"[Gen 3] OU","players":["Greyaz","pdads"],"uploadtime":1729119101,"views":78,"formatid":"gen3ou","rating":null,"private":0,"password":null}
</script>

<script defer src="js/replays.js?9d40a366"></script>
