<!DOCTYPE html>
<meta charset="utf-8" />
<meta name="viewport" content="width=device-width" />

<title>[Gen 3] OU: HeyYa!_Forte vs. xGangg - Replays - Pok&eacute;mon Showdown!</title>

<meta name="description" content="Watch a replay of a Pok&eacute;mon battle between HeyYa!_Forte and xGangg! Format: [Gen 3] OU; Date: Nov 11, 2024" />
<!--

Hey, you! Looking in the source for the replay log?

You can find them in JSON format, just add `.json` at the end of a replay URL.

https://replay.pokemonshowdown.com/gen7randomdoublesbattle-865046831.json

Or, if you only need the log itself, add `.log` instead:

https://replay.pokemonshowdown.com/gen7randomdoublesbattle-865046831.log

-->

<link rel="stylesheet" href="//pokemonshowdown.com/style/global.css?0.767286132409787" />
<link rel="stylesheet" href="//play.pokemonshowdown.com/style/font-awesome.css?0.9266228007934947" />
<link rel="stylesheet" href="//play.pokemonshowdown.com/style/battle.css?0.7924700842790926" />
<link rel="stylesheet" href="//play.pokemonshowdown.com/style/utilichart.css?0.8777417872839479" />

<!-- Global site tag (gtag.js) - Google Analytics -->
<script async src="https://www.googletagmanager.com/gtag/js?id=UA-26211653-1"></script>
<script>
  window.dataLayer = window.dataLayer || [];
  function gtag(){dataLayer.push(arguments);}
  gtag('js', new Date());

  gtag('config', 'UA-26211653-1');
</script>
<!-- End Google Analytics -->
<!-- Venatus Ad Manager - Install in <HEAD> of page -->
	<script src="https://hb.vntsm.com/v3/live/ad-manager.min.js" type="text/javascript" data-site-id="642aba63ec9a7b11c3c9c1be" data-mode="scan" async></script>
<!-- / Venatus Ad Manager -->

<style>
	@media (max-width:820px) {
		.battle {
			margin: 0 auto;
		}
		.battle-log {
			margin: 7px auto 0;
			max-width: 640px;
			height: 300px;
			position: static;
		}
	}
	.optgroup {
		display: inline-block;
		line-height: 22px;
		font-size: 10pt;
	}
	.optgroup .button {
		height: 25px;
		padding-top: 0;
		padding-bottom: 0;
	}
	.optgroup button.button {
		padding-left: 12px;
		padding-right: 12px;
	}
	.linklist {
		list-style: none;
		margin: 0.5em 0;
		padding: 0;
	}
	.linklist li {
		padding: 2px 0;
	}
	.sidebar {
		float: left;
		width: 320px;
	}
	.bar-wrapper {
		max-width: 1100px;
		margin: 0 auto;
	}
	.bar-wrapper.has-sidebar {
		max-width: 1430px;
	}
	.mainbar {
		margin: 0;
		padding-right: 1px;
	}
	.mainbar.has-sidebar {
		margin-left: 330px;
	}
	@media (min-width: 1511px) {
		.sidebar {
			width: 400px;
		}
		.bar-wrapper.has-sidebar {
			max-width: 1510px;
		}
		.mainbar.has-sidebar {
			margin-left: 410px;
		}
	}
	.section.first-section {
		margin-top: 9px;
	}
	.blocklink small {
		white-space: normal;
	}
	.button {
		vertical-align: middle;
	}
	.replay-controls {
		padding-top: 10px;
	}
	.replay-controls h1 {
		font-size: 16pt;
		font-weight: normal;
		color: #CCC;
	}
	.pagelink {
		text-align: center;
	}
	.pagelink a {
		width: 150px;
	}
	.textbox, .button {
		font-size: 11pt;
		vertical-align: middle;
	}
	@media (max-width: 450px) {
		.button {
			font-size: 9pt;
		}
	}
</style>

<div>

	<header>
		<div class="nav-wrapper"><ul class="nav">
			<li><a class="button nav-first" href="//pokemonshowdown.com/"><img src="//pokemonshowdown.com/images/pokemonshowdownbeta.png" srcset="//pokemonshowdown.com/images/pokemonshowdownbeta.png 1x, //pokemonshowdown.com/images/pokemonshowdownbeta@2x.png 2x" alt="Pok&eacute;mon Showdown" width="146" height="44" /> Home</a></li>
			<li><a class="button" href="//pokemonshowdown.com/dex/">Pok&eacute;dex</a></li>
			<li><a class="button cur" href="/">Replays</a></li>
			<li><a class="button" href="//pokemonshowdown.com/ladder/">Ladder</a></li>
			<li><a class="button nav-last" href="//pokemonshowdown.com/forums/">Forum</a></li>
			<li><a class="button greenbutton nav-first nav-last" href="//play.pokemonshowdown.com/">Play</a></li>
		</ul></div>
	</header>

	<div class="main" id="main">

		<noscript><section class="section">You need to enable JavaScript to use this page; sorry!</section></noscript>

	</div>

</div>

<script defer nomodule src="//play.pokemonshowdown.com/js/lib/ps-polyfill.js"></script>
<script defer src="//play.pokemonshowdown.com/js/lib/preact.min.js"></script>

<script defer src="//play.pokemonshowdown.com/config/config.js?6dec07f6"></script>
<script defer src="//play.pokemonshowdown.com/js/lib/jquery-1.11.0.min.js"></script>
<script defer src="//play.pokemonshowdown.com/js/lib/html-sanitizer-minified.js"></script>
<script defer src="//play.pokemonshowdown.com/js/battle-sound.js"></script>
<script defer src="//play.pokemonshowdown.com/js/battledata.js?0.6315294753075389"></script>
<script defer src="//play.pokemonshowdown.com/data/pokedex-mini.js?0.7603743185311358"></script>
<script defer src="//play.pokemonshowdown.com/data/pokedex-mini-bw.js?0.030888842834281283"></script>
<script defer src="//play.pokemonshowdown.com/data/graphics.js?0.05593094747507488"></script>
<script defer src="//play.pokemonshowdown.com/data/pokedex.js?0.47064822249611904"></script>
<script defer src="//play.pokemonshowdown.com/data/moves.js?0.8583693120512459"></script>
<script defer src="//play.pokemonshowdown.com/data/abilities.js?0.16017181182386842"></script>
<script defer src="//play.pokemonshowdown.com/data/items.js?0.4163379185673943"></script>
<script defer src="//play.pokemonshowdown.com/data/teambuilder-tables.js?0.31075597372830477"></script>
<script defer src="//play.pokemonshowdown.com/js/battle-tooltips.js?0.6536193500708172"></script>
<script defer src="//play.pokemonshowdown.com/js/battle.js?0.1916591943277901"></script>

<script defer src="js/utils.js?e31f9a17"></script>
<script defer src="js/replays-battle.js?7008c182"></script>

<!-- don't scrape this data! just add .json or .log after the URL!
Full API docs: https://github.com/smogon/pokemon-showdown-client/blob/master/WEB-API.md -->
<script type="text/plain" class="log" id="replaylog-smogtours-gen3ou-806054">
|inactive|Battle timer is ON: inactive players will automatically lose when time's up.
|t:|1731366929
|gametype|singles
|player|p1|HeyYa!_Forte|backers|
|player|p2|xGangg|#teamvictini|
|teamsize|p1|6
|teamsize|p2|6
|gen|3
|tier|[Gen 3] OU
|rule|Sleep Clause Mod: Limit one foe put to sleep
|rule|Switch Priority Clause Mod: Faster Pokémon switch first
|rule|Species Clause: Limit one of each Pokémon
|rule|OHKO Clause: OHKO moves are banned
|rule|Evasion Items Clause: Evasion items are banned
|rule|Evasion Moves Clause: Evasion moves are banned
|rule|Endless Battle Clause: Forcing endless battles is banned
|rule|HP Percentage Mod: HP is shown in percentages
|rule|One Boost Passer Clause: Limit one Baton Passer that has a way to boost its stats
|rule|Freeze Clause Mod: Limit one foe frozen
|
|t:|1731366929
|start
|switch|p1a: Salamence|Salamence, F|100/100
|switch|p2a: Zapdos|Zapdos|100/100
|-ability|p1a: Salamence|Intimidate|boost
|-unboost|p2a: Zapdos|atk|1
|turn|1
|inactive|xGangg has 270 seconds left.
|
|t:|1731366974
|switch|p1a: Celebi|Celebi|100/100
|move|p2a: Zapdos|Toxic|p1a: Celebi
|-status|p1a: Celebi|tox
|
|-damage|p1a: Celebi|94/100 tox|[from] psn
|upkeep
|turn|2
|
|t:|1731366988
|switch|p2a: Skarmory|Skarmory, M|100/100
|-curestatus|p1a: Celebi|tox|[from] ability: Natural Cure
|switch|p1a: Blissey|Blissey, F|100/100
|
|upkeep
|turn|3
|
|t:|1731367012
|switch|p1a: Starmie|Starmie|100/100
|move|p2a: Skarmory|Spikes|p1a: Starmie
|-sidestart|p1: HeyYa!_Forte|Spikes
|
|upkeep
|turn|4
|
|t:|1731367023
|switch|p2a: Zapdos|Zapdos|100/100
|move|p1a: Starmie|Rapid Spin|p2a: Zapdos
|-damage|p2a: Zapdos|97/100
|-sideend|p1: HeyYa!_Forte|Spikes|[from] move: Rapid Spin|[of] p1a: Starmie
|
|-heal|p2a: Zapdos|100/100|[from] item: Leftovers
|upkeep
|turn|5
|
|t:|1731367032
|switch|p1a: Blissey|Blissey, F|100/100
|move|p2a: Zapdos|Thunderbolt|p1a: Blissey
|-damage|p1a: Blissey|80/100
|
|-heal|p1a: Blissey|86/100|[from] item: Leftovers
|upkeep
|turn|6
|
|t:|1731367038
|switch|p2a: Jirachi|Jirachi|100/100
|move|p1a: Blissey|Ice Beam|p2a: Jirachi
|-resisted|p2a: Jirachi
|-damage|p2a: Jirachi|91/100
|
|-heal|p2a: Jirachi|98/100|[from] item: Leftovers
|-heal|p1a: Blissey|92/100|[from] item: Leftovers
|upkeep
|turn|7
|
|t:|1731367050
|switch|p1a: Celebi|Celebi|94/100
|move|p2a: Jirachi|Body Slam|p1a: Celebi
|-damage|p1a: Celebi|80/100
|
|-heal|p1a: Celebi|86/100|[from] item: Leftovers
|-heal|p2a: Jirachi|100/100|[from] item: Leftovers
|upkeep
|turn|8
|
|t:|1731367062
|move|p1a: Celebi|Leech Seed|p2a: Jirachi
|-start|p2a: Jirachi|move: Leech Seed
|move|p2a: Jirachi|Body Slam|p1a: Celebi
|-damage|p1a: Celebi|74/100
|-status|p1a: Celebi|par
|
|-damage|p2a: Jirachi|88/100|[from] Leech Seed|[of] p1a: Celebi
|-heal|p1a: Celebi|86/100 par|[silent]
|-heal|p1a: Celebi|92/100 par|[from] item: Leftovers
|upkeep
|turn|9
|
|t:|1731367082
|switch|p2a: Tyranitar|Tyranitar, M|100/100
|-weather|Sandstorm|[from] ability: Sand Stream|[of] p2a: Tyranitar
|-curestatus|p1a: Celebi|par|[from] ability: Natural Cure
|switch|p1a: Starmie|Starmie|100/100
|
|-weather|Sandstorm|[upkeep]
|-damage|p1a: Starmie|94/100|[from] Sandstorm
|-heal|p1a: Starmie|100/100|[from] item: Leftovers
|upkeep
|turn|10
|inactive|HeyYa!_Forte has 270 seconds left.
|
|t:|1731367111
|switch|p1a: Skarmory|Skarmory, F|100/100
|switch|p2a: Swampert|Swampert, M|100/100
|
|-weather|Sandstorm|[upkeep]
|upkeep
|turn|11
|inactive|xGangg has 270 seconds left.
|
|t:|1731367156
|switch|p2a: Zapdos|Zapdos|100/100
|move|p1a: Skarmory|Spikes|p2a: Zapdos
|-sidestart|p2: xGangg|Spikes
|
|-weather|Sandstorm|[upkeep]
|-damage|p2a: Zapdos|94/100|[from] Sandstorm
|-heal|p2a: Zapdos|100/100|[from] item: Leftovers
|upkeep
|turn|12
|
|t:|1731367168
|switch|p1a: Blissey|Blissey, F|92/100
|move|p2a: Zapdos|Thunderbolt|p1a: Blissey
|-damage|p1a: Blissey|71/100
|
|-weather|Sandstorm|[upkeep]
|-damage|p2a: Zapdos|94/100|[from] Sandstorm
|-damage|p1a: Blissey|65/100|[from] Sandstorm
|-heal|p2a: Zapdos|100/100|[from] item: Leftovers
|-heal|p1a: Blissey|71/100|[from] item: Leftovers
|upkeep
|turn|13
|inactive|xGangg has 270 seconds left.
|
|t:|1731367183
|switch|p2a: Jirachi|Jirachi|88/100
|-damage|p2a: Jirachi|76/100|[from] Spikes
|move|p1a: Blissey|Soft-Boiled|p1a: Blissey
|-heal|p1a: Blissey|100/100
|
|-weather|Sandstorm|[upkeep]
|-damage|p1a: Blissey|94/100|[from] Sandstorm
|-heal|p2a: Jirachi|82/100|[from] item: Leftovers
|-heal|p1a: Blissey|100/100|[from] item: Leftovers
|upkeep
|turn|14
|inactive|xGangg has 270 seconds left.
|
|t:|1731367189
|switch|p1a: Celebi|Celebi|92/100
|move|p2a: Jirachi|Body Slam|p1a: Celebi
|-damage|p1a: Celebi|78/100
|-status|p1a: Celebi|par
|
|-weather|Sandstorm|[upkeep]
|-damage|p1a: Celebi|72/100 par|[from] Sandstorm
|-heal|p2a: Jirachi|88/100|[from] item: Leftovers
|-heal|p1a: Celebi|78/100 par|[from] item: Leftovers
|upkeep
|turn|15
|
|t:|1731367191
|move|p2a: Jirachi|Wish|p2a: Jirachi
|move|p1a: Celebi|Leech Seed|p2a: Jirachi
|-start|p2a: Jirachi|move: Leech Seed
|
|-weather|Sandstorm|[upkeep]
|-damage|p1a: Celebi|72/100 par|[from] Sandstorm
|-heal|p2a: Jirachi|94/100|[from] item: Leftovers
|-damage|p2a: Jirachi|82/100|[from] Leech Seed|[of] p1a: Celebi
|-heal|p1a: Celebi|84/100 par|[silent]
|-heal|p1a: Celebi|90/100 par|[from] item: Leftovers
|upkeep
|turn|16
|
|t:|1731367203
|switch|p2a: Tyranitar|Tyranitar, M|100/100
|-damage|p2a: Tyranitar|88/100|[from] Spikes
|-curestatus|p1a: Celebi|par|[from] ability: Natural Cure
|switch|p1a: Starmie|Starmie|100/100
|
|-heal|p2a: Tyranitar|100/100|[from] move: Wish|[wisher] Jirachi
|-weather|Sandstorm|[upkeep]
|-damage|p1a: Starmie|94/100|[from] Sandstorm
|-heal|p1a: Starmie|100/100|[from] item: Leftovers
|upkeep
|turn|17
|
|t:|1731367214
|switch|p2a: Swampert|Swampert, M|100/100
|-damage|p2a: Swampert|88/100|[from] Spikes
|move|p1a: Starmie|Surf|p2a: Swampert
|-damage|p2a: Swampert|56/100
|
|-weather|Sandstorm|[upkeep]
|-damage|p1a: Starmie|94/100|[from] Sandstorm
|-heal|p1a: Starmie|100/100|[from] item: Leftovers
|-heal|p2a: Swampert|62/100|[from] item: Leftovers
|upkeep
|turn|18
|
|t:|1731367227
|switch|p1a: Skarmory|Skarmory, F|100/100
|move|p2a: Swampert|Earthquake|p1a: Skarmory
|-immune|p1a: Skarmory
|
|-weather|Sandstorm|[upkeep]
|-heal|p2a: Swampert|68/100|[from] item: Leftovers
|upkeep
|turn|19
|
|t:|1731367234
|switch|p2a: Zapdos|Zapdos|100/100
|move|p1a: Skarmory|Roar|p2a: Zapdos
|drag|p2a: Skarmory|Skarmory, M|100/100
|
|-weather|Sandstorm|[upkeep]
|upkeep
|turn|20
|
|t:|1731367239
|move|p2a: Skarmory|Taunt|p1a: Skarmory
|-start|p1a: Skarmory|move: Taunt
|cant|p1a: Skarmory|move: Taunt|Spikes
|
|-weather|Sandstorm|[upkeep]
|upkeep
|turn|21
|
|t:|1731367243
|switch|p1a: Starmie|Starmie|100/100
|move|p2a: Skarmory|Spikes|p1a: Starmie
|-sidestart|p1: HeyYa!_Forte|Spikes
|
|-weather|Sandstorm|[upkeep]
|-damage|p1a: Starmie|94/100|[from] Sandstorm
|-heal|p1a: Starmie|100/100|[from] item: Leftovers
|upkeep
|turn|22
|
|t:|1731367266
|switch|p2a: Zapdos|Zapdos|100/100
|move|p1a: Starmie|Thunder Wave|p2a: Zapdos
|-status|p2a: Zapdos|par
|
|-weather|Sandstorm|[upkeep]
|-damage|p1a: Starmie|94/100|[from] Sandstorm
|-damage|p2a: Zapdos|94/100 par|[from] Sandstorm
|-heal|p1a: Starmie|100/100|[from] item: Leftovers
|-heal|p2a: Zapdos|100/100 par|[from] item: Leftovers
|upkeep
|turn|23
|
|t:|1731367290
|switch|p1a: Celebi|Celebi|90/100
|-damage|p1a: Celebi|78/100|[from] Spikes
|switch|p2a: Salamence|Salamence, F|100/100
|-ability|p2a: Salamence|Intimidate|boost
|-unboost|p1a: Celebi|atk|1
|
|-weather|Sandstorm|[upkeep]
|-damage|p2a: Salamence|94/100|[from] Sandstorm
|-damage|p1a: Celebi|72/100|[from] Sandstorm
|-heal|p2a: Salamence|100/100|[from] item: Leftovers
|-heal|p1a: Celebi|78/100|[from] item: Leftovers
|upkeep
|turn|24
|inactive|HeyYa!_Forte has 270 seconds left.
|
|t:|1731367321
|switch|p1a: Salamence|Salamence, F|100/100
|-ability|p1a: Salamence|Intimidate|boost
|-unboost|p2a: Salamence|atk|1
|move|p2a: Salamence|Dragon Claw|p1a: Salamence
|-supereffective|p1a: Salamence
|-damage|p1a: Salamence|0 fnt
|faint|p1a: Salamence
|
|t:|1731367331
|switch|p1a: Blissey|Blissey, F|100/100
|-damage|p1a: Blissey|88/100|[from] Spikes
|
|-weather|Sandstorm|[upkeep]
|-damage|p2a: Salamence|94/100|[from] Sandstorm
|-damage|p1a: Blissey|82/100|[from] Sandstorm
|-heal|p2a: Salamence|100/100|[from] item: Leftovers
|-heal|p1a: Blissey|88/100|[from] item: Leftovers
|upkeep
|turn|25
|
|t:|1731367336
|switch|p2a: Jirachi|Jirachi|82/100
|-damage|p2a: Jirachi|70/100|[from] Spikes
|move|p1a: Blissey|Thunderbolt|p2a: Jirachi
|-damage|p2a: Jirachi|52/100
|
|-weather|Sandstorm|[upkeep]
|-damage|p1a: Blissey|82/100|[from] Sandstorm
|-heal|p2a: Jirachi|58/100|[from] item: Leftovers
|-heal|p1a: Blissey|88/100|[from] item: Leftovers
|upkeep
|turn|26
|inactive|HeyYa!_Forte has 270 seconds left.
|
|t:|1731367373
|switch|p1a: Celebi|Celebi|78/100
|-damage|p1a: Celebi|65/100|[from] Spikes
|move|p2a: Jirachi|Wish|p2a: Jirachi
|
|-weather|Sandstorm|[upkeep]
|-damage|p1a: Celebi|59/100|[from] Sandstorm
|-heal|p1a: Celebi|65/100|[from] item: Leftovers
|-heal|p2a: Jirachi|64/100|[from] item: Leftovers
|upkeep
|turn|27
|
|t:|1731367388
|move|p1a: Celebi|Recover|p1a: Celebi
|-heal|p1a: Celebi|100/100
|move|p2a: Jirachi|Body Slam|p1a: Celebi
|-damage|p1a: Celebi|88/100
|-status|p1a: Celebi|par
|
|-heal|p2a: Jirachi|100/100|[from] move: Wish|[wisher] Jirachi
|-weather|Sandstorm|[upkeep]
|-damage|p1a: Celebi|82/100 par|[from] Sandstorm
|-heal|p1a: Celebi|88/100 par|[from] item: Leftovers
|upkeep
|turn|28
|
|t:|1731367398
|-curestatus|p1a: Celebi|par|[from] ability: Natural Cure
|switch|p1a: Starmie|Starmie|100/100
|-damage|p1a: Starmie|88/100|[from] Spikes
|move|p2a: Jirachi|Body Slam|p1a: Starmie
|-damage|p1a: Starmie|65/100
|-status|p1a: Starmie|par
|
|-weather|Sandstorm|[upkeep]
|-damage|p1a: Starmie|59/100 par|[from] Sandstorm
|-heal|p1a: Starmie|65/100 par|[from] item: Leftovers
|upkeep
|turn|29
|
|t:|1731367407
|switch|p2a: Zapdos|Zapdos|100/100 par
|cant|p1a: Starmie|par
|
|-weather|Sandstorm|[upkeep]
|-damage|p1a: Starmie|59/100 par|[from] Sandstorm
|-damage|p2a: Zapdos|94/100 par|[from] Sandstorm
|-heal|p1a: Starmie|65/100 par|[from] item: Leftovers
|-heal|p2a: Zapdos|100/100 par|[from] item: Leftovers
|upkeep
|turn|30
|
|t:|1731367417
|-curestatus|p1a: Starmie|par|[from] ability: Natural Cure
|switch|p1a: Blissey|Blissey, F|88/100
|-damage|p1a: Blissey|76/100|[from] Spikes
|cant|p2a: Zapdos|par
|
|-weather|Sandstorm|[upkeep]
|-damage|p1a: Blissey|69/100|[from] Sandstorm
|-damage|p2a: Zapdos|94/100 par|[from] Sandstorm
|-heal|p1a: Blissey|76/100|[from] item: Leftovers
|-heal|p2a: Zapdos|100/100 par|[from] item: Leftovers
|upkeep
|turn|31
|inactive|HeyYa!_Forte has 270 seconds left.
|
|t:|1731367429
|switch|p2a: Jirachi|Jirachi|100/100
|-damage|p2a: Jirachi|88/100|[from] Spikes
|move|p1a: Blissey|Ice Beam|p2a: Jirachi
|-resisted|p2a: Jirachi
|-damage|p2a: Jirachi|79/100
|
|-weather|Sandstorm|[upkeep]
|-damage|p1a: Blissey|69/100|[from] Sandstorm
|-heal|p2a: Jirachi|86/100|[from] item: Leftovers
|-heal|p1a: Blissey|76/100|[from] item: Leftovers
|upkeep
|turn|32
|
|t:|1731367440
|move|p2a: Jirachi|Body Slam|p1a: Blissey
|-crit|p1a: Blissey
|-damage|p1a: Blissey|37/100
|-status|p1a: Blissey|par
|cant|p1a: Blissey|par
|
|-weather|Sandstorm|[upkeep]
|-damage|p1a: Blissey|30/100 par|[from] Sandstorm
|-heal|p2a: Jirachi|92/100|[from] item: Leftovers
|-heal|p1a: Blissey|37/100 par|[from] item: Leftovers
|upkeep
|turn|33
|
|t:|1731367445
|move|p2a: Jirachi|Body Slam|p1a: Blissey
|-damage|p1a: Blissey|16/100 par
|move|p1a: Blissey|Soft-Boiled|p1a: Blissey
|-heal|p1a: Blissey|65/100 par
|
|-weather|Sandstorm|[upkeep]
|-damage|p1a: Blissey|59/100 par|[from] Sandstorm
|-heal|p2a: Jirachi|98/100|[from] item: Leftovers
|-heal|p1a: Blissey|65/100 par|[from] item: Leftovers
|upkeep
|turn|34
|
|t:|1731367450
|-curestatus|p1a: Blissey|par|[from] ability: Natural Cure
|switch|p1a: Celebi|Celebi|88/100
|-damage|p1a: Celebi|75/100|[from] Spikes
|move|p2a: Jirachi|Body Slam|p1a: Celebi
|-damage|p1a: Celebi|61/100
|-status|p1a: Celebi|par
|
|-weather|Sandstorm|[upkeep]
|-damage|p1a: Celebi|55/100 par|[from] Sandstorm
|-heal|p2a: Jirachi|100/100|[from] item: Leftovers
|-heal|p1a: Celebi|61/100 par|[from] item: Leftovers
|upkeep
|turn|35
|
|t:|1731367459
|-curestatus|p1a: Celebi|par|[from] ability: Natural Cure
|switch|p1a: Starmie|Starmie|65/100
|-damage|p1a: Starmie|52/100|[from] Spikes
|move|p2a: Jirachi|Fire Punch|p1a: Starmie
|-resisted|p1a: Starmie
|-damage|p1a: Starmie|42/100
|-status|p1a: Starmie|brn
|
|-weather|Sandstorm|[upkeep]
|-damage|p1a: Starmie|35/100 brn|[from] Sandstorm
|-heal|p1a: Starmie|42/100 brn|[from] item: Leftovers
|-damage|p1a: Starmie|29/100 brn|[from] brn
|upkeep
|turn|36
|
|t:|1731367480
|switch|p2a: Zapdos|Zapdos|100/100 par
|move|p1a: Starmie|Recover|p1a: Starmie
|-heal|p1a: Starmie|79/100 brn
|
|-weather|Sandstorm|[upkeep]
|-damage|p1a: Starmie|73/100 brn|[from] Sandstorm
|-damage|p2a: Zapdos|94/100 par|[from] Sandstorm
|-heal|p1a: Starmie|79/100 brn|[from] item: Leftovers
|-damage|p1a: Starmie|67/100 brn|[from] brn
|-heal|p2a: Zapdos|100/100 par|[from] item: Leftovers
|upkeep
|turn|37
|
|t:|1731367490
|-curestatus|p1a: Starmie|brn|[from] ability: Natural Cure
|switch|p1a: Celebi|Celebi|61/100
|-damage|p1a: Celebi|49/100|[from] Spikes
|switch|p2a: Tyranitar|Tyranitar, M|100/100
|-damage|p2a: Tyranitar|88/100|[from] Spikes
|
|-weather|Sandstorm|[upkeep]
|-damage|p1a: Celebi|43/100|[from] Sandstorm
|-heal|p1a: Celebi|49/100|[from] item: Leftovers
|-heal|p2a: Tyranitar|94/100|[from] item: Leftovers
|upkeep
|turn|38
|
|t:|1731367498
|switch|p1a: Skarmory|Skarmory, F|100/100
|move|p2a: Tyranitar|Dragon Dance|p2a: Tyranitar
|-boost|p2a: Tyranitar|atk|1
|-boost|p2a: Tyranitar|spe|1
|
|-weather|Sandstorm|[upkeep]
|-heal|p2a: Tyranitar|100/100|[from] item: Leftovers
|upkeep
|turn|39
|
|t:|1731367503
|move|p2a: Tyranitar|Rock Slide|p1a: Skarmory
|-damage|p1a: Skarmory|54/100
|move|p1a: Skarmory|Roar|p2a: Tyranitar
|drag|p2a: Skarmory|Skarmory, M|100/100
|
|-weather|Sandstorm|[upkeep]
|-heal|p1a: Skarmory|60/100|[from] item: Leftovers
|upkeep
|turn|40
|
|t:|1731367514
|switch|p2a: Zapdos|Zapdos|100/100 par
|switch|p1a: Starmie|Starmie|67/100
|-damage|p1a: Starmie|55/100|[from] Spikes
|
|-weather|Sandstorm|[upkeep]
|-damage|p1a: Starmie|48/100|[from] Sandstorm
|-damage|p2a: Zapdos|94/100 par|[from] Sandstorm
|-heal|p1a: Starmie|55/100|[from] item: Leftovers
|-heal|p2a: Zapdos|100/100 par|[from] item: Leftovers
|upkeep
|turn|41
|
|t:|1731367525
|switch|p1a: Blissey|Blissey, F|65/100
|-damage|p1a: Blissey|53/100|[from] Spikes
|cant|p2a: Zapdos|par
|
|-weather|Sandstorm|[upkeep]
|-damage|p1a: Blissey|47/100|[from] Sandstorm
|-damage|p2a: Zapdos|94/100 par|[from] Sandstorm
|-heal|p1a: Blissey|53/100|[from] item: Leftovers
|-heal|p2a: Zapdos|100/100 par|[from] item: Leftovers
|upkeep
|turn|42
|
|t:|1731367530
|switch|p2a: Jirachi|Jirachi|100/100
|-damage|p2a: Jirachi|88/100|[from] Spikes
|move|p1a: Blissey|Soft-Boiled|p1a: Blissey
|-heal|p1a: Blissey|100/100
|
|-weather|Sandstorm|[upkeep]
|-damage|p1a: Blissey|94/100|[from] Sandstorm
|-heal|p2a: Jirachi|94/100|[from] item: Leftovers
|-heal|p1a: Blissey|100/100|[from] item: Leftovers
|upkeep
|turn|43
|
|t:|1731367536
|move|p2a: Jirachi|Fire Punch|p1a: Blissey
|-crit|p1a: Blissey
|-damage|p1a: Blissey|86/100
|move|p1a: Blissey|Ice Beam|p2a: Jirachi
|-resisted|p2a: Jirachi
|-damage|p2a: Jirachi|86/100
|
|-weather|Sandstorm|[upkeep]
|-damage|p1a: Blissey|79/100|[from] Sandstorm
|-heal|p2a: Jirachi|92/100|[from] item: Leftovers
|-heal|p1a: Blissey|86/100|[from] item: Leftovers
|upkeep
|turn|44
|
|t:|1731367541
|move|p2a: Jirachi|Body Slam|p1a: Blissey
|-damage|p1a: Blissey|64/100
|-status|p1a: Blissey|par
|move|p1a: Blissey|Ice Beam|p2a: Jirachi
|-resisted|p2a: Jirachi
|-damage|p2a: Jirachi|84/100
|
|-weather|Sandstorm|[upkeep]
|-damage|p1a: Blissey|57/100 par|[from] Sandstorm
|-heal|p2a: Jirachi|90/100|[from] item: Leftovers
|-heal|p1a: Blissey|64/100 par|[from] item: Leftovers
|upkeep
|turn|45
|
|t:|1731367545
|move|p2a: Jirachi|Body Slam|p1a: Blissey
|-damage|p1a: Blissey|44/100 par
|move|p1a: Blissey|Soft-Boiled|p1a: Blissey
|-heal|p1a: Blissey|94/100 par
|
|-weather|Sandstorm|[upkeep]
|-damage|p1a: Blissey|88/100 par|[from] Sandstorm
|-heal|p2a: Jirachi|96/100|[from] item: Leftovers
|-heal|p1a: Blissey|94/100 par|[from] item: Leftovers
|upkeep
|turn|46
|
|t:|1731367560
|move|p2a: Jirachi|Body Slam|p1a: Blissey
|-damage|p1a: Blissey|73/100 par
|move|p1a: Blissey|Toxic|p2a: Jirachi|[miss]
|-miss|p1a: Blissey|p2a: Jirachi
|
|-weather|Sandstorm|[upkeep]
|-damage|p1a: Blissey|67/100 par|[from] Sandstorm
|-heal|p2a: Jirachi|100/100|[from] item: Leftovers
|-heal|p1a: Blissey|73/100 par|[from] item: Leftovers
|upkeep
|turn|47
|
|t:|1731367564
|move|p2a: Jirachi|Fire Punch|p1a: Blissey
|-damage|p1a: Blissey|66/100 par
|move|p1a: Blissey|Soft-Boiled|p1a: Blissey
|-heal|p1a: Blissey|100/100 par
|
|-weather|Sandstorm|[upkeep]
|-damage|p1a: Blissey|94/100 par|[from] Sandstorm
|-heal|p1a: Blissey|100/100 par|[from] item: Leftovers
|upkeep
|turn|48
|
|t:|1731367575
|move|p2a: Jirachi|Body Slam|p1a: Blissey
|-damage|p1a: Blissey|81/100 par
|cant|p1a: Blissey|par
|
|-weather|Sandstorm|[upkeep]
|-damage|p1a: Blissey|75/100 par|[from] Sandstorm
|-heal|p1a: Blissey|81/100 par|[from] item: Leftovers
|upkeep
|turn|49
|
|t:|1731367579
|move|p2a: Jirachi|Body Slam|p1a: Blissey
|-damage|p1a: Blissey|62/100 par
|move|p1a: Blissey|Soft-Boiled|p1a: Blissey
|-heal|p1a: Blissey|100/100 par
|
|-weather|Sandstorm|[upkeep]
|-damage|p1a: Blissey|94/100 par|[from] Sandstorm
|-heal|p1a: Blissey|100/100 par|[from] item: Leftovers
|upkeep
|turn|50
|
|t:|1731367584
|move|p2a: Jirachi|Body Slam|p1a: Blissey
|-damage|p1a: Blissey|81/100 par
|move|p1a: Blissey|Ice Beam|p2a: Jirachi
|-resisted|p2a: Jirachi
|-damage|p2a: Jirachi|92/100
|
|-weather|Sandstorm|[upkeep]
|-damage|p1a: Blissey|75/100 par|[from] Sandstorm
|-heal|p2a: Jirachi|99/100|[from] item: Leftovers
|-heal|p1a: Blissey|81/100 par|[from] item: Leftovers
|upkeep
|turn|51
|
|t:|1731367590
|move|p2a: Jirachi|Wish|p2a: Jirachi
|move|p1a: Blissey|Soft-Boiled|p1a: Blissey
|-heal|p1a: Blissey|100/100 par
|
|-weather|Sandstorm|[upkeep]
|-damage|p1a: Blissey|94/100 par|[from] Sandstorm
|-heal|p2a: Jirachi|100/100|[from] item: Leftovers
|-heal|p1a: Blissey|100/100 par|[from] item: Leftovers
|upkeep
|turn|52
|
|t:|1731367592
|move|p2a: Jirachi|Body Slam|p1a: Blissey
|-damage|p1a: Blissey|81/100 par
|move|p1a: Blissey|Toxic|p2a: Jirachi
|-immune|p2a: Jirachi
|
|-weather|Sandstorm|[upkeep]
|-damage|p1a: Blissey|75/100 par|[from] Sandstorm
|-heal|p1a: Blissey|81/100 par|[from] item: Leftovers
|upkeep
|turn|53
|
|t:|1731367606
|move|p2a: Jirachi|Wish|p2a: Jirachi
|move|p1a: Blissey|Toxic|p2a: Jirachi
|-immune|p2a: Jirachi
|
|-weather|Sandstorm|[upkeep]
|-damage|p1a: Blissey|75/100 par|[from] Sandstorm
|-heal|p1a: Blissey|81/100 par|[from] item: Leftovers
|upkeep
|turn|54
|
|t:|1731367620
|switch|p2a: Skarmory|Skarmory, M|100/100
|move|p1a: Blissey|Toxic|p2a: Skarmory
|-immune|p2a: Skarmory
|
|-weather|Sandstorm|[upkeep]
|-damage|p1a: Blissey|75/100 par|[from] Sandstorm
|-heal|p1a: Blissey|81/100 par|[from] item: Leftovers
|upkeep
|turn|55
|
|t:|1731367634
|switch|p2a: Jirachi|Jirachi|100/100
|-damage|p2a: Jirachi|88/100|[from] Spikes
|move|p1a: Blissey|Thunderbolt|p2a: Jirachi
|-damage|p2a: Jirachi|71/100
|-status|p2a: Jirachi|par
|
|-weather|Sandstorm|[upkeep]
|-damage|p1a: Blissey|75/100 par|[from] Sandstorm
|-heal|p2a: Jirachi|77/100 par|[from] item: Leftovers
|-heal|p1a: Blissey|81/100 par|[from] item: Leftovers
|upkeep
|turn|56
|
|t:|1731367639
|move|p2a: Jirachi|Body Slam|p1a: Blissey
|-damage|p1a: Blissey|59/100 par
|move|p1a: Blissey|Thunderbolt|p2a: Jirachi
|-damage|p2a: Jirachi|61/100 par
|
|-weather|Sandstorm|[upkeep]
|-damage|p1a: Blissey|53/100 par|[from] Sandstorm
|-heal|p2a: Jirachi|67/100 par|[from] item: Leftovers
|-heal|p1a: Blissey|59/100 par|[from] item: Leftovers
|upkeep
|turn|57
|
|t:|1731367644
|switch|p2a: Swampert|Swampert, M|68/100
|-damage|p2a: Swampert|56/100|[from] Spikes
|move|p1a: Blissey|Soft-Boiled|p1a: Blissey
|-heal|p1a: Blissey|100/100 par
|
|-weather|Sandstorm|[upkeep]
|-damage|p1a: Blissey|94/100 par|[from] Sandstorm
|-heal|p2a: Swampert|62/100|[from] item: Leftovers
|-heal|p1a: Blissey|100/100 par|[from] item: Leftovers
|upkeep
|turn|58
|
|t:|1731367653
|move|p2a: Swampert|Hydro Pump|p1a: Blissey
|-damage|p1a: Blissey|82/100 par
|move|p1a: Blissey|Toxic|p2a: Swampert
|-status|p2a: Swampert|tox
|
|-weather|Sandstorm|[upkeep]
|-damage|p1a: Blissey|76/100 par|[from] Sandstorm
|-heal|p2a: Swampert|68/100 tox|[from] item: Leftovers
|-damage|p2a: Swampert|62/100 tox|[from] psn
|-heal|p1a: Blissey|82/100 par|[from] item: Leftovers
|upkeep
|turn|59
|
|t:|1731367657
|-curestatus|p1a: Blissey|par|[from] ability: Natural Cure
|switch|p1a: Skarmory|Skarmory, F|60/100
|move|p2a: Swampert|Earthquake|p1a: Skarmory
|-immune|p1a: Skarmory
|
|-weather|Sandstorm|[upkeep]
|-heal|p1a: Skarmory|66/100|[from] item: Leftovers
|-heal|p2a: Swampert|68/100 tox|[from] item: Leftovers
|-damage|p2a: Swampert|56/100 tox|[from] psn
|upkeep
|turn|60
|
|t:|1731367667
|move|p1a: Skarmory|Protect|p1a: Skarmory
|-singleturn|p1a: Skarmory|Protect
|move|p2a: Swampert|Hydro Pump|p1a: Skarmory|[miss]
|-miss|p2a: Swampert|p1a: Skarmory
|
|-weather|Sandstorm|[upkeep]
|-heal|p1a: Skarmory|72/100|[from] item: Leftovers
|-heal|p2a: Swampert|62/100 tox|[from] item: Leftovers
|-damage|p2a: Swampert|43/100 tox|[from] psn
|upkeep
|turn|61
|
|t:|1731367670
|move|p1a: Skarmory|Spikes|p2a: Swampert
|-sidestart|p2: xGangg|Spikes
|move|p2a: Swampert|Hydro Pump|p1a: Skarmory
|-damage|p1a: Skarmory|33/100
|
|-weather|Sandstorm|[upkeep]
|-heal|p1a: Skarmory|39/100|[from] item: Leftovers
|-heal|p2a: Swampert|50/100 tox|[from] item: Leftovers
|-damage|p2a: Swampert|25/100 tox|[from] psn
|upkeep
|turn|62
|
|t:|1731367678
|switch|p2a: Salamence|Salamence, F|100/100
|-ability|p2a: Salamence|Intimidate|boost
|-unboost|p1a: Skarmory|atk|1
|move|p1a: Skarmory|Protect||[still]
|-fail|p1a: Skarmory
|
|-weather|Sandstorm|[upkeep]
|-damage|p2a: Salamence|94/100|[from] Sandstorm
|-heal|p2a: Salamence|100/100|[from] item: Leftovers
|-heal|p1a: Skarmory|45/100|[from] item: Leftovers
|upkeep
|turn|63
|
|t:|1731367683
|move|p1a: Skarmory|Protect|p1a: Skarmory
|-singleturn|p1a: Skarmory|Protect
|move|p2a: Salamence|Flamethrower|p1a: Skarmory
|-activate|p1a: Skarmory|Protect
|
|-weather|Sandstorm|[upkeep]
|-damage|p2a: Salamence|94/100|[from] Sandstorm
|-heal|p2a: Salamence|100/100|[from] item: Leftovers
|-heal|p1a: Skarmory|51/100|[from] item: Leftovers
|upkeep
|turn|64
|
|t:|1731367710
|move|p2a: Salamence|Brick Break|p1a: Skarmory
|-damage|p1a: Skarmory|35/100
|move|p1a: Skarmory|Spikes|p2a: Salamence
|-sidestart|p2: xGangg|Spikes
|
|-weather|Sandstorm|[upkeep]
|-damage|p2a: Salamence|94/100|[from] Sandstorm
|-heal|p2a: Salamence|100/100|[from] item: Leftovers
|-heal|p1a: Skarmory|41/100|[from] item: Leftovers
|upkeep
|turn|65
|
|t:|1731367722
|switch|p1a: Starmie|Starmie|55/100
|-damage|p1a: Starmie|42/100|[from] Spikes
|move|p2a: Salamence|Flamethrower|p1a: Starmie
|-resisted|p1a: Starmie
|-damage|p1a: Starmie|25/100
|
|-weather|Sandstorm|[upkeep]
|-damage|p1a: Starmie|18/100|[from] Sandstorm
|-damage|p2a: Salamence|94/100|[from] Sandstorm
|-heal|p1a: Starmie|25/100|[from] item: Leftovers
|-heal|p2a: Salamence|100/100|[from] item: Leftovers
|upkeep
|turn|66
|inactive|HeyYa!_Forte has 270 seconds left.
|
|t:|1731367746
|switch|p1a: Blissey|Blissey, F|82/100
|-damage|p1a: Blissey|70/100|[from] Spikes
|move|p2a: Salamence|Dragon Claw|p1a: Blissey
|-damage|p1a: Blissey|54/100
|
|-weather|Sandstorm|[upkeep]
|-damage|p2a: Salamence|94/100|[from] Sandstorm
|-damage|p1a: Blissey|48/100|[from] Sandstorm
|-heal|p2a: Salamence|100/100|[from] item: Leftovers
|-heal|p1a: Blissey|54/100|[from] item: Leftovers
|upkeep
|turn|67
|
|t:|1731367752
|move|p2a: Salamence|Rock Slide|p1a: Blissey
|-damage|p1a: Blissey|31/100
|cant|p1a: Blissey|flinch
|
|-weather|Sandstorm|[upkeep]
|-damage|p2a: Salamence|94/100|[from] Sandstorm
|-damage|p1a: Blissey|25/100|[from] Sandstorm
|-heal|p2a: Salamence|100/100|[from] item: Leftovers
|-heal|p1a: Blissey|31/100|[from] item: Leftovers
|upkeep
|turn|68
|
|t:|1731367767
|switch|p1a: Metagross|Metagross|100/100
|-damage|p1a: Metagross|88/100|[from] Spikes
|move|p2a: Salamence|Brick Break|p1a: Metagross
|-damage|p1a: Metagross|72/100
|
|-weather|Sandstorm|[upkeep]
|-damage|p2a: Salamence|94/100|[from] Sandstorm
|-heal|p2a: Salamence|100/100|[from] item: Leftovers
|-heal|p1a: Metagross|78/100|[from] item: Leftovers
|upkeep
|turn|69
|inactive|HeyYa!_Forte has 270 seconds left.
|
|t:|1731367785
|switch|p2a: Skarmory|Skarmory, M|100/100
|move|p1a: Metagross|Protect||[still]
|-fail|p1a: Metagross
|
|-weather|Sandstorm|[upkeep]
|-heal|p1a: Metagross|84/100|[from] item: Leftovers
|upkeep
|turn|70
|
|t:|1731367793
|switch|p1a: Starmie|Starmie|25/100
|-damage|p1a: Starmie|12/100|[from] Spikes
|move|p2a: Skarmory|Drill Peck|p1a: Starmie
|-damage|p1a: Starmie|0 fnt
|faint|p1a: Starmie
|
|t:|1731367797
|switch|p1a: Celebi|Celebi|49/100
|-damage|p1a: Celebi|36/100|[from] Spikes
|
|-weather|Sandstorm|[upkeep]
|-damage|p1a: Celebi|30/100|[from] Sandstorm
|-heal|p1a: Celebi|36/100|[from] item: Leftovers
|upkeep
|turn|71
|
|t:|1731367802
|move|p1a: Celebi|Recover|p1a: Celebi
|-heal|p1a: Celebi|86/100
|move|p2a: Skarmory|Spikes|p1a: Celebi
|-sidestart|p1: HeyYa!_Forte|Spikes
|
|-weather|Sandstorm|[upkeep]
|-damage|p1a: Celebi|80/100|[from] Sandstorm
|-heal|p1a: Celebi|86/100|[from] item: Leftovers
|upkeep
|turn|72
|
|t:|1731367807
|move|p1a: Celebi|Leech Seed|p2a: Skarmory
|-start|p2a: Skarmory|move: Leech Seed
|move|p2a: Skarmory|Spikes|p1a: Celebi
|-sidestart|p1: HeyYa!_Forte|Spikes
|
|-weather|Sandstorm|[upkeep]
|-damage|p1a: Celebi|80/100|[from] Sandstorm
|-heal|p1a: Celebi|86/100|[from] item: Leftovers
|-damage|p2a: Skarmory|88/100|[from] Leech Seed|[of] p1a: Celebi
|-heal|p1a: Celebi|97/100|[silent]
|upkeep
|turn|73
|
|t:|1731367833
|switch|p2a: Salamence|Salamence, F|100/100
|-ability|p2a: Salamence|Intimidate|boost
|-unboost|p1a: Celebi|atk|1
|move|p1a: Celebi|Leech Seed|p2a: Salamence
|-start|p2a: Salamence|move: Leech Seed
|
|-weather|Sandstorm|[upkeep]
|-damage|p2a: Salamence|94/100|[from] Sandstorm
|-damage|p1a: Celebi|90/100|[from] Sandstorm
|-heal|p2a: Salamence|100/100|[from] item: Leftovers
|-damage|p2a: Salamence|88/100|[from] Leech Seed|[of] p1a: Celebi
|-heal|p1a: Celebi|100/100|[silent]
|upkeep
|turn|74
|
|t:|1731367849
|switch|p2a: Skarmory|Skarmory, M|88/100
|move|p1a: Celebi|Recover||[still]
|-fail|p1a: Celebi|heal
|
|-weather|Sandstorm|[upkeep]
|-damage|p1a: Celebi|94/100|[from] Sandstorm
|-heal|p1a: Celebi|100/100|[from] item: Leftovers
|-heal|p2a: Skarmory|94/100|[from] item: Leftovers
|upkeep
|turn|75
|
|t:|1731367860
|move|p1a: Celebi|Leech Seed|p2a: Skarmory
|-start|p2a: Skarmory|move: Leech Seed
|move|p2a: Skarmory|Taunt|p1a: Celebi
|-start|p1a: Celebi|move: Taunt
|
|-weather|Sandstorm|[upkeep]
|-damage|p1a: Celebi|94/100|[from] Sandstorm
|-heal|p1a: Celebi|100/100|[from] item: Leftovers
|-heal|p2a: Skarmory|99/100|[from] item: Leftovers
|-damage|p2a: Skarmory|88/100|[from] Leech Seed|[of] p1a: Celebi
|upkeep
|turn|76
|
|t:|1731367863
|switch|p2a: Salamence|Salamence, F|88/100
|-ability|p2a: Salamence|Intimidate|boost
|-unboost|p1a: Celebi|atk|1
|move|p1a: Celebi|Hidden Power|p2a: Salamence
|-resisted|p2a: Salamence
|-damage|p2a: Salamence|81/100
|
|-weather|Sandstorm|[upkeep]
|-damage|p2a: Salamence|75/100|[from] Sandstorm
|-damage|p1a: Celebi|94/100|[from] Sandstorm
|-heal|p2a: Salamence|81/100|[from] item: Leftovers
|-heal|p1a: Celebi|100/100|[from] item: Leftovers
|-end|p1a: Celebi|move: Taunt|[silent]
|upkeep
|turn|77
|
|t:|1731367867
|move|p2a: Salamence|Flamethrower|p1a: Celebi
|-supereffective|p1a: Celebi
|-damage|p1a: Celebi|51/100
|move|p1a: Celebi|Leech Seed|p2a: Salamence
|-start|p2a: Salamence|move: Leech Seed
|
|-weather|Sandstorm|[upkeep]
|-damage|p2a: Salamence|75/100|[from] Sandstorm
|-damage|p1a: Celebi|45/100|[from] Sandstorm
|-heal|p2a: Salamence|81/100|[from] item: Leftovers
|-damage|p2a: Salamence|68/100|[from] Leech Seed|[of] p1a: Celebi
|-heal|p1a: Celebi|55/100|[silent]
|-heal|p1a: Celebi|61/100|[from] item: Leftovers
|upkeep
|turn|78
|
|t:|1731367870
|switch|p2a: Skarmory|Skarmory, M|88/100
|move|p1a: Celebi|Recover|p1a: Celebi
|-heal|p1a: Celebi|100/100
|
|-weather|Sandstorm|[upkeep]
|-damage|p1a: Celebi|94/100|[from] Sandstorm
|-heal|p1a: Celebi|100/100|[from] item: Leftovers
|-heal|p2a: Skarmory|94/100|[from] item: Leftovers
|upkeep
|turn|79
|
|t:|1731367879
|switch|p1a: Skarmory|Skarmory, F|41/100
|switch|p2a: Zapdos|Zapdos|100/100 par
|
|-weather|Sandstorm|[upkeep]
|-damage|p2a: Zapdos|94/100 par|[from] Sandstorm
|-heal|p1a: Skarmory|47/100|[from] item: Leftovers
|-heal|p2a: Zapdos|100/100 par|[from] item: Leftovers
|upkeep
|turn|80
|
|t:|1731367890
|move|p1a: Skarmory|Drill Peck|p2a: Zapdos
|-resisted|p2a: Zapdos
|-damage|p2a: Zapdos|89/100 par
|move|p2a: Zapdos|Thunderbolt|p1a: Skarmory
|-supereffective|p1a: Skarmory
|-damage|p1a: Skarmory|0 fnt
|faint|p1a: Skarmory
|
|t:|1731367892
|switch|p1a: Blissey|Blissey, F|31/100
|-damage|p1a: Blissey|6/100|[from] Spikes
|
|-weather|Sandstorm|[upkeep]
|-damage|p1a: Blissey|0 fnt|[from] Sandstorm
|-damage|p2a: Zapdos|83/100 par|[from] Sandstorm
|faint|p1a: Blissey
|-heal|p2a: Zapdos|89/100 par|[from] item: Leftovers
|upkeep
|
|t:|1731367900
|switch|p1a: Celebi|Celebi|100/100
|-damage|p1a: Celebi|75/100|[from] Spikes
|turn|81
|
|t:|1731367910
|move|p1a: Celebi|Leech Seed|p2a: Zapdos
|-start|p2a: Zapdos|move: Leech Seed
|move|p2a: Zapdos|Toxic|p1a: Celebi
|-status|p1a: Celebi|tox
|
|-weather|Sandstorm|[upkeep]
|-damage|p1a: Celebi|69/100 tox|[from] Sandstorm
|-damage|p2a: Zapdos|83/100 par|[from] Sandstorm
|-heal|p1a: Celebi|75/100 tox|[from] item: Leftovers
|-damage|p1a: Celebi|69/100 tox|[from] psn
|-heal|p2a: Zapdos|89/100 par|[from] item: Leftovers
|-damage|p2a: Zapdos|76/100 par|[from] Leech Seed|[of] p1a: Celebi
|-heal|p1a: Celebi|81/100 tox|[silent]
|upkeep
|turn|82
|
|t:|1731367931
|switch|p2a: Skarmory|Skarmory, M|94/100
|move|p1a: Celebi|Hidden Power|p2a: Skarmory
|-resisted|p2a: Skarmory
|-damage|p2a: Skarmory|88/100
|
|-weather|Sandstorm|[upkeep]
|-damage|p1a: Celebi|75/100 tox|[from] Sandstorm
|-heal|p1a: Celebi|81/100 tox|[from] item: Leftovers
|-damage|p1a: Celebi|68/100 tox|[from] psn
|-heal|p2a: Skarmory|94/100|[from] item: Leftovers
|upkeep
|turn|83
|
|t:|1731367941
|-curestatus|p1a: Celebi|tox|[from] ability: Natural Cure
|switch|p1a: Metagross|Metagross|84/100
|-damage|p1a: Metagross|59/100|[from] Spikes
|switch|p2a: Salamence|Salamence, F|68/100
|-ability|p2a: Salamence|Intimidate|boost
|-fail|p1a: Metagross|unboost|[from] ability: Clear Body|[of] p1a: Metagross
|
|-weather|Sandstorm|[upkeep]
|-damage|p2a: Salamence|62/100|[from] Sandstorm
|-heal|p2a: Salamence|68/100|[from] item: Leftovers
|-heal|p1a: Metagross|65/100|[from] item: Leftovers
|upkeep
|turn|84
|
|t:|1731367948
|switch|p2a: Skarmory|Skarmory, M|94/100
|move|p1a: Metagross|Protect||[still]
|-fail|p1a: Metagross
|
|-weather|Sandstorm|[upkeep]
|-heal|p2a: Skarmory|99/100|[from] item: Leftovers
|-heal|p1a: Metagross|71/100|[from] item: Leftovers
|upkeep
|turn|85
|
|t:|1731367952
|move|p1a: Metagross|Protect|p1a: Metagross
|-singleturn|p1a: Metagross|Protect
|move|p2a: Skarmory|Roar|p1a: Metagross
|-activate|p1a: Metagross|Protect
|
|-weather|Sandstorm|[upkeep]
|-heal|p2a: Skarmory|100/100|[from] item: Leftovers
|-heal|p1a: Metagross|77/100|[from] item: Leftovers
|upkeep
|turn|86
|
|t:|1731367954
|move|p1a: Metagross|Meteor Mash|p2a: Skarmory
|-resisted|p2a: Skarmory
|-damage|p2a: Skarmory|80/100
|move|p2a: Skarmory|Roar|p1a: Metagross
|drag|p1a: Celebi|Celebi|68/100
|-damage|p1a: Celebi|43/100|[from] Spikes
|
|-weather|Sandstorm|[upkeep]
|-damage|p1a: Celebi|37/100|[from] Sandstorm
|-heal|p1a: Celebi|43/100|[from] item: Leftovers
|-heal|p2a: Skarmory|86/100|[from] item: Leftovers
|upkeep
|turn|87
|
|t:|1731367963
|switch|p2a: Zapdos|Zapdos|76/100 par
|move|p1a: Celebi|Leech Seed|p2a: Zapdos
|-start|p2a: Zapdos|move: Leech Seed
|
|-weather|Sandstorm|[upkeep]
|-damage|p1a: Celebi|37/100|[from] Sandstorm
|-damage|p2a: Zapdos|70/100 par|[from] Sandstorm
|-heal|p1a: Celebi|43/100|[from] item: Leftovers
|-heal|p2a: Zapdos|76/100 par|[from] item: Leftovers
|-damage|p2a: Zapdos|64/100 par|[from] Leech Seed|[of] p1a: Celebi
|-heal|p1a: Celebi|55/100|[silent]
|upkeep
|turn|88
|
|t:|1731367966
|switch|p2a: Skarmory|Skarmory, M|86/100
|move|p1a: Celebi|Recover|p1a: Celebi
|-heal|p1a: Celebi|100/100
|
|-weather|Sandstorm|[upkeep]
|-damage|p1a: Celebi|94/100|[from] Sandstorm
|-heal|p1a: Celebi|100/100|[from] item: Leftovers
|-heal|p2a: Skarmory|92/100|[from] item: Leftovers
|upkeep
|turn|89
|
|t:|1731367970
|switch|p2a: Zapdos|Zapdos|64/100 par
|move|p1a: Celebi|Hidden Power|p2a: Zapdos
|-resisted|p2a: Zapdos
|-damage|p2a: Zapdos|51/100 par
|
|-weather|Sandstorm|[upkeep]
|-damage|p1a: Celebi|94/100|[from] Sandstorm
|-damage|p2a: Zapdos|45/100 par|[from] Sandstorm
|-heal|p1a: Celebi|100/100|[from] item: Leftovers
|-heal|p2a: Zapdos|51/100 par|[from] item: Leftovers
|upkeep
|turn|90
|
|t:|1731367975
|move|p1a: Celebi|Hidden Power|p2a: Zapdos
|-resisted|p2a: Zapdos
|-damage|p2a: Zapdos|38/100 par
|move|p2a: Zapdos|Toxic|p1a: Celebi
|-status|p1a: Celebi|tox
|
|-weather|Sandstorm|[upkeep]
|-damage|p1a: Celebi|94/100 tox|[from] Sandstorm
|-damage|p2a: Zapdos|32/100 par|[from] Sandstorm
|-heal|p1a: Celebi|100/100 tox|[from] item: Leftovers
|-damage|p1a: Celebi|94/100 tox|[from] psn
|-heal|p2a: Zapdos|38/100 par|[from] item: Leftovers
|upkeep
|turn|91
|
|t:|1731367981
|move|p1a: Celebi|Hidden Power|p2a: Zapdos
|-resisted|p2a: Zapdos
|-damage|p2a: Zapdos|25/100 par
|move|p2a: Zapdos|Thunderbolt|p1a: Celebi
|-resisted|p1a: Celebi
|-damage|p1a: Celebi|75/100 tox
|
|-weather|Sandstorm|[upkeep]
|-damage|p1a: Celebi|69/100 tox|[from] Sandstorm
|-damage|p2a: Zapdos|19/100 par|[from] Sandstorm
|-heal|p1a: Celebi|75/100 tox|[from] item: Leftovers
|-damage|p1a: Celebi|63/100 tox|[from] psn
|-heal|p2a: Zapdos|25/100 par|[from] item: Leftovers
|upkeep
|turn|92
|
|t:|1731367989
|switch|p2a: Salamence|Salamence, F|68/100
|-ability|p2a: Salamence|Intimidate|boost
|-unboost|p1a: Celebi|atk|1
|move|p1a: Celebi|Leech Seed|p2a: Salamence
|-start|p2a: Salamence|move: Leech Seed
|
|-weather|Sandstorm|[upkeep]
|-damage|p2a: Salamence|62/100|[from] Sandstorm
|-damage|p1a: Celebi|56/100 tox|[from] Sandstorm
|-heal|p2a: Salamence|68/100|[from] item: Leftovers
|-damage|p2a: Salamence|56/100|[from] Leech Seed|[of] p1a: Celebi
|-heal|p1a: Celebi|67/100 tox|[silent]
|-heal|p1a: Celebi|73/100 tox|[from] item: Leftovers
|-damage|p1a: Celebi|54/100 tox|[from] psn
|upkeep
|turn|93
|
|t:|1731368016
|switch|p2a: Skarmory|Skarmory, M|92/100
|move|p1a: Celebi|Recover|p1a: Celebi
|-heal|p1a: Celebi|100/100 tox
|
|-weather|Sandstorm|[upkeep]
|-damage|p1a: Celebi|94/100 tox|[from] Sandstorm
|-heal|p1a: Celebi|100/100 tox|[from] item: Leftovers
|-damage|p1a: Celebi|76/100 tox|[from] psn
|-heal|p2a: Skarmory|98/100|[from] item: Leftovers
|upkeep
|turn|94
|
|t:|1731368025
|-curestatus|p1a: Celebi|tox|[from] ability: Natural Cure
|switch|p1a: Metagross|Metagross|77/100
|-damage|p1a: Metagross|52/100|[from] Spikes
|move|p2a: Skarmory|Drill Peck|p1a: Metagross
|-resisted|p1a: Metagross
|-damage|p1a: Metagross|45/100
|
|-weather|Sandstorm|[upkeep]
|-heal|p2a: Skarmory|100/100|[from] item: Leftovers
|-heal|p1a: Metagross|51/100|[from] item: Leftovers
|upkeep
|turn|95
|
|t:|1731368035
|move|p1a: Metagross|Meteor Mash|p2a: Skarmory|[miss]
|-miss|p1a: Metagross|p2a: Skarmory
|move|p2a: Skarmory|Roar|p1a: Metagross
|drag|p1a: Celebi|Celebi|76/100
|-damage|p1a: Celebi|51/100|[from] Spikes
|
|-weather|Sandstorm|[upkeep]
|-damage|p1a: Celebi|45/100|[from] Sandstorm
|-heal|p1a: Celebi|51/100|[from] item: Leftovers
|upkeep
|turn|96
|
|t:|1731368040
|move|p1a: Celebi|Leech Seed|p2a: Skarmory
|-start|p2a: Skarmory|move: Leech Seed
|move|p2a: Skarmory|Roar|p1a: Celebi
|drag|p1a: Metagross|Metagross|51/100
|-damage|p1a: Metagross|26/100|[from] Spikes
|
|-weather|Sandstorm|[upkeep]
|-damage|p2a: Skarmory|88/100|[from] Leech Seed|[of] p1a: Metagross
|-heal|p1a: Metagross|37/100|[silent]
|-heal|p1a: Metagross|43/100|[from] item: Leftovers
|upkeep
|turn|97
|
|t:|1731368046
|switch|p2a: Swampert|Swampert, M|25/100 tox
|-damage|p2a: Swampert|0 fnt|[from] Spikes
|faint|p2a: Swampert
|
|t:|1731368048
|switch|p2a: Salamence|Salamence, F|56/100
|-ability|p2a: Salamence|Intimidate|boost
|-fail|p1a: Metagross|unboost|[from] ability: Clear Body|[of] p1a: Metagross
|
|-weather|Sandstorm|[upkeep]
|-damage|p2a: Salamence|50/100|[from] Sandstorm
|-heal|p2a: Salamence|56/100|[from] item: Leftovers
|-heal|p1a: Metagross|49/100|[from] item: Leftovers
|upkeep
|turn|98
|
|t:|1731368051
|move|p1a: Metagross|Protect|p1a: Metagross
|-singleturn|p1a: Metagross|Protect
|move|p2a: Salamence|Flamethrower|p1a: Metagross
|-activate|p1a: Metagross|Protect
|
|-weather|Sandstorm|[upkeep]
|-damage|p2a: Salamence|50/100|[from] Sandstorm
|-heal|p2a: Salamence|56/100|[from] item: Leftovers
|-heal|p1a: Metagross|55/100|[from] item: Leftovers
|upkeep
|turn|99
|
|t:|1731368060
|move|p2a: Salamence|Flamethrower|p1a: Metagross
|-supereffective|p1a: Metagross
|-damage|p1a: Metagross|0 fnt
|faint|p1a: Metagross
|
|t:|1731368062
|switch|p1a: Celebi|Celebi|51/100
|-damage|p1a: Celebi|26/100|[from] Spikes
|
|-weather|Sandstorm|[upkeep]
|-damage|p2a: Salamence|50/100|[from] Sandstorm
|-damage|p1a: Celebi|20/100|[from] Sandstorm
|-heal|p2a: Salamence|56/100|[from] item: Leftovers
|-heal|p1a: Celebi|26/100|[from] item: Leftovers
|upkeep
|turn|100
|
|t:|1731368065
|move|p2a: Salamence|Flamethrower|p1a: Celebi
|-supereffective|p1a: Celebi
|-damage|p1a: Celebi|0 fnt
|faint|p1a: Celebi
|
|win|xGangg
|c|☆HeyYa!_Forte|gg
|c|☆xGangg|gg

</script>
<script type="application/json" class="data" id="replaydata-smogtours-gen3ou-806054">
{"id":"smogtours-gen3ou-806054","format":"[Gen 3] OU","players":["HeyYa!_Forte","xGangg"],"uploadtime":1731368065,"views":5,"formatid":"gen3ou","rating":null,"private":0,"password":null}
</script>

<script defer src="js/replays.js?9d40a366"></script>
