<!DOCTYPE html>
<meta charset="utf-8" />
<meta name="viewport" content="width=device-width" />

<title>[Gen 3] OU: big will 2024 vs. BCLLCB - Replays - Pok&eacute;mon Showdown!</title>

<meta name="description" content="Watch a replay of a Pok&eacute;mon battle between big will 2024 and BCLLCB! Format: [Gen 3] OU; Date: Oct 9, 2024" />
<!--

Hey, you! Looking in the source for the replay log?

You can find them in JSON format, just add `.json` at the end of a replay URL.

https://replay.pokemonshowdown.com/gen7randomdoublesbattle-865046831.json

Or, if you only need the log itself, add `.log` instead:

https://replay.pokemonshowdown.com/gen7randomdoublesbattle-865046831.log

-->

<link rel="stylesheet" href="//pokemonshowdown.com/style/global.css?0.023195364461161105" />
<link rel="stylesheet" href="//play.pokemonshowdown.com/style/font-awesome.css?0.13261647063804238" />
<link rel="stylesheet" href="//play.pokemonshowdown.com/style/battle.css?0.8753245789963631" />
<link rel="stylesheet" href="//play.pokemonshowdown.com/style/utilichart.css?0.8627959624976733" />

<!-- Global site tag (gtag.js) - Google Analytics -->
<script async src="https://www.googletagmanager.com/gtag/js?id=UA-26211653-1"></script>
<script>
  window.dataLayer = window.dataLayer || [];
  function gtag(){dataLayer.push(arguments);}
  gtag('js', new Date());

  gtag('config', 'UA-26211653-1');
</script>
<!-- End Google Analytics -->
<!-- Venatus Ad Manager - Install in <HEAD> of page -->
	<script src="https://hb.vntsm.com/v3/live/ad-manager.min.js" type="text/javascript" data-site-id="642aba63ec9a7b11c3c9c1be" data-mode="scan" async></script>
<!-- / Venatus Ad Manager -->

<style>
	@media (max-width:820px) {
		.battle {
			margin: 0 auto;
		}
		.battle-log {
			margin: 7px auto 0;
			max-width: 640px;
			height: 300px;
			position: static;
		}
	}
	.optgroup {
		display: inline-block;
		line-height: 22px;
		font-size: 10pt;
	}
	.optgroup .button {
		height: 25px;
		padding-top: 0;
		padding-bottom: 0;
	}
	.optgroup button.button {
		padding-left: 12px;
		padding-right: 12px;
	}
	.linklist {
		list-style: none;
		margin: 0.5em 0;
		padding: 0;
	}
	.linklist li {
		padding: 2px 0;
	}
	.sidebar {
		float: left;
		width: 320px;
	}
	.bar-wrapper {
		max-width: 1100px;
		margin: 0 auto;
	}
	.bar-wrapper.has-sidebar {
		max-width: 1430px;
	}
	.mainbar {
		margin: 0;
		padding-right: 1px;
	}
	.mainbar.has-sidebar {
		margin-left: 330px;
	}
	@media (min-width: 1511px) {
		.sidebar {
			width: 400px;
		}
		.bar-wrapper.has-sidebar {
			max-width: 1510px;
		}
		.mainbar.has-sidebar {
			margin-left: 410px;
		}
	}
	.section.first-section {
		margin-top: 9px;
	}
	.blocklink small {
		white-space: normal;
	}
	.button {
		vertical-align: middle;
	}
	.replay-controls {
		padding-top: 10px;
	}
	.replay-controls h1 {
		font-size: 16pt;
		font-weight: normal;
		color: #CCC;
	}
	.pagelink {
		text-align: center;
	}
	.pagelink a {
		width: 150px;
	}
	.textbox, .button {
		font-size: 11pt;
		vertical-align: middle;
	}
	@media (max-width: 450px) {
		.button {
			font-size: 9pt;
		}
	}
</style>

<div>

	<header>
		<div class="nav-wrapper"><ul class="nav">
			<li><a class="button nav-first" href="//pokemonshowdown.com/"><img src="//pokemonshowdown.com/images/pokemonshowdownbeta.png" srcset="//pokemonshowdown.com/images/pokemonshowdownbeta.png 1x, //pokemonshowdown.com/images/pokemonshowdownbeta@2x.png 2x" alt="Pok&eacute;mon Showdown" width="146" height="44" /> Home</a></li>
			<li><a class="button" href="//pokemonshowdown.com/dex/">Pok&eacute;dex</a></li>
			<li><a class="button cur" href="/">Replays</a></li>
			<li><a class="button" href="//pokemonshowdown.com/ladder/">Ladder</a></li>
			<li><a class="button nav-last" href="//pokemonshowdown.com/forums/">Forum</a></li>
			<li><a class="button greenbutton nav-first nav-last" href="//play.pokemonshowdown.com/">Play</a></li>
		</ul></div>
	</header>

	<div class="main" id="main">

		<noscript><section class="section">You need to enable JavaScript to use this page; sorry!</section></noscript>

	</div>

</div>

<script defer nomodule src="//play.pokemonshowdown.com/js/lib/ps-polyfill.js"></script>
<script defer src="//play.pokemonshowdown.com/js/lib/preact.min.js"></script>

<script defer src="//play.pokemonshowdown.com/config/config.js?2bddbc15"></script>
<script defer src="//play.pokemonshowdown.com/js/lib/jquery-1.11.0.min.js"></script>
<script defer src="//play.pokemonshowdown.com/js/lib/html-sanitizer-minified.js"></script>
<script defer src="//play.pokemonshowdown.com/js/battle-sound.js"></script>
<script defer src="//play.pokemonshowdown.com/js/battledata.js?0.7209276989879541"></script>
<script defer src="//play.pokemonshowdown.com/data/pokedex-mini.js?0.6111056340867951"></script>
<script defer src="//play.pokemonshowdown.com/data/pokedex-mini-bw.js?0.3532142036491459"></script>
<script defer src="//play.pokemonshowdown.com/data/graphics.js?0.24223875632456182"></script>
<script defer src="//play.pokemonshowdown.com/data/pokedex.js?0.38839984266356864"></script>
<script defer src="//play.pokemonshowdown.com/data/moves.js?0.21866028504024015"></script>
<script defer src="//play.pokemonshowdown.com/data/abilities.js?0.2005157953846628"></script>
<script defer src="//play.pokemonshowdown.com/data/items.js?0.9894211263848525"></script>
<script defer src="//play.pokemonshowdown.com/data/teambuilder-tables.js?0.6008791140282215"></script>
<script defer src="//play.pokemonshowdown.com/js/battle-tooltips.js?0.7580118955022959"></script>
<script defer src="//play.pokemonshowdown.com/js/battle.js?0.6057722274234274"></script>

<script defer src="js/utils.js?e31f9a17"></script>
<script defer src="js/replays-battle.js?7008c182"></script>

<!-- don't scrape this data! just add .json or .log after the URL!
Full API docs: https://github.com/smogon/pokemon-showdown-client/blob/master/WEB-API.md -->
<script type="text/plain" class="log" id="replaylog-smogtours-gen3ou-796671">
|inactive|Battle timer is ON: inactive players will automatically lose when time's up.
|t:|1728494077
|gametype|singles
|player|p1|big will 2024|morty-gen2|
|player|p2|BCLLCB|266|
|teamsize|p1|6
|teamsize|p2|6
|gen|3
|tier|[Gen 3] OU
|rule|Sleep Clause Mod: Limit one foe put to sleep
|rule|Switch Priority Clause Mod: Faster Pokémon switch first
|rule|Species Clause: Limit one of each Pokémon
|rule|OHKO Clause: OHKO moves are banned
|rule|Evasion Items Clause: Evasion items are banned
|rule|Evasion Moves Clause: Evasion moves are banned
|rule|Endless Battle Clause: Forcing endless battles is banned
|rule|HP Percentage Mod: HP is shown in percentages
|rule|One Boost Passer Clause: Limit one Baton Passer that has a way to boost its stats
|rule|Freeze Clause Mod: Limit one foe frozen
|
|t:|1728494077
|start
|switch|p1a: set it off|Tyranitar, M|100/100
|switch|p2a: Zapdos|Zapdos|100/100
|-weather|Sandstorm|[from] ability: Sand Stream|[of] p1a: set it off
|turn|1
|inactive|big will 2024 also wants the timer to be on.
|
|t:|1728494083
|move|p2a: Zapdos|Baton Pass|p2a: Zapdos
|c|☆big will 2024|hf
|
|t:|1728494086
|switch|p2a: Dugtrio|Dugtrio, M|100/100|[from] Baton Pass
|move|p1a: set it off|Rock Slide|p2a: Dugtrio
|-resisted|p2a: Dugtrio
|-damage|p2a: Dugtrio|53/100
|
|-weather|Sandstorm|[upkeep]
|upkeep
|turn|2
|
|t:|1728494089
|move|p2a: Dugtrio|Earthquake|p1a: set it off
|-supereffective|p1a: set it off
|-damage|p1a: set it off|18/100
|move|p1a: set it off|Earthquake|p2a: Dugtrio
|-damage|p2a: Dugtrio|0 fnt
|faint|p2a: Dugtrio
|
|t:|1728494098
|switch|p2a: Zapdos|Zapdos|100/100
|
|-weather|Sandstorm|[upkeep]
|-damage|p2a: Zapdos|94/100|[from] Sandstorm
|-heal|p2a: Zapdos|100/100|[from] item: Leftovers
|-heal|p1a: set it off|24/100|[from] item: Leftovers
|upkeep
|turn|3
|
|t:|1728494102
|switch|p1a: just forget|Blissey, F|100/100
|move|p2a: Zapdos|Substitute|p2a: Zapdos
|-start|p2a: Zapdos|Substitute
|-damage|p2a: Zapdos|76/100
|
|-weather|Sandstorm|[upkeep]
|-damage|p2a: Zapdos|69/100|[from] Sandstorm
|-damage|p1a: just forget|94/100|[from] Sandstorm
|-heal|p2a: Zapdos|76/100|[from] item: Leftovers
|-heal|p1a: just forget|100/100|[from] item: Leftovers
|upkeep
|turn|4
|
|t:|1728494105
|move|p2a: Zapdos|Baton Pass|p2a: Zapdos
|
|t:|1728494110
|switch|p2a: Kingdra|Kingdra, M|100/100|[from] Baton Pass
|move|p1a: just forget|Ice Beam|p2a: Kingdra
|-crit|p2a: Kingdra
|-end|p2a: Kingdra|Substitute
|
|-weather|Sandstorm|[upkeep]
|-damage|p2a: Kingdra|95/100|[from] Sandstorm
|-damage|p1a: just forget|94/100|[from] Sandstorm
|-heal|p1a: just forget|100/100|[from] item: Leftovers
|upkeep
|turn|5
|
|t:|1728494113
|move|p2a: Kingdra|Rain Dance|p2a: Kingdra
|-weather|RainDance
|move|p1a: just forget|Ice Beam|p2a: Kingdra
|-damage|p2a: Kingdra|69/100
|-status|p2a: Kingdra|frz
|-enditem|p2a: Kingdra|Lum Berry|[eat]
|-curestatus|p2a: Kingdra|frz|[msg]
|
|-weather|RainDance|[upkeep]
|upkeep
|turn|6
|
|t:|1728494120
|switch|p2a: Suicune|Suicune|100/100
|move|p1a: just forget|Seismic Toss|p2a: Suicune
|-damage|p2a: Suicune|76/100
|
|-weather|RainDance|[upkeep]
|-heal|p2a: Suicune|82/100|[from] item: Leftovers
|upkeep
|turn|7
|
|t:|1728494124
|switch|p1a: sanctuary ship|Skarmory, M|100/100
|move|p2a: Suicune|Calm Mind|p2a: Suicune
|-boost|p2a: Suicune|spa|1
|-boost|p2a: Suicune|spd|1
|
|-weather|RainDance|[upkeep]
|-heal|p2a: Suicune|88/100|[from] item: Leftovers
|upkeep
|turn|8
|
|t:|1728494128
|move|p2a: Suicune|Surf|p1a: sanctuary ship
|-damage|p1a: sanctuary ship|10/100
|move|p1a: sanctuary ship|Roar|p2a: Suicune
|drag|p2a: Gengar|Gengar, M|100/100
|
|-weather|RainDance|[upkeep]
|-heal|p1a: sanctuary ship|16/100|[from] item: Leftovers
|upkeep
|turn|9
|
|t:|1728494135
|switch|p1a: just forget|Blissey, F|100/100
|move|p2a: Gengar|Explosion|p1a: just forget
|-damage|p1a: just forget|23/100
|faint|p2a: Gengar
|
|t:|1728494142
|switch|p2a: Suicune|Suicune|88/100
|
|-weather|none
|-heal|p2a: Suicune|94/100|[from] item: Leftovers
|-heal|p1a: just forget|29/100|[from] item: Leftovers
|upkeep
|turn|10
|
|t:|1728494146
|move|p2a: Suicune|Calm Mind|p2a: Suicune
|-boost|p2a: Suicune|spa|1
|-boost|p2a: Suicune|spd|1
|move|p1a: just forget|Soft-Boiled|p1a: just forget
|-heal|p1a: just forget|79/100
|
|-heal|p2a: Suicune|100/100|[from] item: Leftovers
|-heal|p1a: just forget|85/100|[from] item: Leftovers
|upkeep
|turn|11
|
|t:|1728494151
|move|p2a: Suicune|Calm Mind|p2a: Suicune
|-boost|p2a: Suicune|spa|1
|-boost|p2a: Suicune|spd|1
|move|p1a: just forget|Seismic Toss|p2a: Suicune
|-damage|p2a: Suicune|76/100
|
|-heal|p2a: Suicune|82/100|[from] item: Leftovers
|-heal|p1a: just forget|91/100|[from] item: Leftovers
|upkeep
|turn|12
|
|t:|1728494154
|move|p2a: Suicune|Surf|p1a: just forget
|-damage|p1a: just forget|55/100
|move|p1a: just forget|Seismic Toss|p2a: Suicune
|-damage|p2a: Suicune|57/100
|
|-heal|p2a: Suicune|63/100|[from] item: Leftovers
|-heal|p1a: just forget|61/100|[from] item: Leftovers
|upkeep
|turn|13
|
|t:|1728494158
|move|p2a: Suicune|Calm Mind|p2a: Suicune
|-boost|p2a: Suicune|spa|1
|-boost|p2a: Suicune|spd|1
|move|p1a: just forget|Soft-Boiled|p1a: just forget
|-heal|p1a: just forget|100/100
|
|-heal|p2a: Suicune|69/100|[from] item: Leftovers
|upkeep
|turn|14
|
|t:|1728494161
|move|p2a: Suicune|Surf|p1a: just forget
|-damage|p1a: just forget|61/100
|move|p1a: just forget|Seismic Toss|p2a: Suicune
|-damage|p2a: Suicune|44/100
|
|-heal|p2a: Suicune|51/100|[from] item: Leftovers
|-heal|p1a: just forget|68/100|[from] item: Leftovers
|upkeep
|turn|15
|
|t:|1728494165
|move|p2a: Suicune|Calm Mind|p2a: Suicune
|-boost|p2a: Suicune|spa|1
|-boost|p2a: Suicune|spd|1
|move|p1a: just forget|Seismic Toss|p2a: Suicune
|-damage|p2a: Suicune|26/100
|
|-heal|p2a: Suicune|32/100|[from] item: Leftovers
|-heal|p1a: just forget|74/100|[from] item: Leftovers
|upkeep
|turn|16
|
|t:|1728494171
|move|p2a: Suicune|Rest|p2a: Suicune
|-status|p2a: Suicune|slp|[from] move: Rest
|-heal|p2a: Suicune|100/100 slp|[silent]
|move|p1a: just forget|Seismic Toss|p2a: Suicune
|-damage|p2a: Suicune|76/100 slp
|
|-heal|p2a: Suicune|82/100 slp|[from] item: Leftovers
|-heal|p1a: just forget|80/100|[from] item: Leftovers
|upkeep
|turn|17
|
|t:|1728494175
|cant|p2a: Suicune|slp
|move|p2a: Suicune|Sleep Talk|p2a: Suicune
|move|p2a: Suicune|Surf|p1a: just forget|[from]Sleep Talk
|-damage|p1a: just forget|31/100
|move|p1a: just forget|Seismic Toss|p2a: Suicune
|-damage|p2a: Suicune|57/100 slp
|
|-heal|p2a: Suicune|63/100 slp|[from] item: Leftovers
|-heal|p1a: just forget|37/100|[from] item: Leftovers
|upkeep
|turn|18
|
|t:|1728494186
|cant|p2a: Suicune|slp
|move|p2a: Suicune|Sleep Talk|p2a: Suicune
|move|p2a: Suicune|Surf|p1a: just forget|[from]Sleep Talk
|-damage|p1a: just forget|0 fnt
|faint|p1a: just forget
|
|t:|1728494187
|switch|p1a: set it off|Tyranitar, M|24/100
|-weather|Sandstorm|[from] ability: Sand Stream|[of] p1a: set it off
|
|-weather|Sandstorm|[upkeep]
|-damage|p2a: Suicune|57/100 slp|[from] Sandstorm
|-heal|p1a: set it off|30/100|[from] item: Leftovers
|-heal|p2a: Suicune|63/100 slp|[from] item: Leftovers
|upkeep
|turn|19
|
|t:|1728494196
|switch|p1a: sanctuary ship|Skarmory, M|16/100
|-curestatus|p2a: Suicune|slp|[msg]
|move|p2a: Suicune|Surf|p1a: sanctuary ship
|-damage|p1a: sanctuary ship|0 fnt
|faint|p1a: sanctuary ship
|
|t:|1728494198
|switch|p1a: night out|Gengar, F|100/100
|
|-weather|Sandstorm|[upkeep]
|-damage|p1a: night out|95/100|[from] Sandstorm
|-damage|p2a: Suicune|57/100|[from] Sandstorm
|-heal|p1a: night out|100/100|[from] item: Leftovers
|-heal|p2a: Suicune|63/100|[from] item: Leftovers
|upkeep
|turn|20
|
|t:|1728494201
|move|p1a: night out|Will-O-Wisp|p2a: Suicune
|-status|p2a: Suicune|brn
|move|p2a: Suicune|Surf|p1a: night out
|-damage|p1a: night out|0 fnt
|faint|p1a: night out
|
|t:|1728494213
|switch|p1a: who's theme|Swampert, F|100/100
|
|-weather|Sandstorm|[upkeep]
|-damage|p2a: Suicune|57/100 brn|[from] Sandstorm
|-heal|p2a: Suicune|63/100 brn|[from] item: Leftovers
|-damage|p2a: Suicune|51/100 brn|[from] brn
|upkeep
|turn|21
|
|t:|1728494216
|move|p2a: Suicune|Surf|p1a: who's theme
|-crit|p1a: who's theme
|-damage|p1a: who's theme|0 fnt
|faint|p1a: who's theme
|
|t:|1728494220
|switch|p1a: tsurugi no mai|Moltres|100/100
|
|-weather|Sandstorm|[upkeep]
|-damage|p1a: tsurugi no mai|94/100|[from] Sandstorm
|-damage|p2a: Suicune|44/100 brn|[from] Sandstorm
|-heal|p1a: tsurugi no mai|100/100|[from] item: Leftovers
|-heal|p2a: Suicune|51/100 brn|[from] item: Leftovers
|-damage|p2a: Suicune|38/100 brn|[from] brn
|upkeep
|turn|22
|
|t:|1728494224
|move|p1a: tsurugi no mai|Hidden Power|p2a: Suicune
|-supereffective|p2a: Suicune
|-damage|p2a: Suicune|24/100 brn
|move|p2a: Suicune|Surf|p1a: tsurugi no mai
|-supereffective|p1a: tsurugi no mai
|-damage|p1a: tsurugi no mai|0 fnt
|faint|p1a: tsurugi no mai
|
|t:|1728494227
|switch|p1a: set it off|Tyranitar, M|30/100
|
|-weather|Sandstorm|[upkeep]
|-damage|p2a: Suicune|18/100 brn|[from] Sandstorm
|-heal|p1a: set it off|36/100|[from] item: Leftovers
|-heal|p2a: Suicune|24/100 brn|[from] item: Leftovers
|-damage|p2a: Suicune|12/100 brn|[from] brn
|upkeep
|turn|23
|
|t:|1728494230
|move|p1a: set it off|Earthquake|p2a: Suicune
|-damage|p2a: Suicune|0 fnt
|faint|p2a: Suicune
|
|t:|1728494235
|switch|p2a: Zapdos|Zapdos|76/100
|
|-weather|Sandstorm|[upkeep]
|-damage|p2a: Zapdos|69/100|[from] Sandstorm
|-heal|p2a: Zapdos|76/100|[from] item: Leftovers
|-heal|p1a: set it off|43/100|[from] item: Leftovers
|upkeep
|turn|24
|
|t:|1728494239
|move|p2a: Zapdos|Thunderbolt|p1a: set it off
|-damage|p1a: set it off|0 fnt
|faint|p1a: set it off
|
|win|BCLLCB
|c|☆BCLLCB|gg
|c|☆big will 2024|gg

</script>
<script type="application/json" class="data" id="replaydata-smogtours-gen3ou-796671">
{"id":"smogtours-gen3ou-796671","format":"[Gen 3] OU","players":["big will 2024","BCLLCB"],"uploadtime":1728494239,"views":197,"formatid":"gen3ou","rating":null,"private":0,"password":null}
</script>

<script defer src="js/replays.js?9d40a366"></script>
