<!DOCTYPE html>
<meta charset="utf-8" />
<meta name="viewport" content="width=device-width" />

<title>[Gen 3] OU: themessiah1 vs. Scurrying Snail - Replays - Pok&eacute;mon Showdown!</title>

<meta name="description" content="Watch a replay of a Pok&eacute;mon battle between themessiah1 and Scurrying Snail! Format: [Gen 3] OU; Date: Oct 9, 2024" />
<!--

Hey, you! Looking in the source for the replay log?

You can find them in JSON format, just add `.json` at the end of a replay URL.

https://replay.pokemonshowdown.com/gen7randomdoublesbattle-865046831.json

Or, if you only need the log itself, add `.log` instead:

https://replay.pokemonshowdown.com/gen7randomdoublesbattle-865046831.log

-->

<link rel="stylesheet" href="//pokemonshowdown.com/style/global.css?0.023195364461161105" />
<link rel="stylesheet" href="//play.pokemonshowdown.com/style/font-awesome.css?0.13261647063804238" />
<link rel="stylesheet" href="//play.pokemonshowdown.com/style/battle.css?0.8753245789963631" />
<link rel="stylesheet" href="//play.pokemonshowdown.com/style/utilichart.css?0.8627959624976733" />

<!-- Global site tag (gtag.js) - Google Analytics -->
<script async src="https://www.googletagmanager.com/gtag/js?id=UA-26211653-1"></script>
<script>
  window.dataLayer = window.dataLayer || [];
  function gtag(){dataLayer.push(arguments);}
  gtag('js', new Date());

  gtag('config', 'UA-26211653-1');
</script>
<!-- End Google Analytics -->
<!-- Venatus Ad Manager - Install in <HEAD> of page -->
	<script src="https://hb.vntsm.com/v3/live/ad-manager.min.js" type="text/javascript" data-site-id="642aba63ec9a7b11c3c9c1be" data-mode="scan" async></script>
<!-- / Venatus Ad Manager -->

<style>
	@media (max-width:820px) {
		.battle {
			margin: 0 auto;
		}
		.battle-log {
			margin: 7px auto 0;
			max-width: 640px;
			height: 300px;
			position: static;
		}
	}
	.optgroup {
		display: inline-block;
		line-height: 22px;
		font-size: 10pt;
	}
	.optgroup .button {
		height: 25px;
		padding-top: 0;
		padding-bottom: 0;
	}
	.optgroup button.button {
		padding-left: 12px;
		padding-right: 12px;
	}
	.linklist {
		list-style: none;
		margin: 0.5em 0;
		padding: 0;
	}
	.linklist li {
		padding: 2px 0;
	}
	.sidebar {
		float: left;
		width: 320px;
	}
	.bar-wrapper {
		max-width: 1100px;
		margin: 0 auto;
	}
	.bar-wrapper.has-sidebar {
		max-width: 1430px;
	}
	.mainbar {
		margin: 0;
		padding-right: 1px;
	}
	.mainbar.has-sidebar {
		margin-left: 330px;
	}
	@media (min-width: 1511px) {
		.sidebar {
			width: 400px;
		}
		.bar-wrapper.has-sidebar {
			max-width: 1510px;
		}
		.mainbar.has-sidebar {
			margin-left: 410px;
		}
	}
	.section.first-section {
		margin-top: 9px;
	}
	.blocklink small {
		white-space: normal;
	}
	.button {
		vertical-align: middle;
	}
	.replay-controls {
		padding-top: 10px;
	}
	.replay-controls h1 {
		font-size: 16pt;
		font-weight: normal;
		color: #CCC;
	}
	.pagelink {
		text-align: center;
	}
	.pagelink a {
		width: 150px;
	}
	.textbox, .button {
		font-size: 11pt;
		vertical-align: middle;
	}
	@media (max-width: 450px) {
		.button {
			font-size: 9pt;
		}
	}
</style>

<div>

	<header>
		<div class="nav-wrapper"><ul class="nav">
			<li><a class="button nav-first" href="//pokemonshowdown.com/"><img src="//pokemonshowdown.com/images/pokemonshowdownbeta.png" srcset="//pokemonshowdown.com/images/pokemonshowdownbeta.png 1x, //pokemonshowdown.com/images/pokemonshowdownbeta@2x.png 2x" alt="Pok&eacute;mon Showdown" width="146" height="44" /> Home</a></li>
			<li><a class="button" href="//pokemonshowdown.com/dex/">Pok&eacute;dex</a></li>
			<li><a class="button cur" href="/">Replays</a></li>
			<li><a class="button" href="//pokemonshowdown.com/ladder/">Ladder</a></li>
			<li><a class="button nav-last" href="//pokemonshowdown.com/forums/">Forum</a></li>
			<li><a class="button greenbutton nav-first nav-last" href="//play.pokemonshowdown.com/">Play</a></li>
		</ul></div>
	</header>

	<div class="main" id="main">

		<noscript><section class="section">You need to enable JavaScript to use this page; sorry!</section></noscript>

	</div>

</div>

<script defer nomodule src="//play.pokemonshowdown.com/js/lib/ps-polyfill.js"></script>
<script defer src="//play.pokemonshowdown.com/js/lib/preact.min.js"></script>

<script defer src="//play.pokemonshowdown.com/config/config.js?2bddbc15"></script>
<script defer src="//play.pokemonshowdown.com/js/lib/jquery-1.11.0.min.js"></script>
<script defer src="//play.pokemonshowdown.com/js/lib/html-sanitizer-minified.js"></script>
<script defer src="//play.pokemonshowdown.com/js/battle-sound.js"></script>
<script defer src="//play.pokemonshowdown.com/js/battledata.js?0.7209276989879541"></script>
<script defer src="//play.pokemonshowdown.com/data/pokedex-mini.js?0.6111056340867951"></script>
<script defer src="//play.pokemonshowdown.com/data/pokedex-mini-bw.js?0.3532142036491459"></script>
<script defer src="//play.pokemonshowdown.com/data/graphics.js?0.24223875632456182"></script>
<script defer src="//play.pokemonshowdown.com/data/pokedex.js?0.38839984266356864"></script>
<script defer src="//play.pokemonshowdown.com/data/moves.js?0.21866028504024015"></script>
<script defer src="//play.pokemonshowdown.com/data/abilities.js?0.2005157953846628"></script>
<script defer src="//play.pokemonshowdown.com/data/items.js?0.9894211263848525"></script>
<script defer src="//play.pokemonshowdown.com/data/teambuilder-tables.js?0.6008791140282215"></script>
<script defer src="//play.pokemonshowdown.com/js/battle-tooltips.js?0.7580118955022959"></script>
<script defer src="//play.pokemonshowdown.com/js/battle.js?0.6057722274234274"></script>

<script defer src="js/utils.js?e31f9a17"></script>
<script defer src="js/replays-battle.js?7008c182"></script>

<!-- don't scrape this data! just add .json or .log after the URL!
Full API docs: https://github.com/smogon/pokemon-showdown-client/blob/master/WEB-API.md -->
<script type="text/plain" class="log" id="replaylog-smogtours-gen3ou-796644">
|inactive|Battle timer is ON: inactive players will automatically lose when time's up.
|t:|1728490234
|gametype|singles
|player|p1|themessiah1|170|
|player|p2|Scurrying Snail|102|
|teamsize|p1|6
|teamsize|p2|6
|gen|3
|tier|[Gen 3] OU
|rule|Sleep Clause Mod: Limit one foe put to sleep
|rule|Switch Priority Clause Mod: Faster Pokémon switch first
|rule|Species Clause: Limit one of each Pokémon
|rule|OHKO Clause: OHKO moves are banned
|rule|Evasion Items Clause: Evasion items are banned
|rule|Evasion Moves Clause: Evasion moves are banned
|rule|Endless Battle Clause: Forcing endless battles is banned
|rule|HP Percentage Mod: HP is shown in percentages
|rule|One Boost Passer Clause: Limit one Baton Passer that has a way to boost its stats
|rule|Freeze Clause Mod: Limit one foe frozen
|
|t:|1728490234
|start
|switch|p1a: Salamence|Salamence, F|100/100
|switch|p2a: FBI|Zapdos|100/100
|-ability|p1a: Salamence|Intimidate|boost
|-unboost|p2a: FBI|atk|1
|turn|1
|inactive|themessiah1 has 270 seconds left.
|inactive|Scurrying Snail has 270 seconds left.
|
|t:|1728490282
|switch|p1a: Snorlax|Snorlax, F|100/100
|move|p2a: FBI|Hidden Power|p1a: Snorlax
|-damage|p1a: Snorlax|87/100
|
|-heal|p1a: Snorlax|93/100|[from] item: Leftovers
|upkeep
|turn|2
|
|t:|1728490295
|switch|p2a: 40k|Metagross|100/100
|move|p1a: Snorlax|Curse|p1a: Snorlax
|-unboost|p1a: Snorlax|spe|1
|-boost|p1a: Snorlax|atk|1
|-boost|p1a: Snorlax|def|1
|
|-heal|p1a: Snorlax|99/100|[from] item: Leftovers
|upkeep
|turn|3
|
|t:|1728490314
|switch|p1a: Jirachi|Jirachi|100/100
|move|p2a: 40k|Explosion|p1a: Jirachi
|-resisted|p1a: Jirachi
|-damage|p1a: Jirachi|43/100
|faint|p2a: 40k
|
|t:|1728490322
|switch|p2a: Rock Phone|Tyranitar, M|100/100
|-weather|Sandstorm|[from] ability: Sand Stream|[of] p2a: Rock Phone
|
|-weather|Sandstorm|[upkeep]
|-heal|p1a: Jirachi|49/100|[from] item: Leftovers
|upkeep
|turn|4
|
|t:|1728490330
|switch|p1a: Suicune|Suicune|100/100
|move|p2a: Rock Phone|Fire Blast|p1a: Suicune
|-resisted|p1a: Suicune
|-damage|p1a: Suicune|87/100
|
|-weather|Sandstorm|[upkeep]
|-damage|p1a: Suicune|81/100|[from] Sandstorm
|-heal|p1a: Suicune|87/100|[from] item: Leftovers
|upkeep
|turn|5
|
|t:|1728490338
|switch|p1a: Jirachi|Jirachi|49/100
|switch|p2a: Bad Egg|Blissey, F|100/100
|
|-weather|Sandstorm|[upkeep]
|-damage|p2a: Bad Egg|94/100|[from] Sandstorm
|-heal|p1a: Jirachi|55/100|[from] item: Leftovers
|-heal|p2a: Bad Egg|100/100|[from] item: Leftovers
|upkeep
|turn|6
|
|t:|1728490343
|move|p1a: Jirachi|Wish|p1a: Jirachi
|move|p2a: Bad Egg|Wish|p2a: Bad Egg
|
|-weather|Sandstorm|[upkeep]
|-damage|p2a: Bad Egg|94/100|[from] Sandstorm
|-heal|p1a: Jirachi|62/100|[from] item: Leftovers
|-heal|p2a: Bad Egg|100/100|[from] item: Leftovers
|upkeep
|turn|7
|
|t:|1728490352
|switch|p2a: FBI|Zapdos|100/100
|move|p1a: Jirachi|Protect||[still]
|-fail|p1a: Jirachi
|
|-heal|p1a: Jirachi|100/100|[from] move: Wish|[wisher] Jirachi
|-weather|Sandstorm|[upkeep]
|-damage|p2a: FBI|94/100|[from] Sandstorm
|-heal|p2a: FBI|100/100|[from] item: Leftovers
|upkeep
|turn|8
|
|t:|1728490358
|switch|p1a: Snorlax|Snorlax, F|99/100
|move|p2a: FBI|Substitute|p2a: FBI
|-start|p2a: FBI|Substitute
|-damage|p2a: FBI|76/100
|
|-weather|Sandstorm|[upkeep]
|-damage|p2a: FBI|69/100|[from] Sandstorm
|-damage|p1a: Snorlax|93/100|[from] Sandstorm
|-heal|p2a: FBI|76/100|[from] item: Leftovers
|-heal|p1a: Snorlax|99/100|[from] item: Leftovers
|upkeep
|turn|9
|
|t:|1728490363
|move|p2a: FBI|Baton Pass|p2a: FBI
|
|t:|1728490365
|switch|p2a: Muscle World|Hariyama, F|100/100|[from] Baton Pass
|move|p1a: Snorlax|Body Slam|p2a: Muscle World
|-end|p2a: Muscle World|Substitute
|
|-weather|Sandstorm|[upkeep]
|-damage|p2a: Muscle World|94/100|[from] Sandstorm
|-damage|p1a: Snorlax|93/100|[from] Sandstorm
|-heal|p2a: Muscle World|100/100|[from] item: Leftovers
|-heal|p1a: Snorlax|99/100|[from] item: Leftovers
|upkeep
|turn|10
|
|t:|1728490380
|-singleturn|p2a: Muscle World|move: Focus Punch
|move|p1a: Snorlax|Self-Destruct|p2a: Muscle World
|-damage|p2a: Muscle World|0 fnt
|faint|p1a: Snorlax
|faint|p2a: Muscle World
|
|t:|1728490391
|switch|p2a: FBI|Zapdos|76/100
|switch|p1a: Tyranitar|Tyranitar, M|100/100
|
|-weather|Sandstorm|[upkeep]
|-damage|p2a: FBI|69/100|[from] Sandstorm
|-heal|p2a: FBI|76/100|[from] item: Leftovers
|upkeep
|turn|11
|
|t:|1728490400
|move|p2a: FBI|Substitute|p2a: FBI
|-start|p2a: FBI|Substitute
|-damage|p2a: FBI|51/100
|move|p1a: Tyranitar|Crunch|p2a: FBI
|-end|p2a: FBI|Substitute
|
|-weather|Sandstorm|[upkeep]
|-damage|p2a: FBI|44/100|[from] Sandstorm
|-heal|p2a: FBI|51/100|[from] item: Leftovers
|upkeep
|turn|12
|
|t:|1728490407
|switch|p2a: Rock Phone|Tyranitar, M|100/100
|move|p1a: Tyranitar|Crunch|p2a: Rock Phone
|-resisted|p2a: Rock Phone
|-damage|p2a: Rock Phone|82/100
|-unboost|p2a: Rock Phone|spd|1
|
|-weather|Sandstorm|[upkeep]
|-heal|p2a: Rock Phone|88/100|[from] item: Leftovers
|upkeep
|turn|13
|
|t:|1728490416
|switch|p2a: Bad Egg|Blissey, F|100/100
|move|p1a: Tyranitar|Brick Break|p2a: Bad Egg
|-supereffective|p2a: Bad Egg
|-damage|p2a: Bad Egg|63/100
|
|-weather|Sandstorm|[upkeep]
|-damage|p2a: Bad Egg|57/100|[from] Sandstorm
|-heal|p2a: Bad Egg|63/100|[from] item: Leftovers
|upkeep
|turn|14
|
|t:|1728490428
|switch|p1a: Jirachi|Jirachi|100/100
|move|p2a: Bad Egg|Wish|p2a: Bad Egg
|
|-weather|Sandstorm|[upkeep]
|-damage|p2a: Bad Egg|57/100|[from] Sandstorm
|-heal|p2a: Bad Egg|63/100|[from] item: Leftovers
|upkeep
|turn|15
|
|t:|1728490432
|switch|p2a: Rock Phone|Tyranitar, M|88/100
|move|p1a: Jirachi|Body Slam|p2a: Rock Phone
|-resisted|p2a: Rock Phone
|-damage|p2a: Rock Phone|79/100
|
|-heal|p2a: Rock Phone|100/100|[from] move: Wish|[wisher] Bad Egg
|-weather|Sandstorm|[upkeep]
|upkeep
|turn|16
|
|t:|1728490436
|move|p1a: Jirachi|Protect|p1a: Jirachi
|-singleturn|p1a: Jirachi|Protect
|move|p2a: Rock Phone|Fire Blast|p1a: Jirachi
|-activate|p1a: Jirachi|Protect
|
|-weather|Sandstorm|[upkeep]
|upkeep
|turn|17
|
|t:|1728490442
|move|p1a: Jirachi|Wish|p1a: Jirachi
|move|p2a: Rock Phone|Rock Slide|p1a: Jirachi
|-resisted|p1a: Jirachi
|-damage|p1a: Jirachi|87/100
|
|-weather|Sandstorm|[upkeep]
|-heal|p1a: Jirachi|93/100|[from] item: Leftovers
|upkeep
|turn|18
|
|t:|1728490445
|move|p1a: Jirachi|Body Slam|p2a: Rock Phone
|-resisted|p2a: Rock Phone
|-damage|p2a: Rock Phone|91/100
|-status|p2a: Rock Phone|par
|cant|p2a: Rock Phone|par
|
|-heal|p1a: Jirachi|100/100|[from] move: Wish|[wisher] Jirachi
|-weather|Sandstorm|[upkeep]
|-heal|p2a: Rock Phone|97/100 par|[from] item: Leftovers
|upkeep
|turn|19
|
|t:|1728490452
|switch|p1a: Suicune|Suicune|87/100
|move|p2a: Rock Phone|Fire Blast|p1a: Suicune
|-resisted|p1a: Suicune
|-damage|p1a: Suicune|73/100
|
|-weather|Sandstorm|[upkeep]
|-damage|p1a: Suicune|67/100|[from] Sandstorm
|-heal|p1a: Suicune|73/100|[from] item: Leftovers
|-heal|p2a: Rock Phone|100/100 par|[from] item: Leftovers
|upkeep
|turn|20
|
|t:|1728490459
|switch|p2a: Bad Egg|Blissey, F|63/100
|move|p1a: Suicune|Surf|p2a: Bad Egg
|-damage|p2a: Bad Egg|49/100
|
|-weather|Sandstorm|[upkeep]
|-damage|p1a: Suicune|67/100|[from] Sandstorm
|-damage|p2a: Bad Egg|43/100|[from] Sandstorm
|-heal|p1a: Suicune|73/100|[from] item: Leftovers
|-heal|p2a: Bad Egg|49/100|[from] item: Leftovers
|upkeep
|turn|21
|
|t:|1728490464
|move|p1a: Suicune|Calm Mind|p1a: Suicune
|-boost|p1a: Suicune|spa|1
|-boost|p1a: Suicune|spd|1
|move|p2a: Bad Egg|Soft-Boiled|p2a: Bad Egg
|-heal|p2a: Bad Egg|99/100
|
|-weather|Sandstorm|[upkeep]
|-damage|p1a: Suicune|67/100|[from] Sandstorm
|-damage|p2a: Bad Egg|93/100|[from] Sandstorm
|-heal|p1a: Suicune|73/100|[from] item: Leftovers
|-heal|p2a: Bad Egg|99/100|[from] item: Leftovers
|upkeep
|turn|22
|
|t:|1728490472
|switch|p2a: Bad Habit|Starmie|100/100
|move|p1a: Suicune|Calm Mind|p1a: Suicune
|-boost|p1a: Suicune|spa|1
|-boost|p1a: Suicune|spd|1
|
|-weather|Sandstorm|[upkeep]
|-damage|p2a: Bad Habit|94/100|[from] Sandstorm
|-damage|p1a: Suicune|67/100|[from] Sandstorm
|-heal|p2a: Bad Habit|100/100|[from] item: Leftovers
|-heal|p1a: Suicune|73/100|[from] item: Leftovers
|upkeep
|turn|23
|
|t:|1728490475
|move|p2a: Bad Habit|Thunder Wave|p1a: Suicune
|-status|p1a: Suicune|par
|cant|p1a: Suicune|par
|
|-weather|Sandstorm|[upkeep]
|-damage|p2a: Bad Habit|94/100|[from] Sandstorm
|-damage|p1a: Suicune|67/100 par|[from] Sandstorm
|-heal|p2a: Bad Habit|100/100|[from] item: Leftovers
|-heal|p1a: Suicune|73/100 par|[from] item: Leftovers
|upkeep
|turn|24
|
|t:|1728490485
|switch|p2a: FBI|Zapdos|51/100
|move|p1a: Suicune|Surf|p2a: FBI
|-damage|p2a: FBI|0 fnt
|faint|p2a: FBI
|
|t:|1728490488
|switch|p2a: Rock Phone|Tyranitar, M|100/100 par
|
|-weather|Sandstorm|[upkeep]
|-damage|p1a: Suicune|67/100 par|[from] Sandstorm
|-heal|p1a: Suicune|73/100 par|[from] item: Leftovers
|upkeep
|turn|25
|
|t:|1728490496
|move|p1a: Suicune|Rest|p1a: Suicune
|-status|p1a: Suicune|slp|[from] move: Rest
|-heal|p1a: Suicune|100/100 slp|[silent]
|move|p2a: Rock Phone|Rock Slide|p1a: Suicune
|-damage|p1a: Suicune|71/100 slp
|
|-weather|Sandstorm|[upkeep]
|-damage|p1a: Suicune|65/100 slp|[from] Sandstorm
|-heal|p1a: Suicune|71/100 slp|[from] item: Leftovers
|upkeep
|turn|26
|
|t:|1728490503
|-singleturn|p2a: Rock Phone|move: Focus Punch
|cant|p1a: Suicune|slp
|move|p1a: Suicune|Sleep Talk|p1a: Suicune
|move|p1a: Suicune|Calm Mind|p1a: Suicune|[from]Sleep Talk
|-boost|p1a: Suicune|spa|1
|-boost|p1a: Suicune|spd|1
|move|p2a: Rock Phone|Focus Punch|p1a: Suicune
|-damage|p1a: Suicune|35/100 slp
|
|-weather|Sandstorm|[upkeep]
|-damage|p1a: Suicune|29/100 slp|[from] Sandstorm
|-heal|p1a: Suicune|35/100 slp|[from] item: Leftovers
|upkeep
|turn|27
|
|t:|1728490522
|-singleturn|p2a: Rock Phone|move: Focus Punch
|cant|p1a: Suicune|slp
|move|p1a: Suicune|Sleep Talk|p1a: Suicune
|move|p1a: Suicune|Rest|p1a: Suicune|[from]Sleep Talk
|move|p2a: Rock Phone|Focus Punch|p1a: Suicune
|-damage|p1a: Suicune|0 fnt
|faint|p1a: Suicune
|
|t:|1728490534
|switch|p1a: Claydol|Claydol|100/100
|
|-weather|Sandstorm|[upkeep]
|upkeep
|turn|28
|
|t:|1728490562
|switch|p2a: Bad Egg|Blissey, F|99/100
|move|p1a: Claydol|Earthquake|p2a: Bad Egg
|-damage|p2a: Bad Egg|71/100
|
|-weather|Sandstorm|[upkeep]
|-damage|p2a: Bad Egg|65/100|[from] Sandstorm
|-heal|p2a: Bad Egg|71/100|[from] item: Leftovers
|upkeep
|turn|29
|
|t:|1728490572
|switch|p2a: Rock Phone|Tyranitar, M|100/100 par
|move|p1a: Claydol|Earthquake|p2a: Rock Phone
|-supereffective|p2a: Rock Phone
|-damage|p2a: Rock Phone|33/100 par
|
|-weather|Sandstorm|[upkeep]
|-heal|p2a: Rock Phone|40/100 par|[from] item: Leftovers
|upkeep
|turn|30
|
|t:|1728490577
|switch|p2a: Bad Egg|Blissey, F|71/100
|move|p1a: Claydol|Earthquake|p2a: Bad Egg
|-damage|p2a: Bad Egg|43/100
|
|-weather|Sandstorm|[upkeep]
|-damage|p2a: Bad Egg|36/100|[from] Sandstorm
|-heal|p2a: Bad Egg|43/100|[from] item: Leftovers
|upkeep
|turn|31
|
|t:|1728490592
|move|p1a: Claydol|Earthquake|p2a: Bad Egg
|-damage|p2a: Bad Egg|15/100
|move|p2a: Bad Egg|Soft-Boiled|p2a: Bad Egg
|-heal|p2a: Bad Egg|65/100
|
|-weather|Sandstorm|[upkeep]
|-damage|p2a: Bad Egg|58/100|[from] Sandstorm
|-heal|p2a: Bad Egg|65/100|[from] item: Leftovers
|upkeep
|turn|32
|
|t:|1728490596
|move|p1a: Claydol|Earthquake|p2a: Bad Egg
|-damage|p2a: Bad Egg|35/100
|move|p2a: Bad Egg|Soft-Boiled|p2a: Bad Egg
|-heal|p2a: Bad Egg|85/100
|
|-weather|Sandstorm|[upkeep]
|-damage|p2a: Bad Egg|79/100|[from] Sandstorm
|-heal|p2a: Bad Egg|85/100|[from] item: Leftovers
|upkeep
|turn|33
|
|t:|1728490600
|move|p1a: Claydol|Earthquake|p2a: Bad Egg
|-damage|p2a: Bad Egg|56/100
|move|p2a: Bad Egg|Ice Beam|p1a: Claydol
|-supereffective|p1a: Claydol
|-crit|p1a: Claydol
|-damage|p1a: Claydol|42/100
|
|-weather|Sandstorm|[upkeep]
|-damage|p2a: Bad Egg|50/100|[from] Sandstorm
|-heal|p1a: Claydol|48/100|[from] item: Leftovers
|-heal|p2a: Bad Egg|56/100|[from] item: Leftovers
|upkeep
|turn|34
|
|t:|1728490605
|move|p1a: Claydol|Earthquake|p2a: Bad Egg
|-damage|p2a: Bad Egg|24/100
|move|p2a: Bad Egg|Soft-Boiled|p2a: Bad Egg
|-heal|p2a: Bad Egg|74/100
|
|-weather|Sandstorm|[upkeep]
|-damage|p2a: Bad Egg|68/100|[from] Sandstorm
|-heal|p1a: Claydol|55/100|[from] item: Leftovers
|-heal|p2a: Bad Egg|74/100|[from] item: Leftovers
|upkeep
|turn|35
|
|t:|1728490608
|move|p1a: Claydol|Explosion|p2a: Bad Egg
|-damage|p2a: Bad Egg|0 fnt
|faint|p1a: Claydol
|faint|p2a: Bad Egg
|
|t:|1728490615
|switch|p1a: Tyranitar|Tyranitar, M|100/100
|switch|p2a: Bad Habit|Starmie|100/100
|
|-weather|Sandstorm|[upkeep]
|-damage|p2a: Bad Habit|94/100|[from] Sandstorm
|-heal|p2a: Bad Habit|100/100|[from] item: Leftovers
|upkeep
|turn|36
|
|t:|1728490623
|move|p2a: Bad Habit|Surf|p1a: Tyranitar
|-supereffective|p1a: Tyranitar
|-damage|p1a: Tyranitar|41/100
|move|p1a: Tyranitar|Crunch|p2a: Bad Habit
|-supereffective|p2a: Bad Habit
|-damage|p2a: Bad Habit|5/100
|
|-weather|Sandstorm|[upkeep]
|-damage|p2a: Bad Habit|0 fnt|[from] Sandstorm
|faint|p2a: Bad Habit
|-heal|p1a: Tyranitar|47/100|[from] item: Leftovers
|upkeep
|
|t:|1728490627
|switch|p2a: Rock Phone|Tyranitar, M|40/100 par
|turn|37
|c|☆themessiah1|gg
|
|t:|1728490629
|move|p1a: Tyranitar|Brick Break|p2a: Rock Phone
|-supereffective|p2a: Rock Phone
|-damage|p2a: Rock Phone|0 fnt
|faint|p2a: Rock Phone
|
|win|themessiah1

</script>
<script type="application/json" class="data" id="replaydata-smogtours-gen3ou-796644">
{"id":"smogtours-gen3ou-796644","format":"[Gen 3] OU","players":["themessiah1","Scurrying Snail"],"uploadtime":1728490629,"views":84,"formatid":"gen3ou","rating":null,"private":0,"password":null}
</script>

<script defer src="js/replays.js?9d40a366"></script>
