<!DOCTYPE html>
<meta charset="utf-8" />
<meta name="viewport" content="width=device-width" />

<title>[Gen 3] OU: luckii_girl vs. Sorenz - Replays - Pok&eacute;mon Showdown!</title>

<meta name="description" content="Watch a replay of a Pok&eacute;mon battle between luckii_girl and Sorenz! Format: [Gen 3] OU; Date: Nov 5, 2024" />
<!--

Hey, you! Looking in the source for the replay log?

You can find them in JSON format, just add `.json` at the end of a replay URL.

https://replay.pokemonshowdown.com/gen7randomdoublesbattle-865046831.json

Or, if you only need the log itself, add `.log` instead:

https://replay.pokemonshowdown.com/gen7randomdoublesbattle-865046831.log

-->

<link rel="stylesheet" href="//pokemonshowdown.com/style/global.css?0.023195364461161105" />
<link rel="stylesheet" href="//play.pokemonshowdown.com/style/font-awesome.css?0.13261647063804238" />
<link rel="stylesheet" href="//play.pokemonshowdown.com/style/battle.css?0.8753245789963631" />
<link rel="stylesheet" href="//play.pokemonshowdown.com/style/utilichart.css?0.8627959624976733" />

<!-- Global site tag (gtag.js) - Google Analytics -->
<script async src="https://www.googletagmanager.com/gtag/js?id=UA-26211653-1"></script>
<script>
  window.dataLayer = window.dataLayer || [];
  function gtag(){dataLayer.push(arguments);}
  gtag('js', new Date());

  gtag('config', 'UA-26211653-1');
</script>
<!-- End Google Analytics -->
<!-- Venatus Ad Manager - Install in <HEAD> of page -->
	<script src="https://hb.vntsm.com/v3/live/ad-manager.min.js" type="text/javascript" data-site-id="642aba63ec9a7b11c3c9c1be" data-mode="scan" async></script>
<!-- / Venatus Ad Manager -->

<style>
	@media (max-width:820px) {
		.battle {
			margin: 0 auto;
		}
		.battle-log {
			margin: 7px auto 0;
			max-width: 640px;
			height: 300px;
			position: static;
		}
	}
	.optgroup {
		display: inline-block;
		line-height: 22px;
		font-size: 10pt;
	}
	.optgroup .button {
		height: 25px;
		padding-top: 0;
		padding-bottom: 0;
	}
	.optgroup button.button {
		padding-left: 12px;
		padding-right: 12px;
	}
	.linklist {
		list-style: none;
		margin: 0.5em 0;
		padding: 0;
	}
	.linklist li {
		padding: 2px 0;
	}
	.sidebar {
		float: left;
		width: 320px;
	}
	.bar-wrapper {
		max-width: 1100px;
		margin: 0 auto;
	}
	.bar-wrapper.has-sidebar {
		max-width: 1430px;
	}
	.mainbar {
		margin: 0;
		padding-right: 1px;
	}
	.mainbar.has-sidebar {
		margin-left: 330px;
	}
	@media (min-width: 1511px) {
		.sidebar {
			width: 400px;
		}
		.bar-wrapper.has-sidebar {
			max-width: 1510px;
		}
		.mainbar.has-sidebar {
			margin-left: 410px;
		}
	}
	.section.first-section {
		margin-top: 9px;
	}
	.blocklink small {
		white-space: normal;
	}
	.button {
		vertical-align: middle;
	}
	.replay-controls {
		padding-top: 10px;
	}
	.replay-controls h1 {
		font-size: 16pt;
		font-weight: normal;
		color: #CCC;
	}
	.pagelink {
		text-align: center;
	}
	.pagelink a {
		width: 150px;
	}
	.textbox, .button {
		font-size: 11pt;
		vertical-align: middle;
	}
	@media (max-width: 450px) {
		.button {
			font-size: 9pt;
		}
	}
</style>

<div>

	<header>
		<div class="nav-wrapper"><ul class="nav">
			<li><a class="button nav-first" href="//pokemonshowdown.com/"><img src="//pokemonshowdown.com/images/pokemonshowdownbeta.png" srcset="//pokemonshowdown.com/images/pokemonshowdownbeta.png 1x, //pokemonshowdown.com/images/pokemonshowdownbeta@2x.png 2x" alt="Pok&eacute;mon Showdown" width="146" height="44" /> Home</a></li>
			<li><a class="button" href="//pokemonshowdown.com/dex/">Pok&eacute;dex</a></li>
			<li><a class="button cur" href="/">Replays</a></li>
			<li><a class="button" href="//pokemonshowdown.com/ladder/">Ladder</a></li>
			<li><a class="button nav-last" href="//pokemonshowdown.com/forums/">Forum</a></li>
			<li><a class="button greenbutton nav-first nav-last" href="//play.pokemonshowdown.com/">Play</a></li>
		</ul></div>
	</header>

	<div class="main" id="main">

		<noscript><section class="section">You need to enable JavaScript to use this page; sorry!</section></noscript>

	</div>

</div>

<script defer nomodule src="//play.pokemonshowdown.com/js/lib/ps-polyfill.js"></script>
<script defer src="//play.pokemonshowdown.com/js/lib/preact.min.js"></script>

<script defer src="//play.pokemonshowdown.com/config/config.js?2bddbc15"></script>
<script defer src="//play.pokemonshowdown.com/js/lib/jquery-1.11.0.min.js"></script>
<script defer src="//play.pokemonshowdown.com/js/lib/html-sanitizer-minified.js"></script>
<script defer src="//play.pokemonshowdown.com/js/battle-sound.js"></script>
<script defer src="//play.pokemonshowdown.com/js/battledata.js?0.7209276989879541"></script>
<script defer src="//play.pokemonshowdown.com/data/pokedex-mini.js?0.6111056340867951"></script>
<script defer src="//play.pokemonshowdown.com/data/pokedex-mini-bw.js?0.3532142036491459"></script>
<script defer src="//play.pokemonshowdown.com/data/graphics.js?0.24223875632456182"></script>
<script defer src="//play.pokemonshowdown.com/data/pokedex.js?0.38839984266356864"></script>
<script defer src="//play.pokemonshowdown.com/data/moves.js?0.21866028504024015"></script>
<script defer src="//play.pokemonshowdown.com/data/abilities.js?0.2005157953846628"></script>
<script defer src="//play.pokemonshowdown.com/data/items.js?0.9894211263848525"></script>
<script defer src="//play.pokemonshowdown.com/data/teambuilder-tables.js?0.6008791140282215"></script>
<script defer src="//play.pokemonshowdown.com/js/battle-tooltips.js?0.7580118955022959"></script>
<script defer src="//play.pokemonshowdown.com/js/battle.js?0.6057722274234274"></script>

<script defer src="js/utils.js?e31f9a17"></script>
<script defer src="js/replays-battle.js?7008c182"></script>

<!-- don't scrape this data! just add .json or .log after the URL!
Full API docs: https://github.com/smogon/pokemon-showdown-client/blob/master/WEB-API.md -->
<script type="text/plain" class="log" id="replaylog-smogtours-gen3ou-804849">
|inactive|Battle timer is ON: inactive players will automatically lose when time's up.
|t:|1730769462
|gametype|singles
|player|p1|luckii_girl|caitlin|
|player|p2|Sorenz|wattson|
|teamsize|p1|6
|teamsize|p2|6
|gen|3
|tier|[Gen 3] OU
|rule|Sleep Clause Mod: Limit one foe put to sleep
|rule|Switch Priority Clause Mod: Faster Pokémon switch first
|rule|Species Clause: Limit one of each Pokémon
|rule|OHKO Clause: OHKO moves are banned
|rule|Evasion Items Clause: Evasion items are banned
|rule|Evasion Moves Clause: Evasion moves are banned
|rule|Endless Battle Clause: Forcing endless battles is banned
|rule|HP Percentage Mod: HP is shown in percentages
|rule|One Boost Passer Clause: Limit one Baton Passer that has a way to boost its stats
|rule|Freeze Clause Mod: Limit one foe frozen
|
|t:|1730769462
|start
|switch|p1a: Celebi|Celebi|100/100
|switch|p2a: Tyranitar|Tyranitar, M|100/100
|-weather|Sandstorm|[from] ability: Sand Stream|[of] p2a: Tyranitar
|turn|1
|c|☆Sorenz|glhf
|c|☆luckii_girl|u2
|
|t:|1730769481
|move|p1a: Celebi|Substitute|p1a: Celebi
|-start|p1a: Celebi|Substitute
|-damage|p1a: Celebi|76/100
|move|p2a: Tyranitar|Crunch|p1a: Celebi
|-supereffective|p1a: Celebi
|-end|p1a: Celebi|Substitute
|
|-weather|Sandstorm|[upkeep]
|-damage|p1a: Celebi|69/100|[from] Sandstorm
|-heal|p1a: Celebi|76/100|[from] item: Leftovers
|upkeep
|turn|2
|
|t:|1730769503
|move|p1a: Celebi|Baton Pass|p1a: Celebi
|
|t:|1730769505
|switch|p1a: Skarmory|Skarmory, F|100/100|[from] Baton Pass
|move|p2a: Tyranitar|Crunch|p1a: Skarmory
|-resisted|p1a: Skarmory
|-damage|p1a: Skarmory|76/100
|
|-weather|Sandstorm|[upkeep]
|upkeep
|turn|3
|
|t:|1730769510
|move|p1a: Skarmory|Protect|p1a: Skarmory
|-singleturn|p1a: Skarmory|Protect
|move|p2a: Tyranitar|Fire Blast|p1a: Skarmory
|-activate|p1a: Skarmory|Protect
|
|-weather|Sandstorm|[upkeep]
|upkeep
|turn|4
|
|t:|1730769523
|switch|p1a: Swampert|Swampert, F|100/100
|move|p2a: Tyranitar|Fire Blast|p1a: Swampert
|-resisted|p1a: Swampert
|-damage|p1a: Swampert|89/100
|-status|p1a: Swampert|brn
|
|-weather|Sandstorm|[upkeep]
|-heal|p1a: Swampert|95/100 brn|[from] item: Leftovers
|-damage|p1a: Swampert|83/100 brn|[from] brn
|upkeep
|turn|5
|c|☆luckii_girl|awsom
|c|☆Sorenz|aw
|
|t:|1730769539
|switch|p2a: Skarmory|Skarmory, F|100/100
|move|p1a: Swampert|Toxic|p2a: Skarmory
|-immune|p2a: Skarmory
|
|-weather|Sandstorm|[upkeep]
|-heal|p1a: Swampert|89/100 brn|[from] item: Leftovers
|-damage|p1a: Swampert|76/100 brn|[from] brn
|upkeep
|turn|6
|
|t:|1730769548
|move|p1a: Swampert|Refresh|p1a: Swampert
|-curestatus|p1a: Swampert|brn|[msg]
|move|p2a: Skarmory|Roar|p1a: Swampert
|drag|p1a: Blissey|Blissey, F|100/100
|
|-weather|Sandstorm|[upkeep]
|-damage|p1a: Blissey|94/100|[from] Sandstorm
|-heal|p1a: Blissey|100/100|[from] item: Leftovers
|upkeep
|turn|7
|
|t:|1730769553
|move|p2a: Skarmory|Spikes|p1a: Blissey
|-sidestart|p1: luckii_girl|Spikes
|move|p1a: Blissey|Thunder Wave|p2a: Skarmory
|-status|p2a: Skarmory|par
|
|-weather|Sandstorm|[upkeep]
|-damage|p1a: Blissey|94/100|[from] Sandstorm
|-heal|p1a: Blissey|100/100|[from] item: Leftovers
|upkeep
|turn|8
|
|t:|1730769560
|switch|p1a: Starmie|Starmie|100/100
|-damage|p1a: Starmie|88/100|[from] Spikes
|move|p2a: Skarmory|Spikes|p1a: Starmie
|-sidestart|p1: luckii_girl|Spikes
|
|-weather|Sandstorm|[upkeep]
|-damage|p1a: Starmie|82/100|[from] Sandstorm
|upkeep
|turn|9
|
|t:|1730769573
|switch|p2a: Snorlax|Snorlax, M|100/100
|move|p1a: Starmie|Hydro Pump|p2a: Snorlax
|-damage|p2a: Snorlax|70/100
|
|-weather|Sandstorm|[upkeep]
|-damage|p1a: Starmie|76/100|[from] Sandstorm
|-damage|p2a: Snorlax|63/100|[from] Sandstorm
|-heal|p2a: Snorlax|70/100|[from] item: Leftovers
|upkeep
|turn|10
|
|t:|1730769595
|switch|p1a: Blissey|Blissey, F|100/100
|-damage|p1a: Blissey|84/100|[from] Spikes
|move|p2a: Snorlax|Return|p1a: Blissey
|-damage|p1a: Blissey|50/100
|
|-weather|Sandstorm|[upkeep]
|-damage|p1a: Blissey|44/100|[from] Sandstorm
|-damage|p2a: Snorlax|63/100|[from] Sandstorm
|-heal|p1a: Blissey|50/100|[from] item: Leftovers
|-heal|p2a: Snorlax|70/100|[from] item: Leftovers
|upkeep
|turn|11
|
|t:|1730769605
|move|p1a: Blissey|Thunder Wave|p2a: Snorlax
|-status|p2a: Snorlax|par
|move|p2a: Snorlax|Curse|p2a: Snorlax
|-unboost|p2a: Snorlax|spe|1
|-boost|p2a: Snorlax|atk|1
|-boost|p2a: Snorlax|def|1
|
|-weather|Sandstorm|[upkeep]
|-damage|p1a: Blissey|44/100|[from] Sandstorm
|-damage|p2a: Snorlax|63/100 par|[from] Sandstorm
|-heal|p1a: Blissey|50/100|[from] item: Leftovers
|-heal|p2a: Snorlax|70/100 par|[from] item: Leftovers
|upkeep
|turn|12
|
|t:|1730769610
|move|p1a: Blissey|Soft-Boiled|p1a: Blissey
|-heal|p1a: Blissey|99/100
|move|p2a: Snorlax|Return|p1a: Blissey
|-damage|p1a: Blissey|45/100
|
|-weather|Sandstorm|[upkeep]
|-damage|p1a: Blissey|39/100|[from] Sandstorm
|-damage|p2a: Snorlax|63/100 par|[from] Sandstorm
|-heal|p1a: Blissey|45/100|[from] item: Leftovers
|-heal|p2a: Snorlax|70/100 par|[from] item: Leftovers
|upkeep
|turn|13
|
|t:|1730769618
|move|p1a: Blissey|Soft-Boiled|p1a: Blissey
|-heal|p1a: Blissey|95/100
|cant|p2a: Snorlax|par
|
|-weather|Sandstorm|[upkeep]
|-damage|p1a: Blissey|89/100|[from] Sandstorm
|-damage|p2a: Snorlax|63/100 par|[from] Sandstorm
|-heal|p1a: Blissey|95/100|[from] item: Leftovers
|-heal|p2a: Snorlax|70/100 par|[from] item: Leftovers
|upkeep
|turn|14
|
|t:|1730769622
|move|p2a: Snorlax|Curse|p2a: Snorlax
|-unboost|p2a: Snorlax|spe|1
|-boost|p2a: Snorlax|atk|1
|-boost|p2a: Snorlax|def|1
|move|p1a: Blissey|Counter|p2a: Snorlax
|
|-weather|Sandstorm|[upkeep]
|-damage|p1a: Blissey|89/100|[from] Sandstorm
|-damage|p2a: Snorlax|63/100 par|[from] Sandstorm
|-heal|p1a: Blissey|95/100|[from] item: Leftovers
|-heal|p2a: Snorlax|70/100 par|[from] item: Leftovers
|upkeep
|turn|15
|
|t:|1730769634
|cant|p2a: Snorlax|par
|move|p1a: Blissey|Counter|p2a: Snorlax
|
|-weather|Sandstorm|[upkeep]
|-damage|p1a: Blissey|89/100|[from] Sandstorm
|-damage|p2a: Snorlax|63/100 par|[from] Sandstorm
|-heal|p1a: Blissey|95/100|[from] item: Leftovers
|-heal|p2a: Snorlax|70/100 par|[from] item: Leftovers
|upkeep
|turn|16
|
|t:|1730769638
|switch|p1a: Skarmory|Skarmory, F|76/100
|move|p2a: Snorlax|Curse|p2a: Snorlax
|-unboost|p2a: Snorlax|spe|1
|-boost|p2a: Snorlax|atk|1
|-boost|p2a: Snorlax|def|1
|
|-weather|Sandstorm|[upkeep]
|-damage|p2a: Snorlax|63/100 par|[from] Sandstorm
|-heal|p2a: Snorlax|70/100 par|[from] item: Leftovers
|upkeep
|turn|17
|inactive|Sorenz has 270 seconds left.
|
|t:|1730769686
|switch|p2a: Starmie|Starmie|100/100
|move|p1a: Skarmory|Spikes|p2a: Starmie
|-sidestart|p2: Sorenz|Spikes
|
|-weather|Sandstorm|[upkeep]
|-damage|p2a: Starmie|94/100|[from] Sandstorm
|-heal|p2a: Starmie|100/100|[from] item: Leftovers
|upkeep
|turn|18
|
|t:|1730769706
|switch|p1a: Blissey|Blissey, F|95/100
|-damage|p1a: Blissey|78/100|[from] Spikes
|move|p2a: Starmie|Thunderbolt|p1a: Blissey
|-damage|p1a: Blissey|68/100
|
|-weather|Sandstorm|[upkeep]
|-damage|p2a: Starmie|94/100|[from] Sandstorm
|-damage|p1a: Blissey|62/100|[from] Sandstorm
|-heal|p2a: Starmie|100/100|[from] item: Leftovers
|-heal|p1a: Blissey|68/100|[from] item: Leftovers
|upkeep
|turn|19
|
|t:|1730769715
|move|p2a: Starmie|Rapid Spin|p1a: Blissey
|-crit|p1a: Blissey
|-damage|p1a: Blissey|63/100
|-sideend|p2: Sorenz|Spikes|[from] move: Rapid Spin|[of] p2a: Starmie
|move|p1a: Blissey|Light Screen|p1a: Blissey
|-sidestart|p1: luckii_girl|Light Screen
|
|-weather|Sandstorm|[upkeep]
|-damage|p2a: Starmie|94/100|[from] Sandstorm
|-damage|p1a: Blissey|57/100|[from] Sandstorm
|-heal|p2a: Starmie|100/100|[from] item: Leftovers
|-heal|p1a: Blissey|63/100|[from] item: Leftovers
|upkeep
|turn|20
|inactive|Sorenz has 270 seconds left.
|
|t:|1730769723
|switch|p2a: Skarmory|Skarmory, F|100/100 par
|move|p1a: Blissey|Soft-Boiled|p1a: Blissey
|-heal|p1a: Blissey|100/100
|
|-weather|Sandstorm|[upkeep]
|-damage|p1a: Blissey|94/100|[from] Sandstorm
|-heal|p1a: Blissey|100/100|[from] item: Leftovers
|upkeep
|turn|21
|
|t:|1730769742
|switch|p1a: Starmie|Starmie|76/100
|-damage|p1a: Starmie|60/100|[from] Spikes
|cant|p2a: Skarmory|par
|
|-weather|Sandstorm|[upkeep]
|-damage|p1a: Starmie|53/100|[from] Sandstorm
|upkeep
|turn|22
|
|t:|1730769750
|switch|p2a: Snorlax|Snorlax, M|70/100 par
|move|p1a: Starmie|Hydro Pump|p2a: Snorlax|[miss]
|-miss|p1a: Starmie|p2a: Snorlax
|
|-weather|Sandstorm|[upkeep]
|-damage|p1a: Starmie|47/100|[from] Sandstorm
|-damage|p2a: Snorlax|63/100 par|[from] Sandstorm
|-heal|p2a: Snorlax|70/100 par|[from] item: Leftovers
|upkeep
|turn|23
|
|t:|1730769759
|move|p1a: Starmie|Psychic|p2a: Snorlax
|-damage|p2a: Snorlax|51/100 par
|move|p2a: Snorlax|Rest|p2a: Snorlax
|-status|p2a: Snorlax|slp|[from] move: Rest
|-heal|p2a: Snorlax|100/100 slp|[silent]
|
|-sideend|p1: luckii_girl|Light Screen
|-weather|Sandstorm|[upkeep]
|-damage|p1a: Starmie|41/100|[from] Sandstorm
|-damage|p2a: Snorlax|94/100 slp|[from] Sandstorm
|-heal|p2a: Snorlax|100/100 slp|[from] item: Leftovers
|upkeep
|turn|24
|
|t:|1730769768
|switch|p1a: Celebi|Celebi|76/100
|-damage|p1a: Celebi|59/100|[from] Spikes
|cant|p2a: Snorlax|slp
|
|-weather|Sandstorm|[upkeep]
|-damage|p1a: Celebi|53/100|[from] Sandstorm
|-damage|p2a: Snorlax|94/100 slp|[from] Sandstorm
|-heal|p1a: Celebi|59/100|[from] item: Leftovers
|-heal|p2a: Snorlax|100/100 slp|[from] item: Leftovers
|upkeep
|turn|25
|
|t:|1730769777
|switch|p2a: Skarmory|Skarmory, F|100/100 par
|move|p1a: Celebi|Leech Seed|p2a: Skarmory
|-start|p2a: Skarmory|move: Leech Seed
|
|-weather|Sandstorm|[upkeep]
|-damage|p1a: Celebi|53/100|[from] Sandstorm
|-heal|p1a: Celebi|59/100|[from] item: Leftovers
|-damage|p2a: Skarmory|88/100 par|[from] Leech Seed|[of] p1a: Celebi
|-heal|p1a: Celebi|69/100|[silent]
|upkeep
|turn|26
|
|t:|1730769789
|move|p1a: Celebi|Swords Dance|p1a: Celebi
|-boost|p1a: Celebi|atk|2
|move|p2a: Skarmory|Spikes|p1a: Celebi
|-sidestart|p1: luckii_girl|Spikes
|
|-weather|Sandstorm|[upkeep]
|-damage|p1a: Celebi|63/100|[from] Sandstorm
|-heal|p1a: Celebi|69/100|[from] item: Leftovers
|-heal|p2a: Skarmory|94/100 par|[from] item: Leftovers
|-damage|p2a: Skarmory|82/100 par|[from] Leech Seed|[of] p1a: Celebi
|-heal|p1a: Celebi|79/100|[silent]
|upkeep
|turn|27
|
|t:|1730769801
|move|p1a: Celebi|Baton Pass|p1a: Celebi
|
|t:|1730769803
|switch|p1a: Skarmory|Skarmory, F|76/100|[from] Baton Pass
|move|p2a: Skarmory|Roar|p1a: Skarmory
|drag|p1a: Starmie|Starmie|41/100
|-damage|p1a: Starmie|16/100|[from] Spikes
|
|-weather|Sandstorm|[upkeep]
|-damage|p1a: Starmie|10/100|[from] Sandstorm
|-heal|p2a: Skarmory|88/100 par|[from] item: Leftovers
|-damage|p2a: Skarmory|76/100 par|[from] Leech Seed|[of] p1a: Starmie
|-heal|p1a: Starmie|26/100|[silent]
|upkeep
|turn|28
|
|t:|1730769820
|switch|p1a: Aerodactyl|Aerodactyl, M|100/100
|switch|p2a: Snorlax|Snorlax, M|100/100 slp
|
|-weather|Sandstorm|[upkeep]
|-damage|p2a: Snorlax|94/100 slp|[from] Sandstorm
|-heal|p2a: Snorlax|100/100 slp|[from] item: Leftovers
|upkeep
|turn|29
|
|t:|1730769842
|switch|p2a: Tyranitar|Tyranitar, M|100/100
|move|p1a: Aerodactyl|Substitute|p1a: Aerodactyl
|-start|p1a: Aerodactyl|Substitute
|-damage|p1a: Aerodactyl|76/100
|
|-weather|Sandstorm|[upkeep]
|upkeep
|turn|30
|
|t:|1730769848
|move|p1a: Aerodactyl|Earthquake|p2a: Tyranitar
|-supereffective|p2a: Tyranitar
|-damage|p2a: Tyranitar|50/100
|move|p2a: Tyranitar|Crunch|p1a: Aerodactyl
|-end|p1a: Aerodactyl|Substitute
|
|-weather|Sandstorm|[upkeep]
|-heal|p2a: Tyranitar|56/100|[from] item: Leftovers
|upkeep
|turn|31
|inactive|luckii_girl has 270 seconds left.
|inactive|Sorenz has 270 seconds left.
|inactive|luckii_girl has 240 seconds left.
|
|t:|1730769937
|switch|p1a: Skarmory|Skarmory, F|76/100
|move|p2a: Tyranitar|Crunch|p1a: Skarmory
|-resisted|p1a: Skarmory
|-damage|p1a: Skarmory|53/100
|
|-weather|Sandstorm|[upkeep]
|-heal|p2a: Tyranitar|62/100|[from] item: Leftovers
|upkeep
|turn|32
|
|t:|1730769943
|move|p2a: Tyranitar|Fire Blast|p1a: Skarmory
|-supereffective|p1a: Skarmory
|-damage|p1a: Skarmory|0 fnt
|faint|p1a: Skarmory
|
|t:|1730769948
|switch|p1a: Swampert|Swampert, F|76/100
|-damage|p1a: Swampert|51/100|[from] Spikes
|
|-weather|Sandstorm|[upkeep]
|-heal|p2a: Tyranitar|68/100|[from] item: Leftovers
|-heal|p1a: Swampert|58/100|[from] item: Leftovers
|upkeep
|turn|33
|
|t:|1730769957
|move|p2a: Tyranitar|Hidden Power|p1a: Swampert
|-supereffective|p1a: Swampert
|-crit|p1a: Swampert
|-damage|p1a: Swampert|0 fnt
|faint|p1a: Swampert
|
|t:|1730769959
|switch|p1a: Blissey|Blissey, F|100/100
|-damage|p1a: Blissey|75/100|[from] Spikes
|
|-weather|Sandstorm|[upkeep]
|-damage|p1a: Blissey|69/100|[from] Sandstorm
|-heal|p2a: Tyranitar|74/100|[from] item: Leftovers
|-heal|p1a: Blissey|75/100|[from] item: Leftovers
|upkeep
|turn|34
|c|☆luckii_girl|omg im so bad
|inactive|luckii_girl has 240 seconds left.
|c|☆luckii_girl|LMFAO
|c|☆Sorenz|LOL 
|c|☆luckii_girl|was thinking of a diff set
|
|t:|1730769978
|switch|p2a: Snorlax|Snorlax, M|100/100 slp
|move|p1a: Blissey|Thunder Wave||[still]
|-fail|p1a: Blissey
|
|-weather|Sandstorm|[upkeep]
|-damage|p1a: Blissey|69/100|[from] Sandstorm
|-damage|p2a: Snorlax|94/100 slp|[from] Sandstorm
|-heal|p1a: Blissey|75/100|[from] item: Leftovers
|-heal|p2a: Snorlax|100/100 slp|[from] item: Leftovers
|upkeep
|turn|35
|
|t:|1730769991
|switch|p1a: Celebi|Celebi|79/100
|-damage|p1a: Celebi|55/100|[from] Spikes
|switch|p2a: Skarmory|Skarmory, F|76/100 par
|
|-weather|Sandstorm|[upkeep]
|-damage|p1a: Celebi|48/100|[from] Sandstorm
|-heal|p1a: Celebi|55/100|[from] item: Leftovers
|-heal|p2a: Skarmory|82/100 par|[from] item: Leftovers
|upkeep
|turn|36
|
|t:|1730769996
|move|p1a: Celebi|Leech Seed|p2a: Skarmory
|-start|p2a: Skarmory|move: Leech Seed
|move|p2a: Skarmory|Drill Peck|p1a: Celebi
|-supereffective|p1a: Celebi
|-damage|p1a: Celebi|13/100
|
|-weather|Sandstorm|[upkeep]
|-damage|p1a: Celebi|7/100|[from] Sandstorm
|-heal|p1a: Celebi|13/100|[from] item: Leftovers
|-heal|p2a: Skarmory|88/100 par|[from] item: Leftovers
|-damage|p2a: Skarmory|75/100 par|[from] Leech Seed|[of] p1a: Celebi
|-heal|p1a: Celebi|23/100|[silent]
|upkeep
|turn|37
|inactive|luckii_girl has 240 seconds left.
|
|t:|1730770014
|switch|p2a: Tyranitar|Tyranitar, M|74/100
|move|p1a: Celebi|Swords Dance|p1a: Celebi
|-boost|p1a: Celebi|atk|2
|
|-weather|Sandstorm|[upkeep]
|-damage|p1a: Celebi|17/100|[from] Sandstorm
|-heal|p1a: Celebi|23/100|[from] item: Leftovers
|-heal|p2a: Tyranitar|80/100|[from] item: Leftovers
|upkeep
|turn|38
|inactive|luckii_girl has 240 seconds left.
|
|t:|1730770034
|move|p1a: Celebi|Baton Pass|p1a: Celebi
|
|t:|1730770036
|switch|p1a: Aerodactyl|Aerodactyl, M|76/100|[from] Baton Pass
|move|p2a: Tyranitar|Crunch|p1a: Aerodactyl
|-damage|p1a: Aerodactyl|20/100
|
|-weather|Sandstorm|[upkeep]
|-enditem|p1a: Aerodactyl|Liechi Berry|[eat]
|-boost|p1a: Aerodactyl|atk|1|[from] item: Liechi Berry
|-heal|p2a: Tyranitar|87/100|[from] item: Leftovers
|upkeep
|turn|39
|inactive|luckii_girl has 240 seconds left.
|c|☆luckii_girl|OKAYYYYYYYYYYYYYYY
|inactive|Sorenz has 270 seconds left.
|
|t:|1730770088
|switch|p2a: Salamence|Salamence, F|100/100
|-ability|p2a: Salamence|Intimidate|boost
|-unboost|p1a: Aerodactyl|atk|1
|move|p1a: Aerodactyl|Earthquake|p2a: Salamence
|-immune|p2a: Salamence
|
|-weather|Sandstorm|[upkeep]
|-damage|p2a: Salamence|94/100|[from] Sandstorm
|-heal|p2a: Salamence|100/100|[from] item: Leftovers
|upkeep
|turn|40
|inactive|Sorenz has 270 seconds left.
|
|t:|1730770101
|switch|p2a: Magneton|Magneton|100/100
|move|p1a: Aerodactyl|Rock Slide|p2a: Magneton
|-resisted|p2a: Magneton
|-damage|p2a: Magneton|54/100
|
|-weather|Sandstorm|[upkeep]
|upkeep
|turn|41
|inactive|luckii_girl has 240 seconds left.
|
|t:|1730770120
|move|p1a: Aerodactyl|Double-Edge|p2a: Magneton
|-resisted|p2a: Magneton
|-damage|p2a: Magneton|1/100
|move|p2a: Magneton|Thunderbolt|p1a: Aerodactyl
|-supereffective|p1a: Aerodactyl
|-damage|p1a: Aerodactyl|0 fnt
|faint|p1a: Aerodactyl
|c|☆Sorenz|omg
|c|☆Sorenz|1%
|c|☆luckii_girl|frown
|c|☆luckii_girl|welp 
|c|☆luckii_girl|gg
|c|☆luckii_girl|el oh el
|c|☆Sorenz|ggs!
|inactive|luckii_girl has 210 seconds left.
|c|☆luckii_girl|!! ur so goated
|
|t:|1730770153
|switch|p1a: Starmie|Starmie|26/100
|-damage|p1a: Starmie|1/100|[from] Spikes
|
|-weather|Sandstorm|[upkeep]
|-damage|p1a: Starmie|0 fnt|[from] Sandstorm
|faint|p1a: Starmie
|upkeep
|
|t:|1730770157
|switch|p1a: Celebi|Celebi|23/100
|-damage|p1a: Celebi|0 fnt|[from] Spikes
|faint|p1a: Celebi
|
|t:|1730770158
|switch|p1a: Blissey|Blissey, F|75/100
|-damage|p1a: Blissey|50/100|[from] Spikes
|turn|42
|
|t:|1730770167
|move|p2a: Magneton|Toxic|p1a: Blissey
|-status|p1a: Blissey|tox
|move|p1a: Blissey|Soft-Boiled|p1a: Blissey
|-heal|p1a: Blissey|100/100 tox
|
|-weather|Sandstorm|[upkeep]
|-damage|p1a: Blissey|94/100 tox|[from] Sandstorm
|-heal|p1a: Blissey|100/100 tox|[from] item: Leftovers
|-damage|p1a: Blissey|94/100 tox|[from] psn
|upkeep
|turn|43
|
|t:|1730770174
|move|p2a: Magneton|Thunderbolt|p1a: Blissey
|-damage|p1a: Blissey|74/100 tox
|move|p1a: Blissey|Thunder Wave|p2a: Magneton
|-status|p2a: Magneton|par
|
|-weather|Sandstorm|[upkeep]
|-damage|p1a: Blissey|68/100 tox|[from] Sandstorm
|-heal|p1a: Blissey|74/100 tox|[from] item: Leftovers
|-damage|p1a: Blissey|62/100 tox|[from] psn
|upkeep
|turn|44
|
|t:|1730770178
|move|p1a: Blissey|Soft-Boiled|p1a: Blissey
|-heal|p1a: Blissey|100/100 tox
|move|p2a: Magneton|Thunderbolt|p1a: Blissey
|-damage|p1a: Blissey|79/100 tox
|
|-weather|Sandstorm|[upkeep]
|-damage|p1a: Blissey|72/100 tox|[from] Sandstorm
|-heal|p1a: Blissey|79/100 tox|[from] item: Leftovers
|-damage|p1a: Blissey|60/100 tox|[from] psn
|upkeep
|turn|45
|
|t:|1730770180
|move|p1a: Blissey|Soft-Boiled|p1a: Blissey
|-heal|p1a: Blissey|100/100 tox
|cant|p2a: Magneton|par
|
|-weather|Sandstorm|[upkeep]
|-damage|p1a: Blissey|94/100 tox|[from] Sandstorm
|-heal|p1a: Blissey|100/100 tox|[from] item: Leftovers
|-damage|p1a: Blissey|76/100 tox|[from] psn
|upkeep
|turn|46
|
|t:|1730770184
|switch|p2a: Salamence|Salamence, F|100/100
|-ability|p2a: Salamence|Intimidate|boost
|-unboost|p1a: Blissey|atk|1
|move|p1a: Blissey|Soft-Boiled|p1a: Blissey
|-heal|p1a: Blissey|100/100 tox
|
|-weather|Sandstorm|[upkeep]
|-damage|p2a: Salamence|94/100|[from] Sandstorm
|-damage|p1a: Blissey|94/100 tox|[from] Sandstorm
|-heal|p2a: Salamence|100/100|[from] item: Leftovers
|-heal|p1a: Blissey|100/100 tox|[from] item: Leftovers
|-damage|p1a: Blissey|70/100 tox|[from] psn
|upkeep
|turn|47
|
|t:|1730770186
|move|p2a: Salamence|Hidden Power|p1a: Blissey
|-damage|p1a: Blissey|33/100 tox
|move|p1a: Blissey|Counter|p2a: Salamence
|-damage|p2a: Salamence|0 fnt
|faint|p2a: Salamence
|
|t:|1730770191
|switch|p2a: Starmie|Starmie|100/100
|
|-weather|Sandstorm|[upkeep]
|-damage|p2a: Starmie|94/100|[from] Sandstorm
|-damage|p1a: Blissey|26/100 tox|[from] Sandstorm
|-heal|p2a: Starmie|100/100|[from] item: Leftovers
|-heal|p1a: Blissey|33/100 tox|[from] item: Leftovers
|-damage|p1a: Blissey|0 fnt|[from] psn
|faint|p1a: Blissey
|
|win|Sorenz
|upkeep
|c|☆luckii_girl|hooray
|player|p1|
|c|☆Sorenz|fun games thanks

</script>
<script type="application/json" class="data" id="replaydata-smogtours-gen3ou-804849">
{"id":"smogtours-gen3ou-804849","format":"[Gen 3] OU","players":["luckii_girl","Sorenz"],"uploadtime":1730770191,"views":29,"formatid":"gen3ou","rating":null,"private":0,"password":null}
</script>

<script defer src="js/replays.js?9d40a366"></script>
