<!DOCTYPE html>
<meta charset="utf-8" />
<meta name="viewport" content="width=device-width" />

<title>[Gen 3] OU: Churielix vs. loleinsmaragd - Replays - Pok&eacute;mon Showdown!</title>

<meta name="description" content="Watch a replay of a Pok&eacute;mon battle between Churielix and loleinsmaragd! Format: [Gen 3] OU; Date: Oct 13, 2024" />
<!--

Hey, you! Looking in the source for the replay log?

You can find them in JSON format, just add `.json` at the end of a replay URL.

https://replay.pokemonshowdown.com/gen7randomdoublesbattle-865046831.json

Or, if you only need the log itself, add `.log` instead:

https://replay.pokemonshowdown.com/gen7randomdoublesbattle-865046831.log

-->

<link rel="stylesheet" href="//pokemonshowdown.com/style/global.css?0.023195364461161105" />
<link rel="stylesheet" href="//play.pokemonshowdown.com/style/font-awesome.css?0.13261647063804238" />
<link rel="stylesheet" href="//play.pokemonshowdown.com/style/battle.css?0.8753245789963631" />
<link rel="stylesheet" href="//play.pokemonshowdown.com/style/utilichart.css?0.8627959624976733" />

<!-- Global site tag (gtag.js) - Google Analytics -->
<script async src="https://www.googletagmanager.com/gtag/js?id=UA-26211653-1"></script>
<script>
  window.dataLayer = window.dataLayer || [];
  function gtag(){dataLayer.push(arguments);}
  gtag('js', new Date());

  gtag('config', 'UA-26211653-1');
</script>
<!-- End Google Analytics -->
<!-- Venatus Ad Manager - Install in <HEAD> of page -->
	<script src="https://hb.vntsm.com/v3/live/ad-manager.min.js" type="text/javascript" data-site-id="642aba63ec9a7b11c3c9c1be" data-mode="scan" async></script>
<!-- / Venatus Ad Manager -->

<style>
	@media (max-width:820px) {
		.battle {
			margin: 0 auto;
		}
		.battle-log {
			margin: 7px auto 0;
			max-width: 640px;
			height: 300px;
			position: static;
		}
	}
	.optgroup {
		display: inline-block;
		line-height: 22px;
		font-size: 10pt;
	}
	.optgroup .button {
		height: 25px;
		padding-top: 0;
		padding-bottom: 0;
	}
	.optgroup button.button {
		padding-left: 12px;
		padding-right: 12px;
	}
	.linklist {
		list-style: none;
		margin: 0.5em 0;
		padding: 0;
	}
	.linklist li {
		padding: 2px 0;
	}
	.sidebar {
		float: left;
		width: 320px;
	}
	.bar-wrapper {
		max-width: 1100px;
		margin: 0 auto;
	}
	.bar-wrapper.has-sidebar {
		max-width: 1430px;
	}
	.mainbar {
		margin: 0;
		padding-right: 1px;
	}
	.mainbar.has-sidebar {
		margin-left: 330px;
	}
	@media (min-width: 1511px) {
		.sidebar {
			width: 400px;
		}
		.bar-wrapper.has-sidebar {
			max-width: 1510px;
		}
		.mainbar.has-sidebar {
			margin-left: 410px;
		}
	}
	.section.first-section {
		margin-top: 9px;
	}
	.blocklink small {
		white-space: normal;
	}
	.button {
		vertical-align: middle;
	}
	.replay-controls {
		padding-top: 10px;
	}
	.replay-controls h1 {
		font-size: 16pt;
		font-weight: normal;
		color: #CCC;
	}
	.pagelink {
		text-align: center;
	}
	.pagelink a {
		width: 150px;
	}
	.textbox, .button {
		font-size: 11pt;
		vertical-align: middle;
	}
	@media (max-width: 450px) {
		.button {
			font-size: 9pt;
		}
	}
</style>

<div>

	<header>
		<div class="nav-wrapper"><ul class="nav">
			<li><a class="button nav-first" href="//pokemonshowdown.com/"><img src="//pokemonshowdown.com/images/pokemonshowdownbeta.png" srcset="//pokemonshowdown.com/images/pokemonshowdownbeta.png 1x, //pokemonshowdown.com/images/pokemonshowdownbeta@2x.png 2x" alt="Pok&eacute;mon Showdown" width="146" height="44" /> Home</a></li>
			<li><a class="button" href="//pokemonshowdown.com/dex/">Pok&eacute;dex</a></li>
			<li><a class="button cur" href="/">Replays</a></li>
			<li><a class="button" href="//pokemonshowdown.com/ladder/">Ladder</a></li>
			<li><a class="button nav-last" href="//pokemonshowdown.com/forums/">Forum</a></li>
			<li><a class="button greenbutton nav-first nav-last" href="//play.pokemonshowdown.com/">Play</a></li>
		</ul></div>
	</header>

	<div class="main" id="main">

		<noscript><section class="section">You need to enable JavaScript to use this page; sorry!</section></noscript>

	</div>

</div>

<script defer nomodule src="//play.pokemonshowdown.com/js/lib/ps-polyfill.js"></script>
<script defer src="//play.pokemonshowdown.com/js/lib/preact.min.js"></script>

<script defer src="//play.pokemonshowdown.com/config/config.js?2bddbc15"></script>
<script defer src="//play.pokemonshowdown.com/js/lib/jquery-1.11.0.min.js"></script>
<script defer src="//play.pokemonshowdown.com/js/lib/html-sanitizer-minified.js"></script>
<script defer src="//play.pokemonshowdown.com/js/battle-sound.js"></script>
<script defer src="//play.pokemonshowdown.com/js/battledata.js?0.7209276989879541"></script>
<script defer src="//play.pokemonshowdown.com/data/pokedex-mini.js?0.6111056340867951"></script>
<script defer src="//play.pokemonshowdown.com/data/pokedex-mini-bw.js?0.3532142036491459"></script>
<script defer src="//play.pokemonshowdown.com/data/graphics.js?0.24223875632456182"></script>
<script defer src="//play.pokemonshowdown.com/data/pokedex.js?0.38839984266356864"></script>
<script defer src="//play.pokemonshowdown.com/data/moves.js?0.21866028504024015"></script>
<script defer src="//play.pokemonshowdown.com/data/abilities.js?0.2005157953846628"></script>
<script defer src="//play.pokemonshowdown.com/data/items.js?0.9894211263848525"></script>
<script defer src="//play.pokemonshowdown.com/data/teambuilder-tables.js?0.6008791140282215"></script>
<script defer src="//play.pokemonshowdown.com/js/battle-tooltips.js?0.7580118955022959"></script>
<script defer src="//play.pokemonshowdown.com/js/battle.js?0.6057722274234274"></script>

<script defer src="js/utils.js?e31f9a17"></script>
<script defer src="js/replays-battle.js?7008c182"></script>

<!-- don't scrape this data! just add .json or .log after the URL!
Full API docs: https://github.com/smogon/pokemon-showdown-client/blob/master/WEB-API.md -->
<script type="text/plain" class="log" id="replaylog-smogtours-gen3ou-798026">
|inactive|Battle timer is ON: inactive players will automatically lose when time's up.
|t:|1728829652
|gametype|singles
|player|p1|Churielix|lucas|
|player|p2|loleinsmaragd|clerk-boss|
|teamsize|p1|6
|teamsize|p2|6
|gen|3
|tier|[Gen 3] OU
|rule|Sleep Clause Mod: Limit one foe put to sleep
|rule|Switch Priority Clause Mod: Faster Pokémon switch first
|rule|Species Clause: Limit one of each Pokémon
|rule|OHKO Clause: OHKO moves are banned
|rule|Evasion Items Clause: Evasion items are banned
|rule|Evasion Moves Clause: Evasion moves are banned
|rule|Endless Battle Clause: Forcing endless battles is banned
|rule|HP Percentage Mod: HP is shown in percentages
|rule|One Boost Passer Clause: Limit one Baton Passer that has a way to boost its stats
|rule|Freeze Clause Mod: Limit one foe frozen
|
|t:|1728829652
|start
|switch|p1a: Metagross|Metagross|100/100
|switch|p2a: Skarmory|Skarmory, M|100/100
|turn|1
|
|t:|1728829657
|move|p2a: Skarmory|Spikes|p1a: Metagross
|-sidestart|p1: Churielix|Spikes
|move|p1a: Metagross|Hidden Power|p2a: Skarmory
|-supereffective|p2a: Skarmory
|-damage|p2a: Skarmory|58/100
|
|-heal|p2a: Skarmory|64/100|[from] item: Leftovers
|upkeep
|turn|2
|
|t:|1728829666
|switch|p1a: Magneton|Magneton|100/100
|-damage|p1a: Magneton|88/100|[from] Spikes
|move|p2a: Skarmory|Spikes|p1a: Magneton
|-sidestart|p1: Churielix|Spikes
|
|-heal|p2a: Skarmory|70/100|[from] item: Leftovers
|upkeep
|turn|3
|
|t:|1728829670
|move|p2a: Skarmory|Protect|p2a: Skarmory
|-singleturn|p2a: Skarmory|Protect
|move|p1a: Magneton|Thunderbolt|p2a: Skarmory
|-activate|p2a: Skarmory|Protect
|
|-heal|p2a: Skarmory|76/100|[from] item: Leftovers
|upkeep
|turn|4
|
|t:|1728829674
|move|p1a: Magneton|Thunderbolt|p2a: Skarmory
|-supereffective|p2a: Skarmory
|-damage|p2a: Skarmory|0 fnt
|faint|p2a: Skarmory
|
|t:|1728829676
|switch|p2a: Moltres|Moltres|100/100
|
|upkeep
|turn|5
|
|t:|1728829681
|switch|p1a: Salamence|Salamence, M|100/100
|-ability|p1a: Salamence|Intimidate|boost
|-unboost|p2a: Moltres|atk|1
|move|p2a: Moltres|Flamethrower|p1a: Salamence
|-resisted|p1a: Salamence
|-damage|p1a: Salamence|76/100
|
|-heal|p1a: Salamence|82/100|[from] item: Leftovers
|upkeep
|turn|6
|c|+Sheik|Es revival)
|c|+Sheik|?
|
|t:|1728829691
|switch|p2a: Flygon|Flygon, M|100/100
|move|p1a: Salamence|Rock Slide|p2a: Flygon
|-resisted|p2a: Flygon
|-damage|p2a: Flygon|89/100
|
|-heal|p1a: Salamence|88/100|[from] item: Leftovers
|-heal|p2a: Flygon|95/100|[from] item: Leftovers
|upkeep
|turn|7
|
|t:|1728829697
|switch|p1a: Celebi|Celebi|100/100
|-damage|p1a: Celebi|84/100|[from] Spikes
|move|p2a: Flygon|Protect||[still]
|-fail|p2a: Flygon
|
|-heal|p1a: Celebi|90/100|[from] item: Leftovers
|-heal|p2a: Flygon|100/100|[from] item: Leftovers
|upkeep
|turn|8
|
|t:|1728829701
|move|p2a: Flygon|Protect|p2a: Flygon
|-singleturn|p2a: Flygon|Protect
|move|p1a: Celebi|Leech Seed|p2a: Flygon
|-activate|p2a: Flygon|Protect
|
|-heal|p1a: Celebi|96/100|[from] item: Leftovers
|upkeep
|turn|9
|
|t:|1728829710
|switch|p2a: Misdreavus|Misdreavus, F|100/100
|move|p1a: Celebi|Leech Seed|p2a: Misdreavus
|-start|p2a: Misdreavus|move: Leech Seed
|
|-heal|p1a: Celebi|100/100|[from] item: Leftovers
|-damage|p2a: Misdreavus|88/100|[from] Leech Seed|[of] p1a: Celebi
|upkeep
|turn|10
|c|☆Churielix|si sheik
|
|t:|1728829726
|move|p1a: Celebi|Psychic|p2a: Misdreavus
|-damage|p2a: Misdreavus|61/100
|move|p2a: Misdreavus|Perish Song|p2a: Misdreavus
|-start|p1a: Celebi|perish3|[silent]
|-start|p2a: Misdreavus|perish3|[silent]
|-fieldactivate|move: Perish Song
|
|-heal|p2a: Misdreavus|67/100|[from] item: Leftovers
|-damage|p2a: Misdreavus|55/100|[from] Leech Seed|[of] p1a: Celebi
|-start|p1a: Celebi|perish3
|-start|p2a: Misdreavus|perish3
|upkeep
|turn|11
|
|t:|1728829739
|switch|p1a: Salamence|Salamence, M|88/100
|-ability|p1a: Salamence|Intimidate|boost
|-unboost|p2a: Misdreavus|atk|1
|move|p2a: Misdreavus|Mean Look|p1a: Salamence
|-activate|p1a: Salamence|trapped
|
|-heal|p1a: Salamence|94/100|[from] item: Leftovers
|-heal|p2a: Misdreavus|61/100|[from] item: Leftovers
|-damage|p2a: Misdreavus|49/100|[from] Leech Seed|[of] p1a: Salamence
|-heal|p1a: Salamence|100/100|[silent]
|-start|p2a: Misdreavus|perish2
|upkeep
|turn|12
|
|t:|1728829749
|switch|p2a: Flygon|Flygon, M|100/100
|move|p1a: Salamence|Hidden Power|p2a: Flygon
|-damage|p2a: Flygon|68/100
|
|-heal|p2a: Flygon|74/100|[from] item: Leftovers
|upkeep
|turn|13
|
|t:|1728829757
|switch|p1a: Celebi|Celebi|100/100
|-damage|p1a: Celebi|84/100|[from] Spikes
|move|p2a: Flygon|Rock Slide|p1a: Celebi
|-damage|p1a: Celebi|72/100
|
|-heal|p1a: Celebi|78/100|[from] item: Leftovers
|-heal|p2a: Flygon|80/100|[from] item: Leftovers
|upkeep
|turn|14
|
|t:|1728829769
|switch|p2a: Blissey|Blissey, F|100/100
|move|p1a: Celebi|Leech Seed|p2a: Blissey
|-start|p2a: Blissey|move: Leech Seed
|
|-heal|p1a: Celebi|85/100|[from] item: Leftovers
|-damage|p2a: Blissey|88/100|[from] Leech Seed|[of] p1a: Celebi
|-heal|p1a: Celebi|100/100|[silent]
|upkeep
|turn|15
|
|t:|1728829780
|switch|p1a: Snorlax|Snorlax, M|100/100
|-damage|p1a: Snorlax|84/100|[from] Spikes
|switch|p2a: Moltres|Moltres|100/100
|
|-heal|p1a: Snorlax|90/100|[from] item: Leftovers
|upkeep
|turn|16
|
|t:|1728829786
|move|p2a: Moltres|Will-O-Wisp|p1a: Snorlax
|-status|p1a: Snorlax|brn
|move|p1a: Snorlax|Body Slam|p2a: Moltres
|-damage|p2a: Moltres|77/100
|
|-heal|p2a: Moltres|83/100|[from] item: Leftovers
|-heal|p1a: Snorlax|96/100 brn|[from] item: Leftovers
|-damage|p1a: Snorlax|84/100 brn|[from] brn
|upkeep
|turn|17
|
|t:|1728829794
|switch|p2a: Misdreavus|Misdreavus, F|49/100
|move|p1a: Snorlax|Body Slam|p2a: Misdreavus
|-immune|p2a: Misdreavus
|
|-heal|p2a: Misdreavus|55/100|[from] item: Leftovers
|-heal|p1a: Snorlax|90/100 brn|[from] item: Leftovers
|-damage|p1a: Snorlax|78/100 brn|[from] brn
|upkeep
|turn|18
|
|t:|1728829801
|switch|p1a: Magneton|Magneton|88/100
|-damage|p1a: Magneton|71/100|[from] Spikes
|move|p2a: Misdreavus|Perish Song|p2a: Misdreavus
|-start|p1a: Magneton|perish3|[silent]
|-start|p2a: Misdreavus|perish3|[silent]
|-fieldactivate|move: Perish Song
|
|-heal|p2a: Misdreavus|61/100|[from] item: Leftovers
|-start|p1a: Magneton|perish3
|-start|p2a: Misdreavus|perish3
|upkeep
|turn|19
|
|t:|1728829811
|move|p1a: Magneton|Thunderbolt|p2a: Misdreavus
|-damage|p2a: Misdreavus|17/100
|move|p2a: Misdreavus|Mean Look|p1a: Magneton
|-activate|p1a: Magneton|trapped
|
|-heal|p2a: Misdreavus|23/100|[from] item: Leftovers
|-start|p1a: Magneton|perish2
|-start|p2a: Misdreavus|perish2
|upkeep
|turn|20
|
|t:|1728829823
|switch|p2a: Blissey|Blissey, F|88/100
|move|p1a: Magneton|Hidden Power|p2a: Blissey
|-damage|p2a: Blissey|78/100
|
|-heal|p2a: Blissey|84/100|[from] item: Leftovers
|-start|p1a: Magneton|perish1
|upkeep
|turn|21
|
|t:|1728829831
|switch|p1a: Celebi|Celebi|100/100
|-damage|p1a: Celebi|84/100|[from] Spikes
|move|p2a: Blissey|Seismic Toss|p1a: Celebi
|-damage|p1a: Celebi|59/100
|
|-heal|p1a: Celebi|65/100|[from] item: Leftovers
|-heal|p2a: Blissey|91/100|[from] item: Leftovers
|upkeep
|turn|22
|
|t:|1728829836
|move|p1a: Celebi|Leech Seed|p2a: Blissey
|-start|p2a: Blissey|move: Leech Seed
|move|p2a: Blissey|Ice Beam|p1a: Celebi
|-supereffective|p1a: Celebi
|-damage|p1a: Celebi|25/100
|
|-heal|p1a: Celebi|31/100|[from] item: Leftovers
|-heal|p2a: Blissey|97/100|[from] item: Leftovers
|-damage|p2a: Blissey|84/100|[from] Leech Seed|[of] p1a: Celebi
|-heal|p1a: Celebi|51/100|[silent]
|upkeep
|turn|23
|
|t:|1728829850
|move|p1a: Celebi|Recover|p1a: Celebi
|-heal|p1a: Celebi|100/100
|move|p2a: Blissey|Ice Beam|p1a: Celebi
|-supereffective|p1a: Celebi
|-damage|p1a: Celebi|58/100
|
|-heal|p1a: Celebi|64/100|[from] item: Leftovers
|-heal|p2a: Blissey|90/100|[from] item: Leftovers
|-damage|p2a: Blissey|78/100|[from] Leech Seed|[of] p1a: Celebi
|-heal|p1a: Celebi|84/100|[silent]
|upkeep
|turn|24
|
|t:|1728829857
|switch|p1a: Metagross|Metagross|100/100
|-damage|p1a: Metagross|84/100|[from] Spikes
|switch|p2a: Zapdos|Zapdos|100/100
|
|-heal|p1a: Metagross|90/100|[from] item: Leftovers
|upkeep
|turn|25
|
|t:|1728829864
|switch|p1a: Celebi|Celebi|84/100
|-damage|p1a: Celebi|68/100|[from] Spikes
|move|p2a: Zapdos|Thunderbolt|p1a: Celebi
|-resisted|p1a: Celebi
|-damage|p1a: Celebi|51/100
|
|-heal|p1a: Celebi|57/100|[from] item: Leftovers
|upkeep
|turn|26
|
|t:|1728829874
|switch|p2a: Blissey|Blissey, F|78/100
|move|p1a: Celebi|Recover|p1a: Celebi
|-heal|p1a: Celebi|100/100
|
|-heal|p2a: Blissey|84/100|[from] item: Leftovers
|upkeep
|turn|27
|
|t:|1728829884
|move|p1a: Celebi|Leech Seed|p2a: Blissey
|-start|p2a: Blissey|move: Leech Seed
|move|p2a: Blissey|Seismic Toss|p1a: Celebi
|-damage|p1a: Celebi|76/100
|
|-heal|p1a: Celebi|82/100|[from] item: Leftovers
|-heal|p2a: Blissey|90/100|[from] item: Leftovers
|-damage|p2a: Blissey|78/100|[from] Leech Seed|[of] p1a: Celebi
|-heal|p1a: Celebi|100/100|[silent]
|upkeep
|turn|28
|
|t:|1728829892
|switch|p2a: Moltres|Moltres|83/100
|move|p1a: Celebi|Psychic|p2a: Moltres
|-damage|p2a: Moltres|46/100
|
|-heal|p2a: Moltres|52/100|[from] item: Leftovers
|upkeep
|turn|29
|
|t:|1728829901
|switch|p1a: Milotic|Milotic, M|100/100
|-damage|p1a: Milotic|84/100|[from] Spikes
|move|p2a: Moltres|Flamethrower|p1a: Milotic
|-resisted|p1a: Milotic
|-damage|p1a: Milotic|65/100
|
|-heal|p2a: Moltres|58/100|[from] item: Leftovers
|-heal|p1a: Milotic|71/100|[from] item: Leftovers
|upkeep
|turn|30
|
|t:|1728829910
|switch|p2a: Blissey|Blissey, F|78/100
|move|p1a: Milotic|Recover|p1a: Milotic
|-heal|p1a: Milotic|100/100
|
|-heal|p2a: Blissey|84/100|[from] item: Leftovers
|upkeep
|turn|31
|
|t:|1728829915
|switch|p1a: Metagross|Metagross|90/100
|-damage|p1a: Metagross|74/100|[from] Spikes
|move|p2a: Blissey|Seismic Toss|p1a: Metagross
|-damage|p1a: Metagross|46/100
|
|-heal|p1a: Metagross|52/100|[from] item: Leftovers
|-heal|p2a: Blissey|90/100|[from] item: Leftovers
|upkeep
|turn|32
|
|t:|1728829924
|switch|p2a: Flygon|Flygon, M|80/100
|move|p1a: Metagross|Psychic|p2a: Flygon
|-damage|p2a: Flygon|37/100
|
|-heal|p2a: Flygon|43/100|[from] item: Leftovers
|-heal|p1a: Metagross|58/100|[from] item: Leftovers
|upkeep
|turn|33
|
|t:|1728829937
|switch|p1a: Celebi|Celebi|100/100
|-damage|p1a: Celebi|84/100|[from] Spikes
|move|p2a: Flygon|Protect||[still]
|-fail|p2a: Flygon
|
|-heal|p1a: Celebi|90/100|[from] item: Leftovers
|-heal|p2a: Flygon|49/100|[from] item: Leftovers
|upkeep
|turn|34
|
|t:|1728829955
|move|p2a: Flygon|Protect|p2a: Flygon
|-singleturn|p2a: Flygon|Protect
|move|p1a: Celebi|Leech Seed|p2a: Flygon
|-activate|p2a: Flygon|Protect
|
|-heal|p1a: Celebi|96/100|[from] item: Leftovers
|-heal|p2a: Flygon|55/100|[from] item: Leftovers
|upkeep
|turn|35
|
|t:|1728829960
|switch|p2a: Zapdos|Zapdos|100/100
|move|p1a: Celebi|Leech Seed|p2a: Zapdos
|-start|p2a: Zapdos|move: Leech Seed
|
|-heal|p1a: Celebi|100/100|[from] item: Leftovers
|-damage|p2a: Zapdos|88/100|[from] Leech Seed|[of] p1a: Celebi
|upkeep
|turn|36
|
|t:|1728829967
|move|p1a: Celebi|Psychic|p2a: Zapdos
|-damage|p2a: Zapdos|65/100
|move|p2a: Zapdos|Roar|p1a: Celebi
|drag|p1a: Salamence|Salamence, M|100/100
|-ability|p1a: Salamence|Intimidate|boost
|-unboost|p2a: Zapdos|atk|1
|
|-heal|p2a: Zapdos|71/100|[from] item: Leftovers
|-damage|p2a: Zapdos|59/100|[from] Leech Seed|[of] p1a: Salamence
|upkeep
|turn|37
|
|t:|1728829985
|switch|p1a: Celebi|Celebi|100/100
|-damage|p1a: Celebi|84/100|[from] Spikes
|switch|p2a: Misdreavus|Misdreavus, F|23/100
|
|-heal|p1a: Celebi|90/100|[from] item: Leftovers
|-heal|p2a: Misdreavus|29/100|[from] item: Leftovers
|upkeep
|turn|38
|
|t:|1728829991
|move|p1a: Celebi|Psychic|p2a: Misdreavus
|-damage|p2a: Misdreavus|1/100
|-unboost|p2a: Misdreavus|spd|1
|move|p2a: Misdreavus|Rest|p2a: Misdreavus
|-status|p2a: Misdreavus|slp|[from] move: Rest
|-heal|p2a: Misdreavus|100/100 slp|[silent]
|
|-heal|p1a: Celebi|96/100|[from] item: Leftovers
|upkeep
|turn|39
|
|t:|1728830008
|switch|p2a: Blissey|Blissey, F|90/100
|move|p1a: Celebi|Leech Seed|p2a: Blissey
|-start|p2a: Blissey|move: Leech Seed
|
|-heal|p1a: Celebi|100/100|[from] item: Leftovers
|-heal|p2a: Blissey|96/100|[from] item: Leftovers
|-damage|p2a: Blissey|84/100|[from] Leech Seed|[of] p1a: Celebi
|upkeep
|turn|40
|
|t:|1728830017
|switch|p1a: Metagross|Metagross|58/100
|-damage|p1a: Metagross|42/100|[from] Spikes
|switch|p2a: Flygon|Flygon, M|55/100
|
|-heal|p2a: Flygon|61/100|[from] item: Leftovers
|-heal|p1a: Metagross|48/100|[from] item: Leftovers
|upkeep
|turn|41
|
|t:|1728830023
|switch|p1a: Celebi|Celebi|100/100
|-damage|p1a: Celebi|84/100|[from] Spikes
|move|p2a: Flygon|Rock Slide|p1a: Celebi
|-damage|p1a: Celebi|72/100
|
|-heal|p1a: Celebi|78/100|[from] item: Leftovers
|-heal|p2a: Flygon|67/100|[from] item: Leftovers
|upkeep
|turn|42
|
|t:|1728830032
|move|p2a: Flygon|Protect|p2a: Flygon
|-singleturn|p2a: Flygon|Protect
|move|p1a: Celebi|Leech Seed|p2a: Flygon
|-activate|p2a: Flygon|Protect
|
|-heal|p1a: Celebi|84/100|[from] item: Leftovers
|-heal|p2a: Flygon|74/100|[from] item: Leftovers
|upkeep
|turn|43
|
|t:|1728830038
|switch|p2a: Zapdos|Zapdos|59/100
|move|p1a: Celebi|Leech Seed|p2a: Zapdos
|-start|p2a: Zapdos|move: Leech Seed
|
|-heal|p1a: Celebi|91/100|[from] item: Leftovers
|-heal|p2a: Zapdos|65/100|[from] item: Leftovers
|-damage|p2a: Zapdos|52/100|[from] Leech Seed|[of] p1a: Celebi
|-heal|p1a: Celebi|100/100|[silent]
|upkeep
|turn|44
|
|t:|1728830047
|switch|p2a: Blissey|Blissey, F|84/100
|move|p1a: Celebi|Psychic|p2a: Blissey
|-damage|p2a: Blissey|71/100
|
|-heal|p2a: Blissey|77/100|[from] item: Leftovers
|upkeep
|turn|45
|
|t:|1728830055
|move|p1a: Celebi|Leech Seed|p2a: Blissey
|-start|p2a: Blissey|move: Leech Seed
|move|p2a: Blissey|Seismic Toss|p1a: Celebi
|-damage|p1a: Celebi|76/100
|
|-heal|p1a: Celebi|82/100|[from] item: Leftovers
|-heal|p2a: Blissey|83/100|[from] item: Leftovers
|-damage|p2a: Blissey|70/100|[from] Leech Seed|[of] p1a: Celebi
|-heal|p1a: Celebi|100/100|[silent]
|upkeep
|turn|46
|
|t:|1728830063
|switch|p2a: Zapdos|Zapdos|52/100
|move|p1a: Celebi|Leech Seed|p2a: Zapdos
|-start|p2a: Zapdos|move: Leech Seed
|
|-heal|p2a: Zapdos|59/100|[from] item: Leftovers
|-damage|p2a: Zapdos|46/100|[from] Leech Seed|[of] p1a: Celebi
|upkeep
|turn|47
|
|t:|1728830069
|move|p1a: Celebi|Psychic|p2a: Zapdos
|-damage|p2a: Zapdos|25/100
|move|p2a: Zapdos|Rest|p2a: Zapdos
|-status|p2a: Zapdos|slp|[from] move: Rest
|-heal|p2a: Zapdos|100/100 slp|[silent]
|
|-damage|p2a: Zapdos|88/100 slp|[from] Leech Seed|[of] p1a: Celebi
|upkeep
|turn|48
|
|t:|1728830078
|switch|p1a: Metagross|Metagross|48/100
|-damage|p1a: Metagross|31/100|[from] Spikes
|switch|p2a: Blissey|Blissey, F|70/100
|
|-heal|p1a: Metagross|37/100|[from] item: Leftovers
|-heal|p2a: Blissey|77/100|[from] item: Leftovers
|upkeep
|turn|49
|
|t:|1728830099
|switch|p2a: Moltres|Moltres|58/100
|move|p1a: Metagross|Psychic|p2a: Moltres
|-damage|p2a: Moltres|13/100
|
|-heal|p2a: Moltres|20/100|[from] item: Leftovers
|-heal|p1a: Metagross|43/100|[from] item: Leftovers
|upkeep
|turn|50
|
|t:|1728830105
|switch|p1a: Milotic|Milotic, M|100/100
|-damage|p1a: Milotic|84/100|[from] Spikes
|move|p2a: Moltres|Flamethrower|p1a: Milotic
|-resisted|p1a: Milotic
|-damage|p1a: Milotic|66/100
|
|-heal|p2a: Moltres|26/100|[from] item: Leftovers
|-heal|p1a: Milotic|72/100|[from] item: Leftovers
|upkeep
|turn|51
|
|t:|1728830113
|move|p2a: Moltres|Rest|p2a: Moltres
|-status|p2a: Moltres|slp|[from] move: Rest
|-heal|p2a: Moltres|100/100 slp|[silent]
|move|p1a: Milotic|Surf|p2a: Moltres
|-supereffective|p2a: Moltres
|-damage|p2a: Moltres|27/100 slp
|
|-heal|p2a: Moltres|33/100 slp|[from] item: Leftovers
|-heal|p1a: Milotic|78/100|[from] item: Leftovers
|upkeep
|turn|52
|
|t:|1728830129
|switch|p2a: Blissey|Blissey, F|77/100
|switch|p1a: Metagross|Metagross|43/100
|-damage|p1a: Metagross|27/100|[from] Spikes
|
|-heal|p1a: Metagross|33/100|[from] item: Leftovers
|-heal|p2a: Blissey|83/100|[from] item: Leftovers
|upkeep
|turn|53
|
|t:|1728830137
|move|p1a: Metagross|Meteor Mash|p2a: Blissey
|-damage|p2a: Blissey|35/100
|move|p2a: Blissey|Seismic Toss|p1a: Metagross
|-damage|p1a: Metagross|5/100
|
|-heal|p1a: Metagross|11/100|[from] item: Leftovers
|-heal|p2a: Blissey|41/100|[from] item: Leftovers
|upkeep
|turn|54
|
|t:|1728830151
|switch|p2a: Zapdos|Zapdos|88/100 slp
|move|p1a: Metagross|Psychic|p2a: Zapdos
|-damage|p2a: Zapdos|59/100 slp
|
|-heal|p2a: Zapdos|65/100 slp|[from] item: Leftovers
|-heal|p1a: Metagross|18/100|[from] item: Leftovers
|upkeep
|turn|55
|
|t:|1728830159
|cant|p2a: Zapdos|slp
|move|p2a: Zapdos|Sleep Talk|p2a: Zapdos
|move|p2a: Zapdos|Rest|p2a: Zapdos|[from]Sleep Talk
|move|p1a: Metagross|Explosion|p2a: Zapdos
|-damage|p2a: Zapdos|0 fnt
|faint|p1a: Metagross
|faint|p2a: Zapdos
|
|t:|1728830174
|switch|p2a: Blissey|Blissey, F|41/100
|switch|p1a: Salamence|Salamence, M|100/100
|-ability|p1a: Salamence|Intimidate|boost
|-unboost|p2a: Blissey|atk|1
|
|-heal|p2a: Blissey|47/100|[from] item: Leftovers
|upkeep
|turn|56
|
|t:|1728830187
|switch|p2a: Flygon|Flygon, M|74/100
|move|p1a: Salamence|Dragon Dance|p1a: Salamence
|-boost|p1a: Salamence|atk|1
|-boost|p1a: Salamence|spe|1
|
|-heal|p2a: Flygon|80/100|[from] item: Leftovers
|upkeep
|turn|57
|
|t:|1728830192
|move|p1a: Salamence|Hidden Power|p2a: Flygon
|-damage|p2a: Flygon|32/100
|move|p2a: Flygon|Rock Slide|p1a: Salamence
|-supereffective|p1a: Salamence
|-damage|p1a: Salamence|56/100
|
|-heal|p1a: Salamence|62/100|[from] item: Leftovers
|-heal|p2a: Flygon|38/100|[from] item: Leftovers
|upkeep
|turn|58
|
|t:|1728830202
|move|p1a: Salamence|Dragon Dance|p1a: Salamence
|-boost|p1a: Salamence|atk|1
|-boost|p1a: Salamence|spe|1
|move|p2a: Flygon|Rock Slide|p1a: Salamence
|-supereffective|p1a: Salamence
|-damage|p1a: Salamence|16/100
|
|-heal|p1a: Salamence|22/100|[from] item: Leftovers
|-heal|p2a: Flygon|44/100|[from] item: Leftovers
|upkeep
|turn|59
|
|t:|1728830210
|move|p2a: Flygon|Protect|p2a: Flygon
|-singleturn|p2a: Flygon|Protect
|move|p1a: Salamence|Hidden Power|p2a: Flygon
|-activate|p2a: Flygon|Protect
|
|-heal|p1a: Salamence|28/100|[from] item: Leftovers
|-heal|p2a: Flygon|50/100|[from] item: Leftovers
|upkeep
|turn|60
|
|t:|1728830219
|switch|p2a: Moltres|Moltres|33/100 slp
|move|p1a: Salamence|Hidden Power|p2a: Moltres
|-damage|p2a: Moltres|0 fnt
|faint|p2a: Moltres
|
|t:|1728830228
|switch|p2a: Flygon|Flygon, M|50/100
|
|-heal|p1a: Salamence|34/100|[from] item: Leftovers
|-heal|p2a: Flygon|56/100|[from] item: Leftovers
|upkeep
|turn|61
|
|t:|1728830253
|switch|p2a: Blissey|Blissey, F|47/100
|move|p1a: Salamence|Hidden Power|p2a: Blissey
|-damage|p2a: Blissey|0 fnt
|faint|p2a: Blissey
|
|t:|1728830258
|switch|p2a: Flygon|Flygon, M|56/100
|
|-heal|p1a: Salamence|40/100|[from] item: Leftovers
|-heal|p2a: Flygon|62/100|[from] item: Leftovers
|upkeep
|turn|62
|
|t:|1728830262
|move|p1a: Salamence|Hidden Power|p2a: Flygon
|-damage|p2a: Flygon|0 fnt
|faint|p2a: Flygon
|
|t:|1728830265
|switch|p2a: Misdreavus|Misdreavus, F|100/100 slp
|
|-heal|p1a: Salamence|46/100|[from] item: Leftovers
|upkeep
|turn|63
|
|t:|1728830267
|move|p1a: Salamence|Hidden Power|p2a: Misdreavus
|-damage|p2a: Misdreavus|0 fnt
|faint|p2a: Misdreavus
|
|win|Churielix
|c|☆loleinsmaragd|Gg
|c|☆Churielix|/log Churielix made the replay of this battle unlisted.
|c|☆Churielix|ggs

</script>
<script type="application/json" class="data" id="replaydata-smogtours-gen3ou-798026">
{"id":"smogtours-gen3ou-798026","format":"[Gen 3] OU","players":["Churielix","loleinsmaragd"],"uploadtime":1728830267,"views":143,"formatid":"gen3ou","rating":null,"private":1,"password":null}
</script>

<script defer src="js/replays.js?9d40a366"></script>
