<!DOCTYPE html>
<meta charset="utf-8" />
<meta name="viewport" content="width=device-width" />

<title>[Gen 3] OU: niiiccck vs. CD56 - Replays - Pok&eacute;mon Showdown!</title>

<meta name="description" content="Watch a replay of a Pok&eacute;mon battle between niiiccck and CD56! Format: [Gen 3] OU; Date: Oct 11, 2024" />
<!--

Hey, you! Looking in the source for the replay log?

You can find them in JSON format, just add `.json` at the end of a replay URL.

https://replay.pokemonshowdown.com/gen7randomdoublesbattle-865046831.json

Or, if you only need the log itself, add `.log` instead:

https://replay.pokemonshowdown.com/gen7randomdoublesbattle-865046831.log

-->

<link rel="stylesheet" href="//pokemonshowdown.com/style/global.css?0.767286132409787" />
<link rel="stylesheet" href="//play.pokemonshowdown.com/style/font-awesome.css?0.9266228007934947" />
<link rel="stylesheet" href="//play.pokemonshowdown.com/style/battle.css?0.7924700842790926" />
<link rel="stylesheet" href="//play.pokemonshowdown.com/style/utilichart.css?0.8777417872839479" />

<!-- Global site tag (gtag.js) - Google Analytics -->
<script async src="https://www.googletagmanager.com/gtag/js?id=UA-26211653-1"></script>
<script>
  window.dataLayer = window.dataLayer || [];
  function gtag(){dataLayer.push(arguments);}
  gtag('js', new Date());

  gtag('config', 'UA-26211653-1');
</script>
<!-- End Google Analytics -->
<!-- Venatus Ad Manager - Install in <HEAD> of page -->
	<script src="https://hb.vntsm.com/v3/live/ad-manager.min.js" type="text/javascript" data-site-id="642aba63ec9a7b11c3c9c1be" data-mode="scan" async></script>
<!-- / Venatus Ad Manager -->

<style>
	@media (max-width:820px) {
		.battle {
			margin: 0 auto;
		}
		.battle-log {
			margin: 7px auto 0;
			max-width: 640px;
			height: 300px;
			position: static;
		}
	}
	.optgroup {
		display: inline-block;
		line-height: 22px;
		font-size: 10pt;
	}
	.optgroup .button {
		height: 25px;
		padding-top: 0;
		padding-bottom: 0;
	}
	.optgroup button.button {
		padding-left: 12px;
		padding-right: 12px;
	}
	.linklist {
		list-style: none;
		margin: 0.5em 0;
		padding: 0;
	}
	.linklist li {
		padding: 2px 0;
	}
	.sidebar {
		float: left;
		width: 320px;
	}
	.bar-wrapper {
		max-width: 1100px;
		margin: 0 auto;
	}
	.bar-wrapper.has-sidebar {
		max-width: 1430px;
	}
	.mainbar {
		margin: 0;
		padding-right: 1px;
	}
	.mainbar.has-sidebar {
		margin-left: 330px;
	}
	@media (min-width: 1511px) {
		.sidebar {
			width: 400px;
		}
		.bar-wrapper.has-sidebar {
			max-width: 1510px;
		}
		.mainbar.has-sidebar {
			margin-left: 410px;
		}
	}
	.section.first-section {
		margin-top: 9px;
	}
	.blocklink small {
		white-space: normal;
	}
	.button {
		vertical-align: middle;
	}
	.replay-controls {
		padding-top: 10px;
	}
	.replay-controls h1 {
		font-size: 16pt;
		font-weight: normal;
		color: #CCC;
	}
	.pagelink {
		text-align: center;
	}
	.pagelink a {
		width: 150px;
	}
	.textbox, .button {
		font-size: 11pt;
		vertical-align: middle;
	}
	@media (max-width: 450px) {
		.button {
			font-size: 9pt;
		}
	}
</style>

<div>

	<header>
		<div class="nav-wrapper"><ul class="nav">
			<li><a class="button nav-first" href="//pokemonshowdown.com/"><img src="//pokemonshowdown.com/images/pokemonshowdownbeta.png" srcset="//pokemonshowdown.com/images/pokemonshowdownbeta.png 1x, //pokemonshowdown.com/images/pokemonshowdownbeta@2x.png 2x" alt="Pok&eacute;mon Showdown" width="146" height="44" /> Home</a></li>
			<li><a class="button" href="//pokemonshowdown.com/dex/">Pok&eacute;dex</a></li>
			<li><a class="button cur" href="/">Replays</a></li>
			<li><a class="button" href="//pokemonshowdown.com/ladder/">Ladder</a></li>
			<li><a class="button nav-last" href="//pokemonshowdown.com/forums/">Forum</a></li>
			<li><a class="button greenbutton nav-first nav-last" href="//play.pokemonshowdown.com/">Play</a></li>
		</ul></div>
	</header>

	<div class="main" id="main">

		<noscript><section class="section">You need to enable JavaScript to use this page; sorry!</section></noscript>

	</div>

</div>

<script defer nomodule src="//play.pokemonshowdown.com/js/lib/ps-polyfill.js"></script>
<script defer src="//play.pokemonshowdown.com/js/lib/preact.min.js"></script>

<script defer src="//play.pokemonshowdown.com/config/config.js?6dec07f6"></script>
<script defer src="//play.pokemonshowdown.com/js/lib/jquery-1.11.0.min.js"></script>
<script defer src="//play.pokemonshowdown.com/js/lib/html-sanitizer-minified.js"></script>
<script defer src="//play.pokemonshowdown.com/js/battle-sound.js"></script>
<script defer src="//play.pokemonshowdown.com/js/battledata.js?0.6315294753075389"></script>
<script defer src="//play.pokemonshowdown.com/data/pokedex-mini.js?0.7603743185311358"></script>
<script defer src="//play.pokemonshowdown.com/data/pokedex-mini-bw.js?0.030888842834281283"></script>
<script defer src="//play.pokemonshowdown.com/data/graphics.js?0.05593094747507488"></script>
<script defer src="//play.pokemonshowdown.com/data/pokedex.js?0.47064822249611904"></script>
<script defer src="//play.pokemonshowdown.com/data/moves.js?0.8583693120512459"></script>
<script defer src="//play.pokemonshowdown.com/data/abilities.js?0.16017181182386842"></script>
<script defer src="//play.pokemonshowdown.com/data/items.js?0.4163379185673943"></script>
<script defer src="//play.pokemonshowdown.com/data/teambuilder-tables.js?0.31075597372830477"></script>
<script defer src="//play.pokemonshowdown.com/js/battle-tooltips.js?0.6536193500708172"></script>
<script defer src="//play.pokemonshowdown.com/js/battle.js?0.1916591943277901"></script>

<script defer src="js/utils.js?e31f9a17"></script>
<script defer src="js/replays-battle.js?7008c182"></script>

<!-- don't scrape this data! just add .json or .log after the URL!
Full API docs: https://github.com/smogon/pokemon-showdown-client/blob/master/WEB-API.md -->
<script type="text/plain" class="log" id="replaylog-smogtours-gen3ou-797114">
|inactive|Battle timer is ON: inactive players will automatically lose when time's up.
|t:|1728612883
|gametype|singles
|player|p1|niiiccck|265|
|player|p2|CD56|265|
|teamsize|p1|6
|teamsize|p2|6
|gen|3
|tier|[Gen 3] OU
|rule|Sleep Clause Mod: Limit one foe put to sleep
|rule|Switch Priority Clause Mod: Faster Pokémon switch first
|rule|Species Clause: Limit one of each Pokémon
|rule|OHKO Clause: OHKO moves are banned
|rule|Evasion Items Clause: Evasion items are banned
|rule|Evasion Moves Clause: Evasion moves are banned
|rule|Endless Battle Clause: Forcing endless battles is banned
|rule|HP Percentage Mod: HP is shown in percentages
|rule|One Boost Passer Clause: Limit one Baton Passer that has a way to boost its stats
|rule|Freeze Clause Mod: Limit one foe frozen
|
|t:|1728612883
|start
|switch|p1a: Slaking|Slaking, M|100/100
|switch|p2a: Salamence|Salamence, M|100/100
|-ability|p2a: Salamence|Intimidate|boost
|-unboost|p1a: Slaking|atk|1
|turn|1
|
|t:|1728612895
|switch|p2a: Metagross|Metagross|100/100
|move|p1a: Slaking|Double-Edge|p2a: Metagross
|-resisted|p2a: Metagross
|-damage|p2a: Metagross|72/100
|-damage|p1a: Slaking|93/100|[from] Recoil|[of] p2a: Metagross
|
|-heal|p2a: Metagross|78/100|[from] item: Leftovers
|upkeep
|turn|2
|
|t:|1728612904
|switch|p1a: Swampert|Swampert, M|100/100
|move|p2a: Metagross|Meteor Mash|p1a: Swampert
|-resisted|p1a: Swampert
|-damage|p1a: Swampert|79/100
|
|-heal|p2a: Metagross|85/100|[from] item: Leftovers
|-heal|p1a: Swampert|86/100|[from] item: Leftovers
|upkeep
|turn|3
|
|t:|1728612914
|switch|p2a: Celebi|Celebi|100/100
|move|p1a: Swampert|Surf|p2a: Celebi
|-resisted|p2a: Celebi
|-damage|p2a: Celebi|87/100
|
|-heal|p2a: Celebi|94/100|[from] item: Leftovers
|-heal|p1a: Swampert|92/100|[from] item: Leftovers
|upkeep
|turn|4
|
|t:|1728612926
|switch|p1a: Porygon2|Porygon2, shiny|100/100
|-ability|p1a: Porygon2|Natural Cure|[from] ability: Trace|[of] p2a: Celebi
|move|p2a: Celebi|Leech Seed|p1a: Porygon2
|-start|p1a: Porygon2|move: Leech Seed
|
|-heal|p2a: Celebi|99/100|[from] item: Leftovers
|-damage|p1a: Porygon2|88/100|[from] Leech Seed|[of] p2a: Celebi
|-heal|p2a: Celebi|100/100|[silent]
|upkeep
|turn|5
|
|t:|1728612938
|move|p2a: Celebi|Psychic|p1a: Porygon2
|-damage|p1a: Porygon2|58/100
|move|p1a: Porygon2|Ice Beam|p2a: Celebi
|-supereffective|p2a: Celebi
|-damage|p2a: Celebi|53/100
|
|-heal|p2a: Celebi|59/100|[from] item: Leftovers
|-heal|p1a: Porygon2|64/100|[from] item: Leftovers
|-damage|p1a: Porygon2|52/100|[from] Leech Seed|[of] p2a: Celebi
|-heal|p2a: Celebi|71/100|[silent]
|upkeep
|turn|6
|
|t:|1728612948
|switch|p2a: Metagross|Metagross|85/100
|move|p1a: Porygon2|Recover|p1a: Porygon2
|-heal|p1a: Porygon2|100/100
|
|-heal|p2a: Metagross|91/100|[from] item: Leftovers
|-damage|p1a: Porygon2|88/100|[from] Leech Seed|[of] p2a: Metagross
|-heal|p2a: Metagross|100/100|[silent]
|upkeep
|turn|7
|
|t:|1728612963
|switch|p2a: Skarmory|Skarmory, F|100/100
|switch|p1a: Slaking|Slaking, M|93/100
|
|upkeep
|turn|8
|
|t:|1728612970
|-singleturn|p1a: Slaking|move: Focus Punch
|move|p2a: Skarmory|Spikes|p1a: Slaking
|-sidestart|p1: niiiccck|Spikes
|move|p1a: Slaking|Focus Punch|p2a: Skarmory
|-damage|p2a: Skarmory|25/100
|
|-heal|p2a: Skarmory|31/100|[from] item: Leftovers
|upkeep
|turn|9
|
|t:|1728612981
|switch|p1a: Swampert|Swampert, M|92/100
|-damage|p1a: Swampert|79/100|[from] Spikes
|move|p2a: Skarmory|Drill Peck|p1a: Swampert
|-damage|p1a: Swampert|62/100
|
|-heal|p2a: Skarmory|37/100|[from] item: Leftovers
|-heal|p1a: Swampert|68/100|[from] item: Leftovers
|upkeep
|turn|10
|
|t:|1728612990
|move|p2a: Skarmory|Protect|p2a: Skarmory
|-singleturn|p2a: Skarmory|Protect
|move|p1a: Swampert|Surf|p2a: Skarmory
|-activate|p2a: Skarmory|Protect
|
|-heal|p2a: Skarmory|43/100|[from] item: Leftovers
|-heal|p1a: Swampert|74/100|[from] item: Leftovers
|upkeep
|turn|11
|
|t:|1728613018
|switch|p2a: Celebi|Celebi|71/100
|move|p1a: Swampert|Surf|p2a: Celebi
|-resisted|p2a: Celebi
|-damage|p2a: Celebi|60/100
|
|-heal|p2a: Celebi|66/100|[from] item: Leftovers
|-heal|p1a: Swampert|80/100|[from] item: Leftovers
|upkeep
|turn|12
|
|t:|1728613038
|switch|p2a: Tyranitar|Tyranitar, M|100/100
|-weather|Sandstorm|[from] ability: Sand Stream|[of] p2a: Tyranitar
|move|p1a: Swampert|Toxic|p2a: Tyranitar
|-status|p2a: Tyranitar|tox
|
|-weather|Sandstorm|[upkeep]
|-heal|p1a: Swampert|86/100|[from] item: Leftovers
|-damage|p2a: Tyranitar|94/100 tox|[from] psn
|upkeep
|turn|13
|inactive|niiiccck has 270 seconds left.
|
|t:|1728613073
|switch|p2a: Celebi|Celebi|66/100
|move|p1a: Swampert|Surf|p2a: Celebi
|-resisted|p2a: Celebi
|-damage|p2a: Celebi|53/100
|
|-weather|Sandstorm|[upkeep]
|-damage|p2a: Celebi|46/100|[from] Sandstorm
|-heal|p2a: Celebi|53/100|[from] item: Leftovers
|-heal|p1a: Swampert|93/100|[from] item: Leftovers
|upkeep
|turn|14
|
|t:|1728613082
|move|p2a: Celebi|Recover|p2a: Celebi
|-heal|p2a: Celebi|100/100
|move|p1a: Swampert|Toxic|p2a: Celebi|[miss]
|-miss|p1a: Swampert|p2a: Celebi
|
|-weather|Sandstorm|[upkeep]
|-damage|p2a: Celebi|94/100|[from] Sandstorm
|-heal|p2a: Celebi|100/100|[from] item: Leftovers
|-heal|p1a: Swampert|99/100|[from] item: Leftovers
|upkeep
|turn|15
|
|t:|1728613091
|move|p2a: Celebi|Hidden Power|p1a: Swampert
|-supereffective|p1a: Swampert
|-damage|p1a: Swampert|7/100
|move|p1a: Swampert|Toxic|p2a: Celebi
|-status|p2a: Celebi|tox
|
|-weather|Sandstorm|[upkeep]
|-damage|p2a: Celebi|94/100 tox|[from] Sandstorm
|-heal|p2a: Celebi|100/100 tox|[from] item: Leftovers
|-damage|p2a: Celebi|94/100 tox|[from] psn
|-heal|p1a: Swampert|14/100|[from] item: Leftovers
|upkeep
|turn|16
|inactive|niiiccck has 270 seconds left.
|
|t:|1728613112
|switch|p1a: Porygon2|Porygon2, shiny|88/100
|-damage|p1a: Porygon2|76/100|[from] Spikes
|-ability|p1a: Porygon2|Natural Cure|[from] ability: Trace|[of] p2a: Celebi
|move|p2a: Celebi|Leech Seed|p1a: Porygon2
|-start|p1a: Porygon2|move: Leech Seed
|
|-weather|Sandstorm|[upkeep]
|-damage|p2a: Celebi|88/100 tox|[from] Sandstorm
|-damage|p1a: Porygon2|70/100|[from] Sandstorm
|-heal|p2a: Celebi|94/100 tox|[from] item: Leftovers
|-damage|p2a: Celebi|82/100 tox|[from] psn
|-heal|p1a: Porygon2|76/100|[from] item: Leftovers
|-damage|p1a: Porygon2|64/100|[from] Leech Seed|[of] p2a: Celebi
|-heal|p2a: Celebi|93/100 tox|[silent]
|upkeep
|turn|17
|
|t:|1728613126
|-curestatus|p2a: Celebi|tox|[from] ability: Natural Cure
|switch|p2a: Metagross|Metagross|100/100
|move|p1a: Porygon2|Recover|p1a: Porygon2
|-heal|p1a: Porygon2|100/100
|
|-weather|Sandstorm|[upkeep]
|-damage|p1a: Porygon2|94/100|[from] Sandstorm
|-heal|p1a: Porygon2|100/100|[from] item: Leftovers
|-damage|p1a: Porygon2|88/100|[from] Leech Seed|[of] p2a: Metagross
|upkeep
|turn|18
|inactive|niiiccck has 240 seconds left.
|
|t:|1728613154
|switch|p1a: Slaking|Slaking, M|93/100
|-damage|p1a: Slaking|81/100|[from] Spikes
|move|p2a: Metagross|Meteor Mash|p1a: Slaking
|-crit|p1a: Slaking
|-damage|p1a: Slaking|0 fnt
|-boost|p2a: Metagross|atk|1
|faint|p1a: Slaking
|inactive|niiiccck has 240 seconds left.
|c|☆niiiccck|someone run the math on hit+crit+atk raise lol
|
|t:|1728613179
|switch|p1a: Aerodactyl|Aerodactyl, F, shiny|100/100
|
|-weather|Sandstorm|[upkeep]
|upkeep
|turn|19
|inactive|niiiccck has 210 seconds left.
|
|t:|1728613224
|move|p1a: Aerodactyl|Rock Slide|p2a: Metagross
|-resisted|p2a: Metagross
|-crit|p2a: Metagross
|-damage|p2a: Metagross|63/100
|cant|p2a: Metagross|flinch
|
|-weather|Sandstorm|[upkeep]
|-heal|p2a: Metagross|69/100|[from] item: Leftovers
|upkeep
|turn|20
|
|t:|1728613234
|switch|p1a: Swampert|Swampert, M|14/100
|-damage|p1a: Swampert|1/100|[from] Spikes
|move|p2a: Metagross|Meteor Mash|p1a: Swampert
|-resisted|p1a: Swampert
|-damage|p1a: Swampert|0 fnt
|faint|p1a: Swampert
|
|t:|1728613242
|switch|p1a: Aerodactyl|Aerodactyl, F, shiny|100/100
|
|-weather|Sandstorm|[upkeep]
|-heal|p2a: Metagross|76/100|[from] item: Leftovers
|upkeep
|turn|21
|
|t:|1728613247
|move|p2a: Metagross|Protect|p2a: Metagross
|-singleturn|p2a: Metagross|Protect
|move|p1a: Aerodactyl|Earthquake|p2a: Metagross
|-activate|p2a: Metagross|Protect
|
|-weather|Sandstorm|[upkeep]
|-heal|p2a: Metagross|82/100|[from] item: Leftovers
|upkeep
|turn|22
|inactive|niiiccck has 210 seconds left.
|
|t:|1728613254
|switch|p1a: Porygon2|Porygon2, shiny|88/100
|-damage|p1a: Porygon2|76/100|[from] Spikes
|-ability|p1a: Porygon2|Clear Body|[from] ability: Trace|[of] p2a: Metagross
|switch|p2a: Skarmory|Skarmory, F|43/100
|
|-weather|Sandstorm|[upkeep]
|-damage|p1a: Porygon2|70/100|[from] Sandstorm
|-heal|p2a: Skarmory|49/100|[from] item: Leftovers
|-heal|p1a: Porygon2|76/100|[from] item: Leftovers
|upkeep
|turn|23
|inactive|niiiccck has 210 seconds left.
|
|t:|1728613267
|move|p2a: Skarmory|Protect|p2a: Skarmory
|-singleturn|p2a: Skarmory|Protect
|move|p1a: Porygon2|Thunderbolt|p2a: Skarmory
|-activate|p2a: Skarmory|Protect
|
|-weather|Sandstorm|[upkeep]
|-damage|p1a: Porygon2|70/100|[from] Sandstorm
|-heal|p2a: Skarmory|55/100|[from] item: Leftovers
|-heal|p1a: Porygon2|76/100|[from] item: Leftovers
|upkeep
|turn|24
|inactive|niiiccck has 210 seconds left.
|
|t:|1728613284
|switch|p2a: Tyranitar|Tyranitar, M|94/100 tox
|move|p1a: Porygon2|Thunderbolt|p2a: Tyranitar
|-damage|p2a: Tyranitar|71/100 tox
|
|-weather|Sandstorm|[upkeep]
|-damage|p1a: Porygon2|70/100|[from] Sandstorm
|-heal|p2a: Tyranitar|77/100 tox|[from] item: Leftovers
|-damage|p2a: Tyranitar|71/100 tox|[from] psn
|-heal|p1a: Porygon2|76/100|[from] item: Leftovers
|upkeep
|turn|25
|inactive|niiiccck has 210 seconds left.
|
|t:|1728613301
|-singleturn|p2a: Tyranitar|move: Focus Punch
|move|p1a: Porygon2|Recover|p1a: Porygon2
|-heal|p1a: Porygon2|100/100
|move|p2a: Tyranitar|Focus Punch|p1a: Porygon2
|-supereffective|p1a: Porygon2
|-crit|p1a: Porygon2
|-damage|p1a: Porygon2|0 fnt
|faint|p1a: Porygon2
|
|t:|1728613310
|switch|p1a: Celebi|Celebi|100/100
|-damage|p1a: Celebi|88/100|[from] Spikes
|
|-weather|Sandstorm|[upkeep]
|-damage|p1a: Celebi|82/100|[from] Sandstorm
|-heal|p1a: Celebi|88/100|[from] item: Leftovers
|-heal|p2a: Tyranitar|77/100 tox|[from] item: Leftovers
|-damage|p2a: Tyranitar|65/100 tox|[from] psn
|upkeep
|turn|26
|
|t:|1728613322
|switch|p2a: Metagross|Metagross|82/100
|move|p1a: Celebi|Calm Mind|p1a: Celebi
|-boost|p1a: Celebi|spa|1
|-boost|p1a: Celebi|spd|1
|
|-weather|Sandstorm|[upkeep]
|-damage|p1a: Celebi|82/100|[from] Sandstorm
|-heal|p1a: Celebi|88/100|[from] item: Leftovers
|-heal|p2a: Metagross|88/100|[from] item: Leftovers
|upkeep
|turn|27
|inactive|niiiccck has 180 seconds left.
|
|t:|1728613358
|move|p1a: Celebi|Hidden Power|p2a: Metagross
|-supereffective|p2a: Metagross
|-damage|p2a: Metagross|29/100
|move|p2a: Metagross|Explosion|p1a: Celebi
|-damage|p1a: Celebi|0 fnt
|faint|p2a: Metagross
|faint|p1a: Celebi
|inactive|niiiccck has 180 seconds left.
|
|t:|1728613376
|switch|p1a: Aerodactyl|Aerodactyl, F, shiny|100/100
|switch|p2a: Salamence|Salamence, M|100/100
|-ability|p2a: Salamence|Intimidate|boost
|-unboost|p1a: Aerodactyl|atk|1
|
|-weather|Sandstorm|[upkeep]
|-damage|p2a: Salamence|94/100|[from] Sandstorm
|-heal|p2a: Salamence|100/100|[from] item: Leftovers
|upkeep
|turn|28
|inactive|niiiccck has 180 seconds left.
|inactive|niiiccck has 150 seconds left.
|
|t:|1728613418
|switch|p2a: Celebi|Celebi|93/100
|move|p1a: Aerodactyl|Rock Slide|p2a: Celebi
|-crit|p2a: Celebi
|-damage|p2a: Celebi|18/100
|
|-weather|Sandstorm|[upkeep]
|-damage|p2a: Celebi|12/100|[from] Sandstorm
|-heal|p2a: Celebi|18/100|[from] item: Leftovers
|upkeep
|turn|29
|
|t:|1728613428
|move|p1a: Aerodactyl|Rock Slide|p2a: Celebi
|-damage|p2a: Celebi|0 fnt
|faint|p2a: Celebi
|
|t:|1728613433
|switch|p2a: Tyranitar|Tyranitar, M|65/100 tox
|
|-weather|Sandstorm|[upkeep]
|-heal|p2a: Tyranitar|71/100 tox|[from] item: Leftovers
|-damage|p2a: Tyranitar|65/100 tox|[from] psn
|upkeep
|turn|30
|inactive|niiiccck has 150 seconds left.
|
|t:|1728613455
|move|p1a: Aerodactyl|Rock Slide|p2a: Tyranitar
|-damage|p2a: Tyranitar|38/100 tox
|move|p2a: Tyranitar|Rock Slide|p1a: Aerodactyl
|-supereffective|p1a: Aerodactyl
|-damage|p1a: Aerodactyl|0 fnt
|faint|p1a: Aerodactyl
|inactive|niiiccck has 150 seconds left.
|
|t:|1728613462
|switch|p1a: Jolteon|Jolteon, F|100/100
|-damage|p1a: Jolteon|88/100|[from] Spikes
|
|-weather|Sandstorm|[upkeep]
|-damage|p1a: Jolteon|82/100|[from] Sandstorm
|-heal|p1a: Jolteon|88/100|[from] item: Leftovers
|-heal|p2a: Tyranitar|45/100 tox|[from] item: Leftovers
|-damage|p2a: Tyranitar|32/100 tox|[from] psn
|upkeep
|turn|31
|
|t:|1728613470
|move|p1a: Jolteon|Thunderbolt|p2a: Tyranitar
|-crit|p2a: Tyranitar
|-damage|p2a: Tyranitar|0 fnt
|faint|p2a: Tyranitar
|
|t:|1728613484
|switch|p2a: Gengar|Gengar, F|100/100
|
|-weather|Sandstorm|[upkeep]
|-damage|p1a: Jolteon|82/100|[from] Sandstorm
|-damage|p2a: Gengar|95/100|[from] Sandstorm
|-heal|p1a: Jolteon|88/100|[from] item: Leftovers
|-heal|p2a: Gengar|100/100|[from] item: Leftovers
|upkeep
|turn|32
|
|t:|1728613497
|move|p1a: Jolteon|Thunderbolt|p2a: Gengar
|-damage|p2a: Gengar|50/100
|move|p2a: Gengar|Explosion|p1a: Jolteon
|-damage|p1a: Jolteon|0 fnt
|faint|p2a: Gengar
|faint|p1a: Jolteon
|
|win|CD56
|player|p1|

</script>
<script type="application/json" class="data" id="replaydata-smogtours-gen3ou-797114">
{"id":"smogtours-gen3ou-797114","format":"[Gen 3] OU","players":["niiiccck","CD56"],"uploadtime":1728613497,"views":104,"formatid":"gen3ou","rating":null,"private":0,"password":null}
</script>

<script defer src="js/replays.js?9d40a366"></script>
