<!DOCTYPE html>
<meta charset="utf-8" />
<meta name="viewport" content="width=device-width" />

<title>[Gen 3] OU: Vholtninja vs. DanteADV - Replays - Pok&eacute;mon Showdown!</title>

<meta name="description" content="Watch a replay of a Pok&eacute;mon battle between Vholtninja and DanteADV! Format: [Gen 3] OU; Date: Oct 23, 2024" />
<!--

Hey, you! Looking in the source for the replay log?

You can find them in JSON format, just add `.json` at the end of a replay URL.

https://replay.pokemonshowdown.com/gen7randomdoublesbattle-865046831.json

Or, if you only need the log itself, add `.log` instead:

https://replay.pokemonshowdown.com/gen7randomdoublesbattle-865046831.log

-->

<link rel="stylesheet" href="//pokemonshowdown.com/style/global.css?0.767286132409787" />
<link rel="stylesheet" href="//play.pokemonshowdown.com/style/font-awesome.css?0.9266228007934947" />
<link rel="stylesheet" href="//play.pokemonshowdown.com/style/battle.css?0.7924700842790926" />
<link rel="stylesheet" href="//play.pokemonshowdown.com/style/utilichart.css?0.8777417872839479" />

<!-- Global site tag (gtag.js) - Google Analytics -->
<script async src="https://www.googletagmanager.com/gtag/js?id=UA-26211653-1"></script>
<script>
  window.dataLayer = window.dataLayer || [];
  function gtag(){dataLayer.push(arguments);}
  gtag('js', new Date());

  gtag('config', 'UA-26211653-1');
</script>
<!-- End Google Analytics -->
<!-- Venatus Ad Manager - Install in <HEAD> of page -->
	<script src="https://hb.vntsm.com/v3/live/ad-manager.min.js" type="text/javascript" data-site-id="642aba63ec9a7b11c3c9c1be" data-mode="scan" async></script>
<!-- / Venatus Ad Manager -->

<style>
	@media (max-width:820px) {
		.battle {
			margin: 0 auto;
		}
		.battle-log {
			margin: 7px auto 0;
			max-width: 640px;
			height: 300px;
			position: static;
		}
	}
	.optgroup {
		display: inline-block;
		line-height: 22px;
		font-size: 10pt;
	}
	.optgroup .button {
		height: 25px;
		padding-top: 0;
		padding-bottom: 0;
	}
	.optgroup button.button {
		padding-left: 12px;
		padding-right: 12px;
	}
	.linklist {
		list-style: none;
		margin: 0.5em 0;
		padding: 0;
	}
	.linklist li {
		padding: 2px 0;
	}
	.sidebar {
		float: left;
		width: 320px;
	}
	.bar-wrapper {
		max-width: 1100px;
		margin: 0 auto;
	}
	.bar-wrapper.has-sidebar {
		max-width: 1430px;
	}
	.mainbar {
		margin: 0;
		padding-right: 1px;
	}
	.mainbar.has-sidebar {
		margin-left: 330px;
	}
	@media (min-width: 1511px) {
		.sidebar {
			width: 400px;
		}
		.bar-wrapper.has-sidebar {
			max-width: 1510px;
		}
		.mainbar.has-sidebar {
			margin-left: 410px;
		}
	}
	.section.first-section {
		margin-top: 9px;
	}
	.blocklink small {
		white-space: normal;
	}
	.button {
		vertical-align: middle;
	}
	.replay-controls {
		padding-top: 10px;
	}
	.replay-controls h1 {
		font-size: 16pt;
		font-weight: normal;
		color: #CCC;
	}
	.pagelink {
		text-align: center;
	}
	.pagelink a {
		width: 150px;
	}
	.textbox, .button {
		font-size: 11pt;
		vertical-align: middle;
	}
	@media (max-width: 450px) {
		.button {
			font-size: 9pt;
		}
	}
</style>

<div>

	<header>
		<div class="nav-wrapper"><ul class="nav">
			<li><a class="button nav-first" href="//pokemonshowdown.com/"><img src="//pokemonshowdown.com/images/pokemonshowdownbeta.png" srcset="//pokemonshowdown.com/images/pokemonshowdownbeta.png 1x, //pokemonshowdown.com/images/pokemonshowdownbeta@2x.png 2x" alt="Pok&eacute;mon Showdown" width="146" height="44" /> Home</a></li>
			<li><a class="button" href="//pokemonshowdown.com/dex/">Pok&eacute;dex</a></li>
			<li><a class="button cur" href="/">Replays</a></li>
			<li><a class="button" href="//pokemonshowdown.com/ladder/">Ladder</a></li>
			<li><a class="button nav-last" href="//pokemonshowdown.com/forums/">Forum</a></li>
			<li><a class="button greenbutton nav-first nav-last" href="//play.pokemonshowdown.com/">Play</a></li>
		</ul></div>
	</header>

	<div class="main" id="main">

		<noscript><section class="section">You need to enable JavaScript to use this page; sorry!</section></noscript>

	</div>

</div>

<script defer nomodule src="//play.pokemonshowdown.com/js/lib/ps-polyfill.js"></script>
<script defer src="//play.pokemonshowdown.com/js/lib/preact.min.js"></script>

<script defer src="//play.pokemonshowdown.com/config/config.js?6dec07f6"></script>
<script defer src="//play.pokemonshowdown.com/js/lib/jquery-1.11.0.min.js"></script>
<script defer src="//play.pokemonshowdown.com/js/lib/html-sanitizer-minified.js"></script>
<script defer src="//play.pokemonshowdown.com/js/battle-sound.js"></script>
<script defer src="//play.pokemonshowdown.com/js/battledata.js?0.6315294753075389"></script>
<script defer src="//play.pokemonshowdown.com/data/pokedex-mini.js?0.7603743185311358"></script>
<script defer src="//play.pokemonshowdown.com/data/pokedex-mini-bw.js?0.030888842834281283"></script>
<script defer src="//play.pokemonshowdown.com/data/graphics.js?0.05593094747507488"></script>
<script defer src="//play.pokemonshowdown.com/data/pokedex.js?0.47064822249611904"></script>
<script defer src="//play.pokemonshowdown.com/data/moves.js?0.8583693120512459"></script>
<script defer src="//play.pokemonshowdown.com/data/abilities.js?0.16017181182386842"></script>
<script defer src="//play.pokemonshowdown.com/data/items.js?0.4163379185673943"></script>
<script defer src="//play.pokemonshowdown.com/data/teambuilder-tables.js?0.31075597372830477"></script>
<script defer src="//play.pokemonshowdown.com/js/battle-tooltips.js?0.6536193500708172"></script>
<script defer src="//play.pokemonshowdown.com/js/battle.js?0.1916591943277901"></script>

<script defer src="js/utils.js?e31f9a17"></script>
<script defer src="js/replays-battle.js?7008c182"></script>

<!-- don't scrape this data! just add .json or .log after the URL!
Full API docs: https://github.com/smogon/pokemon-showdown-client/blob/master/WEB-API.md -->
<script type="text/plain" class="log" id="replaylog-smogtours-gen3ou-801356">
|inactive|Battle timer is ON: inactive players will automatically lose when time's up.
|t:|1729684366
|gametype|singles
|player|p1|Vholtninja|2|
|player|p2|DanteADV|fisherman-gen4|
|teamsize|p1|6
|teamsize|p2|6
|gen|3
|tier|[Gen 3] OU
|rule|Sleep Clause Mod: Limit one foe put to sleep
|rule|Switch Priority Clause Mod: Faster Pokémon switch first
|rule|Species Clause: Limit one of each Pokémon
|rule|OHKO Clause: OHKO moves are banned
|rule|Evasion Items Clause: Evasion items are banned
|rule|Evasion Moves Clause: Evasion moves are banned
|rule|Endless Battle Clause: Forcing endless battles is banned
|rule|HP Percentage Mod: HP is shown in percentages
|rule|One Boost Passer Clause: Limit one Baton Passer that has a way to boost its stats
|rule|Freeze Clause Mod: Limit one foe frozen
|
|t:|1729684366
|start
|switch|p1a: Salamence|Salamence, F|100/100
|switch|p2a: stop breathing|Metagross, shiny|100/100
|-ability|p1a: Salamence|Intimidate|boost
|-fail|p2a: stop breathing|unboost|[from] ability: Clear Body|[of] p2a: stop breathing
|turn|1
|
|t:|1729684384
|switch|p1a: Skarmory|Skarmory, F|100/100
|move|p2a: stop breathing|Ice Punch|p1a: Skarmory
|-damage|p1a: Skarmory|80/100
|
|-heal|p1a: Skarmory|86/100|[from] item: Leftovers
|upkeep
|turn|2
|
|t:|1729684406
|move|p2a: stop breathing|Hidden Power|p1a: Skarmory
|-supereffective|p1a: Skarmory
|-damage|p1a: Skarmory|50/100
|move|p1a: Skarmory|Spikes|p2a: stop breathing
|-sidestart|p2: DanteADV|Spikes
|
|-heal|p1a: Skarmory|56/100|[from] item: Leftovers
|upkeep
|turn|3
|
|t:|1729684419
|move|p1a: Skarmory|Protect|p1a: Skarmory
|-singleturn|p1a: Skarmory|Protect
|move|p2a: stop breathing|Hidden Power|p1a: Skarmory
|-activate|p1a: Skarmory|Protect
|
|-heal|p1a: Skarmory|62/100|[from] item: Leftovers
|upkeep
|turn|4
|
|t:|1729684428
|switch|p1a: Starmie|Starmie|100/100
|move|p2a: stop breathing|Hidden Power|p1a: Starmie
|-resisted|p1a: Starmie
|-damage|p1a: Starmie|89/100
|
|-heal|p1a: Starmie|95/100|[from] item: Leftovers
|upkeep
|turn|5
|
|t:|1729684440
|switch|p2a: fell in luv|Blissey, F, shiny|100/100
|-damage|p2a: fell in luv|88/100|[from] Spikes
|move|p1a: Starmie|Surf|p2a: fell in luv
|-damage|p2a: fell in luv|75/100
|
|-heal|p1a: Starmie|100/100|[from] item: Leftovers
|-heal|p2a: fell in luv|81/100|[from] item: Leftovers
|upkeep
|turn|6
|
|t:|1729684456
|switch|p1a: Metagross|Metagross|100/100
|move|p2a: fell in luv|Seismic Toss|p1a: Metagross
|-damage|p1a: Metagross|73/100
|
|-heal|p1a: Metagross|79/100|[from] item: Leftovers
|-heal|p2a: fell in luv|87/100|[from] item: Leftovers
|upkeep
|turn|7
|inactive|DanteADV has 270 seconds left.
|
|t:|1729684501
|switch|p2a: stop breathing|Metagross, shiny|100/100
|-damage|p2a: stop breathing|88/100|[from] Spikes
|move|p1a: Metagross|Meteor Mash|p2a: stop breathing
|-resisted|p2a: stop breathing
|-damage|p2a: stop breathing|66/100
|
|-heal|p2a: stop breathing|72/100|[from] item: Leftovers
|-heal|p1a: Metagross|85/100|[from] item: Leftovers
|upkeep
|turn|8
|
|t:|1729684515
|switch|p2a: eviljordan|Gengar, F, shiny|100/100
|move|p1a: Metagross|Protect||[still]
|-fail|p1a: Metagross
|
|-heal|p1a: Metagross|91/100|[from] item: Leftovers
|upkeep
|turn|9
|
|t:|1729684531
|switch|p1a: Blissey|Blissey, F|100/100
|move|p2a: eviljordan|Will-O-Wisp|p1a: Blissey|[miss]
|-miss|p2a: eviljordan|p1a: Blissey
|
|upkeep
|turn|10
|inactive|DanteADV has 240 seconds left.
|
|t:|1729684560
|switch|p2a: pull up|Snorlax, M, shiny|100/100
|-damage|p2a: pull up|88/100|[from] Spikes
|switch|p1a: Salamence|Salamence, F|100/100
|-ability|p1a: Salamence|Intimidate|boost
|-unboost|p2a: pull up|atk|1
|
|-heal|p2a: pull up|94/100|[from] item: Leftovers
|upkeep
|turn|11
|inactive|DanteADV has 240 seconds left.
|
|t:|1729684574
|move|p1a: Salamence|Brick Break|p2a: pull up
|-supereffective|p2a: pull up
|-crit|p2a: pull up
|-damage|p2a: pull up|14/100
|move|p2a: pull up|Counter|p1a: Salamence
|-damage|p1a: Salamence|0 fnt
|faint|p1a: Salamence
|
|t:|1729684586
|switch|p1a: Metagross|Metagross|91/100
|
|-heal|p1a: Metagross|97/100|[from] item: Leftovers
|-heal|p2a: pull up|20/100|[from] item: Leftovers
|upkeep
|turn|12
|inactive|DanteADV has 240 seconds left.
|inactive|DanteADV has 210 seconds left.
|inactive|DanteADV has 180 seconds left.
|
|t:|1729684674
|move|p1a: Metagross|Earthquake|p2a: pull up
|-damage|p2a: pull up|0 fnt
|faint|p2a: pull up
|
|t:|1729684688
|switch|p2a: eviljordan|Gengar, F, shiny|100/100
|
|-heal|p1a: Metagross|100/100|[from] item: Leftovers
|upkeep
|turn|13
|
|t:|1729684705
|switch|p1a: Blissey|Blissey, F|100/100
|move|p2a: eviljordan|Will-O-Wisp|p1a: Blissey
|-status|p1a: Blissey|brn
|
|-damage|p1a: Blissey|88/100 brn|[from] brn
|upkeep
|turn|14
|inactive|DanteADV has 150 seconds left.
|
|t:|1729684731
|switch|p2a: sky|Claydol|100/100
|move|p1a: Blissey|Ice Beam|p2a: sky
|-supereffective|p2a: sky
|-damage|p2a: sky|56/100
|-status|p2a: sky|frz
|
|-heal|p2a: sky|63/100 frz|[from] item: Leftovers
|-heal|p1a: Blissey|94/100 brn|[from] item: Leftovers
|-damage|p1a: Blissey|82/100 brn|[from] brn
|upkeep
|turn|15
|
|t:|1729684751
|-curestatus|p1a: Blissey|brn|[from] ability: Natural Cure
|switch|p1a: Skarmory|Skarmory, F|62/100
|-curestatus|p2a: sky|frz|[msg]
|move|p2a: sky|Explosion|p1a: Skarmory
|-resisted|p1a: Skarmory
|-damage|p1a: Skarmory|28/100
|faint|p2a: sky
|
|t:|1729684771
|switch|p2a: stop breathing|Metagross, shiny|72/100
|-damage|p2a: stop breathing|60/100|[from] Spikes
|
|-heal|p2a: stop breathing|66/100|[from] item: Leftovers
|-heal|p1a: Skarmory|34/100|[from] item: Leftovers
|upkeep
|turn|16
|
|t:|1729684781
|move|p1a: Skarmory|Protect|p1a: Skarmory
|-singleturn|p1a: Skarmory|Protect
|move|p2a: stop breathing|Hidden Power|p1a: Skarmory
|-activate|p1a: Skarmory|Protect
|
|-heal|p2a: stop breathing|72/100|[from] item: Leftovers
|-heal|p1a: Skarmory|40/100|[from] item: Leftovers
|upkeep
|turn|17
|
|t:|1729684791
|switch|p1a: Starmie|Starmie|100/100
|move|p2a: stop breathing|Hidden Power|p1a: Starmie
|-resisted|p1a: Starmie
|-damage|p1a: Starmie|88/100
|
|-heal|p1a: Starmie|94/100|[from] item: Leftovers
|-heal|p2a: stop breathing|78/100|[from] item: Leftovers
|upkeep
|turn|18
|
|t:|1729684806
|switch|p1a: Metagross|Metagross|100/100
|switch|p2a: fell in luv|Blissey, F, shiny|87/100
|-damage|p2a: fell in luv|75/100|[from] Spikes
|
|-heal|p2a: fell in luv|81/100|[from] item: Leftovers
|upkeep
|turn|19
|
|t:|1729684820
|move|p1a: Metagross|Meteor Mash|p2a: fell in luv
|-damage|p2a: fell in luv|21/100
|move|p2a: fell in luv|Sing|p1a: Metagross
|-status|p1a: Metagross|slp|[from] move: Sing
|
|-heal|p2a: fell in luv|27/100|[from] item: Leftovers
|upkeep
|turn|20
|
|t:|1729684833
|cant|p1a: Metagross|slp
|move|p2a: fell in luv|Soft-Boiled|p2a: fell in luv
|-heal|p2a: fell in luv|77/100
|
|-heal|p2a: fell in luv|83/100|[from] item: Leftovers
|upkeep
|turn|21
|
|t:|1729684845
|cant|p1a: Metagross|slp
|move|p2a: fell in luv|Seismic Toss|p1a: Metagross
|-damage|p1a: Metagross|73/100 slp
|
|-heal|p1a: Metagross|79/100 slp|[from] item: Leftovers
|-heal|p2a: fell in luv|90/100|[from] item: Leftovers
|upkeep
|turn|22
|inactive|DanteADV has 120 seconds left.
|
|t:|1729684872
|cant|p1a: Metagross|slp
|move|p2a: fell in luv|Seismic Toss|p1a: Metagross
|-damage|p1a: Metagross|52/100 slp
|
|-heal|p1a: Metagross|58/100 slp|[from] item: Leftovers
|-heal|p2a: fell in luv|96/100|[from] item: Leftovers
|upkeep
|turn|23
|
|t:|1729684888
|-curestatus|p1a: Metagross|slp|[msg]
|move|p1a: Metagross|Explosion|p2a: fell in luv
|-damage|p2a: fell in luv|0 fnt
|faint|p1a: Metagross
|faint|p2a: fell in luv
|inactive|DanteADV has 90 seconds left.
|inactive|DanteADV has 60 seconds left.
|
|t:|1729684953
|switch|p1a: Starmie|Starmie|94/100
|switch|p2a: eviljordan|Gengar, F, shiny|100/100
|
|-heal|p1a: Starmie|99/100|[from] item: Leftovers
|upkeep
|turn|24
|
|t:|1729684966
|move|p1a: Starmie|Thunder Wave|p2a: eviljordan
|-status|p2a: eviljordan|par
|move|p2a: eviljordan|Giga Drain|p1a: Starmie
|-supereffective|p1a: Starmie
|-damage|p1a: Starmie|59/100
|
|-heal|p1a: Starmie|65/100|[from] item: Leftovers
|upkeep
|turn|25
|inactive|DanteADV has 60 seconds left.
|
|t:|1729684988
|move|p1a: Starmie|Recover|p1a: Starmie
|-heal|p1a: Starmie|100/100
|move|p2a: eviljordan|Will-O-Wisp|p1a: Starmie|[miss]
|-miss|p2a: eviljordan|p1a: Starmie
|
|upkeep
|turn|26
|
|t:|1729684999
|switch|p1a: Tyranitar|Tyranitar, F|100/100
|-weather|Sandstorm|[from] ability: Sand Stream|[of] p1a: Tyranitar
|cant|p2a: eviljordan|par
|
|-weather|Sandstorm|[upkeep]
|-damage|p2a: eviljordan|94/100 par|[from] Sandstorm
|-heal|p2a: eviljordan|100/100 par|[from] item: Leftovers
|upkeep
|turn|27
|
|t:|1729685023
|move|p1a: Tyranitar|Crunch|p2a: eviljordan
|-supereffective|p2a: eviljordan
|-damage|p2a: eviljordan|10/100 par
|move|p2a: eviljordan|Giga Drain|p1a: Tyranitar
|-supereffective|p1a: Tyranitar
|-crit|p1a: Tyranitar
|-damage|p1a: Tyranitar|44/100
|-heal|p2a: eviljordan|45/100 par|[from] drain|[of] p1a: Tyranitar
|
|-weather|Sandstorm|[upkeep]
|-damage|p2a: eviljordan|39/100 par|[from] Sandstorm
|-heal|p1a: Tyranitar|50/100|[from] item: Leftovers
|-heal|p2a: eviljordan|45/100 par|[from] item: Leftovers
|upkeep
|turn|28
|inactive|DanteADV has 30 seconds left.
|
|t:|1729685040
|-activate|p2a: eviljordan|move: Pursuit
|move|p1a: Tyranitar|Pursuit|p2a: eviljordan|[from]Pursuit
|-supereffective|p2a: eviljordan
|-damage|p2a: eviljordan|0 fnt
|faint|p2a: eviljordan
|-hint|Previously chosen switches continue in Gen 2-4 after a Pursuit target faints.
|switch|p2a: on that time|Dugtrio, F, shiny|100/100
|-damage|p2a: on that time|88/100|[from] Spikes
|
|-weather|Sandstorm|[upkeep]
|-heal|p1a: Tyranitar|57/100|[from] item: Leftovers
|upkeep
|turn|29
|
|t:|1729685054
|move|p2a: on that time|Earthquake|p1a: Tyranitar
|-supereffective|p1a: Tyranitar
|-damage|p1a: Tyranitar|0 fnt
|faint|p1a: Tyranitar
|
|t:|1729685062
|switch|p1a: Starmie|Starmie|100/100
|
|-weather|Sandstorm|[upkeep]
|-damage|p1a: Starmie|94/100|[from] Sandstorm
|-heal|p1a: Starmie|100/100|[from] item: Leftovers
|upkeep
|turn|30
|inactive|DanteADV has 30 seconds left.
|
|t:|1729685090
|move|p2a: on that time|Earthquake|p1a: Starmie
|-damage|p1a: Starmie|25/100
|move|p1a: Starmie|Surf|p2a: on that time
|-supereffective|p2a: on that time
|-damage|p2a: on that time|0 fnt
|faint|p2a: on that time
|inactive|DanteADV has 30 seconds left this turn.
|
|t:|1729685093
|switch|p2a: stop breathing|Metagross, shiny|78/100
|-damage|p2a: stop breathing|66/100|[from] Spikes
|
|-weather|Sandstorm|[upkeep]
|-damage|p1a: Starmie|19/100|[from] Sandstorm
|-heal|p1a: Starmie|25/100|[from] item: Leftovers
|-heal|p2a: stop breathing|72/100|[from] item: Leftovers
|upkeep
|turn|31
|
|t:|1729685102
|move|p1a: Starmie|Recover|p1a: Starmie
|-heal|p1a: Starmie|75/100
|move|p2a: stop breathing|Psychic|p1a: Starmie
|-resisted|p1a: Starmie
|-damage|p1a: Starmie|53/100
|-unboost|p1a: Starmie|spd|1
|
|-weather|Sandstorm|[upkeep]
|-damage|p1a: Starmie|47/100|[from] Sandstorm
|-heal|p1a: Starmie|53/100|[from] item: Leftovers
|-heal|p2a: stop breathing|78/100|[from] item: Leftovers
|upkeep
|turn|32
|
|t:|1729685111
|move|p1a: Starmie|Recover|p1a: Starmie
|-heal|p1a: Starmie|100/100
|move|p2a: stop breathing|Ice Punch|p1a: Starmie
|-resisted|p1a: Starmie
|-damage|p1a: Starmie|81/100
|-status|p1a: Starmie|frz
|
|-weather|Sandstorm|[upkeep]
|-damage|p1a: Starmie|75/100 frz|[from] Sandstorm
|-heal|p1a: Starmie|81/100 frz|[from] item: Leftovers
|-heal|p2a: stop breathing|84/100|[from] item: Leftovers
|upkeep
|turn|33
|
|t:|1729685125
|-curestatus|p1a: Starmie|frz|[from] ability: Natural Cure
|switch|p1a: Skarmory|Skarmory, F|40/100
|move|p2a: stop breathing|Hidden Power|p1a: Skarmory
|-supereffective|p1a: Skarmory
|-damage|p1a: Skarmory|2/100
|
|-weather|Sandstorm|[upkeep]
|-heal|p2a: stop breathing|90/100|[from] item: Leftovers
|-heal|p1a: Skarmory|8/100|[from] item: Leftovers
|upkeep
|turn|34
|
|t:|1729685132
|move|p2a: stop breathing|Psychic|p1a: Skarmory
|-resisted|p1a: Skarmory
|-damage|p1a: Skarmory|0 fnt
|faint|p1a: Skarmory
|
|t:|1729685142
|switch|p1a: Starmie|Starmie|81/100
|
|-weather|Sandstorm|[upkeep]
|-damage|p1a: Starmie|75/100|[from] Sandstorm
|-heal|p1a: Starmie|81/100|[from] item: Leftovers
|-heal|p2a: stop breathing|96/100|[from] item: Leftovers
|upkeep
|turn|35
|
|t:|1729685148
|move|p1a: Starmie|Surf|p2a: stop breathing
|-crit|p2a: stop breathing
|-damage|p2a: stop breathing|31/100
|move|p2a: stop breathing|Ice Punch|p1a: Starmie
|-resisted|p1a: Starmie
|-damage|p1a: Starmie|68/100
|
|-weather|Sandstorm|[upkeep]
|-damage|p1a: Starmie|62/100|[from] Sandstorm
|-heal|p1a: Starmie|68/100|[from] item: Leftovers
|-heal|p2a: stop breathing|37/100|[from] item: Leftovers
|upkeep
|turn|36
|inactive|DanteADV has 60 seconds left.
|
|t:|1729685156
|move|p1a: Starmie|Surf|p2a: stop breathing
|-damage|p2a: stop breathing|0 fnt
|faint|p2a: stop breathing
|
|win|Vholtninja
|c|☆DanteADV|gg
|c|☆Vholtninja|Gg
|player|p2|
|player|p1|
|player|p1|Vholtninja|2|

</script>
<script type="application/json" class="data" id="replaydata-smogtours-gen3ou-801356">
{"id":"smogtours-gen3ou-801356","format":"[Gen 3] OU","players":["Vholtninja","DanteADV"],"uploadtime":1729685156,"views":81,"formatid":"gen3ou","rating":null,"private":0,"password":null}
</script>

<script defer src="js/replays.js?9d40a366"></script>
