<!DOCTYPE html>
<meta charset="utf-8" />
<meta name="viewport" content="width=device-width" />

<title>[Gen 3] OU: UDM31 vs. leng loi - Replays - Pok&eacute;mon Showdown!</title>

<meta name="description" content="Watch a replay of a Pok&eacute;mon battle between UDM31 and leng loi! Format: [Gen 3] OU; Date: Oct 19, 2024" />
<!--

Hey, you! Looking in the source for the replay log?

You can find them in JSON format, just add `.json` at the end of a replay URL.

https://replay.pokemonshowdown.com/gen7randomdoublesbattle-865046831.json

Or, if you only need the log itself, add `.log` instead:

https://replay.pokemonshowdown.com/gen7randomdoublesbattle-865046831.log

-->

<link rel="stylesheet" href="//pokemonshowdown.com/style/global.css?0.023195364461161105" />
<link rel="stylesheet" href="//play.pokemonshowdown.com/style/font-awesome.css?0.13261647063804238" />
<link rel="stylesheet" href="//play.pokemonshowdown.com/style/battle.css?0.8753245789963631" />
<link rel="stylesheet" href="//play.pokemonshowdown.com/style/utilichart.css?0.8627959624976733" />

<!-- Global site tag (gtag.js) - Google Analytics -->
<script async src="https://www.googletagmanager.com/gtag/js?id=UA-26211653-1"></script>
<script>
  window.dataLayer = window.dataLayer || [];
  function gtag(){dataLayer.push(arguments);}
  gtag('js', new Date());

  gtag('config', 'UA-26211653-1');
</script>
<!-- End Google Analytics -->
<!-- Venatus Ad Manager - Install in <HEAD> of page -->
	<script src="https://hb.vntsm.com/v3/live/ad-manager.min.js" type="text/javascript" data-site-id="642aba63ec9a7b11c3c9c1be" data-mode="scan" async></script>
<!-- / Venatus Ad Manager -->

<style>
	@media (max-width:820px) {
		.battle {
			margin: 0 auto;
		}
		.battle-log {
			margin: 7px auto 0;
			max-width: 640px;
			height: 300px;
			position: static;
		}
	}
	.optgroup {
		display: inline-block;
		line-height: 22px;
		font-size: 10pt;
	}
	.optgroup .button {
		height: 25px;
		padding-top: 0;
		padding-bottom: 0;
	}
	.optgroup button.button {
		padding-left: 12px;
		padding-right: 12px;
	}
	.linklist {
		list-style: none;
		margin: 0.5em 0;
		padding: 0;
	}
	.linklist li {
		padding: 2px 0;
	}
	.sidebar {
		float: left;
		width: 320px;
	}
	.bar-wrapper {
		max-width: 1100px;
		margin: 0 auto;
	}
	.bar-wrapper.has-sidebar {
		max-width: 1430px;
	}
	.mainbar {
		margin: 0;
		padding-right: 1px;
	}
	.mainbar.has-sidebar {
		margin-left: 330px;
	}
	@media (min-width: 1511px) {
		.sidebar {
			width: 400px;
		}
		.bar-wrapper.has-sidebar {
			max-width: 1510px;
		}
		.mainbar.has-sidebar {
			margin-left: 410px;
		}
	}
	.section.first-section {
		margin-top: 9px;
	}
	.blocklink small {
		white-space: normal;
	}
	.button {
		vertical-align: middle;
	}
	.replay-controls {
		padding-top: 10px;
	}
	.replay-controls h1 {
		font-size: 16pt;
		font-weight: normal;
		color: #CCC;
	}
	.pagelink {
		text-align: center;
	}
	.pagelink a {
		width: 150px;
	}
	.textbox, .button {
		font-size: 11pt;
		vertical-align: middle;
	}
	@media (max-width: 450px) {
		.button {
			font-size: 9pt;
		}
	}
</style>

<div>

	<header>
		<div class="nav-wrapper"><ul class="nav">
			<li><a class="button nav-first" href="//pokemonshowdown.com/"><img src="//pokemonshowdown.com/images/pokemonshowdownbeta.png" srcset="//pokemonshowdown.com/images/pokemonshowdownbeta.png 1x, //pokemonshowdown.com/images/pokemonshowdownbeta@2x.png 2x" alt="Pok&eacute;mon Showdown" width="146" height="44" /> Home</a></li>
			<li><a class="button" href="//pokemonshowdown.com/dex/">Pok&eacute;dex</a></li>
			<li><a class="button cur" href="/">Replays</a></li>
			<li><a class="button" href="//pokemonshowdown.com/ladder/">Ladder</a></li>
			<li><a class="button nav-last" href="//pokemonshowdown.com/forums/">Forum</a></li>
			<li><a class="button greenbutton nav-first nav-last" href="//play.pokemonshowdown.com/">Play</a></li>
		</ul></div>
	</header>

	<div class="main" id="main">

		<noscript><section class="section">You need to enable JavaScript to use this page; sorry!</section></noscript>

	</div>

</div>

<script defer nomodule src="//play.pokemonshowdown.com/js/lib/ps-polyfill.js"></script>
<script defer src="//play.pokemonshowdown.com/js/lib/preact.min.js"></script>

<script defer src="//play.pokemonshowdown.com/config/config.js?2bddbc15"></script>
<script defer src="//play.pokemonshowdown.com/js/lib/jquery-1.11.0.min.js"></script>
<script defer src="//play.pokemonshowdown.com/js/lib/html-sanitizer-minified.js"></script>
<script defer src="//play.pokemonshowdown.com/js/battle-sound.js"></script>
<script defer src="//play.pokemonshowdown.com/js/battledata.js?0.7209276989879541"></script>
<script defer src="//play.pokemonshowdown.com/data/pokedex-mini.js?0.6111056340867951"></script>
<script defer src="//play.pokemonshowdown.com/data/pokedex-mini-bw.js?0.3532142036491459"></script>
<script defer src="//play.pokemonshowdown.com/data/graphics.js?0.24223875632456182"></script>
<script defer src="//play.pokemonshowdown.com/data/pokedex.js?0.38839984266356864"></script>
<script defer src="//play.pokemonshowdown.com/data/moves.js?0.21866028504024015"></script>
<script defer src="//play.pokemonshowdown.com/data/abilities.js?0.2005157953846628"></script>
<script defer src="//play.pokemonshowdown.com/data/items.js?0.9894211263848525"></script>
<script defer src="//play.pokemonshowdown.com/data/teambuilder-tables.js?0.6008791140282215"></script>
<script defer src="//play.pokemonshowdown.com/js/battle-tooltips.js?0.7580118955022959"></script>
<script defer src="//play.pokemonshowdown.com/js/battle.js?0.6057722274234274"></script>

<script defer src="js/utils.js?e31f9a17"></script>
<script defer src="js/replays-battle.js?7008c182"></script>

<!-- don't scrape this data! just add .json or .log after the URL!
Full API docs: https://github.com/smogon/pokemon-showdown-client/blob/master/WEB-API.md -->
<script type="text/plain" class="log" id="replaylog-smogtours-gen3ou-799955">
|inactive|Battle timer is ON: inactive players will automatically lose when time's up.
|t:|1729357675
|gametype|singles
|player|p1|UDM31|lucas|
|player|p2|leng loi|#scl4machines2|
|teamsize|p1|6
|teamsize|p2|6
|gen|3
|tier|[Gen 3] OU
|rule|Sleep Clause Mod: Limit one foe put to sleep
|rule|Switch Priority Clause Mod: Faster Pokémon switch first
|rule|Species Clause: Limit one of each Pokémon
|rule|OHKO Clause: OHKO moves are banned
|rule|Evasion Items Clause: Evasion items are banned
|rule|Evasion Moves Clause: Evasion moves are banned
|rule|Endless Battle Clause: Forcing endless battles is banned
|rule|HP Percentage Mod: HP is shown in percentages
|rule|One Boost Passer Clause: Limit one Baton Passer that has a way to boost its stats
|rule|Freeze Clause Mod: Limit one foe frozen
|
|t:|1729357675
|start
|switch|p1a: Tyranitar|Tyranitar, F|100/100
|switch|p2a: Zapdos|Zapdos|100/100
|-weather|Sandstorm|[from] ability: Sand Stream|[of] p1a: Tyranitar
|turn|1
|
|t:|1729357691
|move|p2a: Zapdos|Baton Pass|p2a: Zapdos
|
|t:|1729357692
|switch|p2a: Metagross|Metagross|100/100|[from] Baton Pass
|move|p1a: Tyranitar|Dragon Dance|p1a: Tyranitar
|-boost|p1a: Tyranitar|atk|1
|-boost|p1a: Tyranitar|spe|1
|
|-weather|Sandstorm|[upkeep]
|upkeep
|turn|2
|
|t:|1729357708
|move|p1a: Tyranitar|Earthquake|p2a: Metagross
|-supereffective|p2a: Metagross
|-damage|p2a: Metagross|15/100
|move|p2a: Metagross|Meteor Mash|p1a: Tyranitar
|-supereffective|p1a: Tyranitar
|-damage|p1a: Tyranitar|0 fnt
|faint|p1a: Tyranitar
|
|t:|1729357715
|switch|p1a: Skarmory|Skarmory, M|100/100
|
|-weather|Sandstorm|[upkeep]
|upkeep
|turn|3
|
|t:|1729357719
|move|p2a: Metagross|Meteor Mash|p1a: Skarmory
|-resisted|p1a: Skarmory
|-damage|p1a: Skarmory|70/100
|move|p1a: Skarmory|Spikes|p2a: Metagross
|-sidestart|p2: leng loi|Spikes
|
|-weather|Sandstorm|[upkeep]
|-heal|p1a: Skarmory|76/100|[from] item: Leftovers
|upkeep
|turn|4
|inactive|UDM31 has 270 seconds left.
|
|t:|1729357762
|move|p2a: Metagross|Meteor Mash|p1a: Skarmory|[miss]
|-miss|p2a: Metagross|p1a: Skarmory
|move|p1a: Skarmory|Roar|p2a: Metagross
|drag|p2a: Breloom|Breloom, F|100/100
|-damage|p2a: Breloom|88/100|[from] Spikes
|
|-weather|Sandstorm|[upkeep]
|-damage|p2a: Breloom|82/100|[from] Sandstorm
|-heal|p2a: Breloom|88/100|[from] item: Leftovers
|-heal|p1a: Skarmory|82/100|[from] item: Leftovers
|upkeep
|turn|5
|
|t:|1729357786
|move|p2a: Breloom|Spore|p1a: Skarmory
|-status|p1a: Skarmory|slp|[from] move: Spore
|cant|p1a: Skarmory|slp
|
|-weather|Sandstorm|[upkeep]
|-damage|p2a: Breloom|82/100|[from] Sandstorm
|-heal|p2a: Breloom|88/100|[from] item: Leftovers
|-heal|p1a: Skarmory|88/100 slp|[from] item: Leftovers
|upkeep
|turn|6
|
|t:|1729357792
|switch|p1a: Charizard|Charizard, F|100/100
|move|p2a: Breloom|Leech Seed|p1a: Charizard
|-start|p1a: Charizard|move: Leech Seed
|
|-weather|Sandstorm|[upkeep]
|-damage|p1a: Charizard|94/100|[from] Sandstorm
|-damage|p2a: Breloom|82/100|[from] Sandstorm
|-heal|p1a: Charizard|100/100|[from] item: Leftovers
|-damage|p1a: Charizard|88/100|[from] Leech Seed|[of] p2a: Breloom
|-heal|p2a: Breloom|98/100|[silent]
|-heal|p2a: Breloom|100/100|[from] item: Leftovers
|upkeep
|turn|7
|
|t:|1729357824
|switch|p1a: Lanturn|Lanturn, M|100/100
|switch|p2a: Zapdos|Zapdos|100/100
|
|-weather|Sandstorm|[upkeep]
|-damage|p2a: Zapdos|94/100|[from] Sandstorm
|-damage|p1a: Lanturn|94/100|[from] Sandstorm
|-heal|p2a: Zapdos|100/100|[from] item: Leftovers
|-heal|p1a: Lanturn|100/100|[from] item: Leftovers
|upkeep
|turn|8
|inactive|leng loi has 270 seconds left.
|
|t:|1729357840
|move|p2a: Zapdos|Hidden Power|p1a: Lanturn
|-supereffective|p1a: Lanturn
|-damage|p1a: Lanturn|66/100
|move|p1a: Lanturn|Thunder Wave|p2a: Zapdos
|-status|p2a: Zapdos|par
|
|-weather|Sandstorm|[upkeep]
|-damage|p1a: Lanturn|60/100|[from] Sandstorm
|-damage|p2a: Zapdos|94/100 par|[from] Sandstorm
|-heal|p1a: Lanturn|66/100|[from] item: Leftovers
|-heal|p2a: Zapdos|100/100 par|[from] item: Leftovers
|upkeep
|turn|9
|inactive|UDM31 has 240 seconds left.
|
|t:|1729357862
|move|p1a: Lanturn|Ice Beam|p2a: Zapdos
|-supereffective|p2a: Zapdos
|-damage|p2a: Zapdos|59/100 par
|move|p2a: Zapdos|Agility|p2a: Zapdos
|-boost|p2a: Zapdos|spe|2
|
|-weather|Sandstorm|[upkeep]
|-damage|p1a: Lanturn|60/100|[from] Sandstorm
|-damage|p2a: Zapdos|52/100 par|[from] Sandstorm
|-heal|p1a: Lanturn|66/100|[from] item: Leftovers
|-heal|p2a: Zapdos|59/100 par|[from] item: Leftovers
|upkeep
|turn|10
|inactive|UDM31 has 240 seconds left.
|
|t:|1729357874
|move|p1a: Lanturn|Ice Beam|p2a: Zapdos
|-supereffective|p2a: Zapdos
|-damage|p2a: Zapdos|17/100 par
|move|p2a: Zapdos|Baton Pass|p2a: Zapdos
|
|t:|1729357877
|switch|p2a: Snorlax|Snorlax, F|100/100|[from] Baton Pass
|-damage|p2a: Snorlax|88/100|[from] Spikes
|
|-weather|Sandstorm|[upkeep]
|-damage|p1a: Lanturn|60/100|[from] Sandstorm
|-damage|p2a: Snorlax|82/100|[from] Sandstorm
|-heal|p1a: Lanturn|66/100|[from] item: Leftovers
|-heal|p2a: Snorlax|88/100|[from] item: Leftovers
|upkeep
|turn|11
|inactive|UDM31 has 240 seconds left.
|
|t:|1729357915
|switch|p1a: Skarmory|Skarmory, M|88/100 slp
|move|p2a: Snorlax|Earthquake|p1a: Skarmory
|-immune|p1a: Skarmory
|
|-weather|Sandstorm|[upkeep]
|-damage|p2a: Snorlax|82/100|[from] Sandstorm
|-heal|p2a: Snorlax|88/100|[from] item: Leftovers
|-heal|p1a: Skarmory|94/100 slp|[from] item: Leftovers
|upkeep
|turn|12
|
|t:|1729357929
|move|p2a: Snorlax|Curse|p2a: Snorlax
|-unboost|p2a: Snorlax|spe|1
|-boost|p2a: Snorlax|atk|1
|-boost|p2a: Snorlax|def|1
|cant|p1a: Skarmory|slp
|
|-weather|Sandstorm|[upkeep]
|-damage|p2a: Snorlax|82/100|[from] Sandstorm
|-heal|p1a: Skarmory|99/100 slp|[from] item: Leftovers
|-heal|p2a: Snorlax|88/100|[from] item: Leftovers
|upkeep
|turn|13
|
|t:|1729357936
|move|p2a: Snorlax|Shadow Ball|p1a: Skarmory
|-resisted|p1a: Skarmory
|-damage|p1a: Skarmory|85/100 slp
|cant|p1a: Skarmory|slp
|
|-weather|Sandstorm|[upkeep]
|-damage|p2a: Snorlax|82/100|[from] Sandstorm
|-heal|p1a: Skarmory|91/100 slp|[from] item: Leftovers
|-heal|p2a: Snorlax|88/100|[from] item: Leftovers
|upkeep
|turn|14
|
|t:|1729357940
|move|p2a: Snorlax|Self-Destruct|p1a: Skarmory
|-resisted|p1a: Skarmory
|-damage|p1a: Skarmory|0 fnt
|faint|p2a: Snorlax
|faint|p1a: Skarmory
|inactive|UDM31 has 240 seconds left.
|
|t:|1729357966
|switch|p1a: Charizard|Charizard, F|88/100
|switch|p2a: Breloom|Breloom, F|100/100
|-damage|p2a: Breloom|88/100|[from] Spikes
|
|-weather|Sandstorm|[upkeep]
|-damage|p1a: Charizard|82/100|[from] Sandstorm
|-damage|p2a: Breloom|82/100|[from] Sandstorm
|-heal|p1a: Charizard|88/100|[from] item: Leftovers
|-heal|p2a: Breloom|88/100|[from] item: Leftovers
|upkeep
|turn|15
|inactive|UDM31 has 240 seconds left.
|
|t:|1729357972
|switch|p2a: Zapdos|Zapdos|17/100 par
|move|p1a: Charizard|Substitute|p1a: Charizard
|-start|p1a: Charizard|Substitute
|-damage|p1a: Charizard|63/100
|
|-weather|Sandstorm|[upkeep]
|-damage|p1a: Charizard|57/100|[from] Sandstorm
|-damage|p2a: Zapdos|11/100 par|[from] Sandstorm
|-heal|p1a: Charizard|63/100|[from] item: Leftovers
|-heal|p2a: Zapdos|17/100 par|[from] item: Leftovers
|upkeep
|turn|16
|inactive|UDM31 has 240 seconds left.
|
|t:|1729357984
|move|p1a: Charizard|Fire Blast|p2a: Zapdos
|-damage|p2a: Zapdos|0 fnt
|faint|p2a: Zapdos
|
|t:|1729357987
|switch|p2a: Suicune|Suicune|100/100
|-damage|p2a: Suicune|88/100|[from] Spikes
|
|-weather|Sandstorm|[upkeep]
|-damage|p1a: Charizard|57/100|[from] Sandstorm
|-damage|p2a: Suicune|82/100|[from] Sandstorm
|-heal|p1a: Charizard|63/100|[from] item: Leftovers
|-heal|p2a: Suicune|88/100|[from] item: Leftovers
|upkeep
|turn|17
|
|t:|1729357999
|move|p1a: Charizard|Hidden Power|p2a: Suicune
|-supereffective|p2a: Suicune
|-damage|p2a: Suicune|55/100
|move|p2a: Suicune|Surf|p1a: Charizard
|-supereffective|p1a: Charizard
|-end|p1a: Charizard|Substitute
|
|-weather|Sandstorm|[upkeep]
|-damage|p1a: Charizard|57/100|[from] Sandstorm
|-damage|p2a: Suicune|49/100|[from] Sandstorm
|-heal|p1a: Charizard|63/100|[from] item: Leftovers
|-heal|p2a: Suicune|55/100|[from] item: Leftovers
|upkeep
|turn|18
|inactive|UDM31 has 240 seconds left.
|
|t:|1729358030
|switch|p1a: Lanturn|Lanturn, M|66/100
|move|p2a: Suicune|Rest|p2a: Suicune
|-status|p2a: Suicune|slp|[from] move: Rest
|-heal|p2a: Suicune|100/100 slp|[silent]
|
|-weather|Sandstorm|[upkeep]
|-damage|p2a: Suicune|94/100 slp|[from] Sandstorm
|-damage|p1a: Lanturn|60/100|[from] Sandstorm
|-heal|p2a: Suicune|100/100 slp|[from] item: Leftovers
|-heal|p1a: Lanturn|66/100|[from] item: Leftovers
|upkeep
|turn|19
|
|t:|1729358051
|switch|p2a: Tyranitar|Tyranitar, M|100/100
|-damage|p2a: Tyranitar|88/100|[from] Spikes
|move|p1a: Lanturn|Ice Beam|p2a: Tyranitar
|-damage|p2a: Tyranitar|67/100
|-status|p2a: Tyranitar|frz
|
|-weather|Sandstorm|[upkeep]
|-damage|p1a: Lanturn|60/100|[from] Sandstorm
|-heal|p1a: Lanturn|66/100|[from] item: Leftovers
|-heal|p2a: Tyranitar|73/100 frz|[from] item: Leftovers
|upkeep
|turn|20
|c|☆UDM31|mb
|inactive|UDM31 has 210 seconds left.
|inactive|UDM31 has 180 seconds left.
|
|t:|1729358104
|-singleturn|p2a: Tyranitar|move: Focus Punch
|switch|p1a: Swampert|Swampert, F|100/100
|cant|p2a: Tyranitar|frz
|
|-weather|Sandstorm|[upkeep]
|-heal|p2a: Tyranitar|79/100 frz|[from] item: Leftovers
|upkeep
|turn|21
|inactive|UDM31 has 180 seconds left.
|
|t:|1729358122
|cant|p2a: Tyranitar|frz
|move|p1a: Swampert|Ice Beam|p2a: Tyranitar
|-damage|p2a: Tyranitar|64/100 frz
|
|-weather|Sandstorm|[upkeep]
|-heal|p2a: Tyranitar|70/100 frz|[from] item: Leftovers
|upkeep
|turn|22
|inactive|UDM31 has 180 seconds left.
|
|t:|1729358130
|switch|p2a: Breloom|Breloom, F|88/100
|-damage|p2a: Breloom|76/100|[from] Spikes
|move|p1a: Swampert|Earthquake|p2a: Breloom
|-resisted|p2a: Breloom
|-damage|p2a: Breloom|45/100
|
|-weather|Sandstorm|[upkeep]
|-damage|p2a: Breloom|39/100|[from] Sandstorm
|-heal|p2a: Breloom|45/100|[from] item: Leftovers
|upkeep
|turn|23
|inactive|UDM31 has 180 seconds left.
|
|t:|1729358160
|move|p2a: Breloom|Spore|p1a: Swampert
|-status|p1a: Swampert|slp|[from] move: Spore
|cant|p1a: Swampert|slp
|
|-weather|Sandstorm|[upkeep]
|-damage|p2a: Breloom|39/100|[from] Sandstorm
|-heal|p2a: Breloom|45/100|[from] item: Leftovers
|upkeep
|turn|24
|inactive|UDM31 has 150 seconds left.
|
|t:|1729358187
|switch|p1a: Charizard|Charizard, F|63/100
|move|p2a: Breloom|Leech Seed|p1a: Charizard
|-start|p1a: Charizard|move: Leech Seed
|
|-weather|Sandstorm|[upkeep]
|-damage|p1a: Charizard|57/100|[from] Sandstorm
|-damage|p2a: Breloom|39/100|[from] Sandstorm
|-heal|p1a: Charizard|63/100|[from] item: Leftovers
|-damage|p1a: Charizard|51/100|[from] Leech Seed|[of] p2a: Breloom
|-heal|p2a: Breloom|55/100|[silent]
|-heal|p2a: Breloom|61/100|[from] item: Leftovers
|upkeep
|turn|25
|inactive|UDM31 has 150 seconds left.
|inactive|leng loi has 270 seconds left.
|inactive|UDM31 has 120 seconds left.
|
|t:|1729358230
|-singleturn|p2a: Breloom|move: Focus Punch
|move|p1a: Charizard|Hidden Power|p2a: Breloom
|-resisted|p2a: Breloom
|-damage|p2a: Breloom|36/100
|move|p2a: Breloom|Focus Punch||[still]
|cant|p2a: Breloom|Focus Punch|Focus Punch
|
|-weather|Sandstorm|[upkeep]
|-damage|p1a: Charizard|45/100|[from] Sandstorm
|-damage|p2a: Breloom|30/100|[from] Sandstorm
|-heal|p1a: Charizard|51/100|[from] item: Leftovers
|-damage|p1a: Charizard|38/100|[from] Leech Seed|[of] p2a: Breloom
|-heal|p2a: Breloom|46/100|[silent]
|-heal|p2a: Breloom|52/100|[from] item: Leftovers
|upkeep
|turn|26
|inactive|UDM31 has 120 seconds left.
|inactive|leng loi has 270 seconds left.
|inactive|UDM31 has 90 seconds left.
|
|t:|1729358278
|-singleturn|p1a: Charizard|move: Focus Punch
|move|p2a: Breloom|Substitute|p2a: Breloom
|-start|p2a: Breloom|Substitute
|-damage|p2a: Breloom|28/100
|move|p1a: Charizard|Focus Punch|p2a: Breloom
|-end|p2a: Breloom|Substitute
|
|-weather|Sandstorm|[upkeep]
|-damage|p1a: Charizard|32/100|[from] Sandstorm
|-damage|p2a: Breloom|22/100|[from] Sandstorm
|-heal|p1a: Charizard|38/100|[from] item: Leftovers
|-damage|p1a: Charizard|26/100|[from] Leech Seed|[of] p2a: Breloom
|-heal|p2a: Breloom|38/100|[silent]
|-heal|p2a: Breloom|44/100|[from] item: Leftovers
|upkeep
|turn|27
|inactive|UDM31 has 90 seconds left.
|
|t:|1729358288
|switch|p2a: Tyranitar|Tyranitar, M|70/100 frz
|-damage|p2a: Tyranitar|57/100 frz|[from] Spikes
|move|p1a: Charizard|Fire Blast|p2a: Tyranitar|[miss]
|-miss|p1a: Charizard|p2a: Tyranitar
|
|-weather|Sandstorm|[upkeep]
|-damage|p1a: Charizard|20/100|[from] Sandstorm
|-heal|p1a: Charizard|26/100|[from] item: Leftovers
|-damage|p1a: Charizard|13/100|[from] Leech Seed|[of] p2a: Tyranitar
|-heal|p2a: Tyranitar|67/100 frz|[silent]
|-heal|p2a: Tyranitar|73/100 frz|[from] item: Leftovers
|upkeep
|turn|28
|c|☆leng loi|bruh
|inactive|UDM31 has 90 seconds left.
|inactive|leng loi has 240 seconds left.
|inactive|UDM31 has 60 seconds left.
|inactive|leng loi has 210 seconds left.
|
|t:|1729358362
|switch|p2a: Breloom|Breloom, F|44/100
|-damage|p2a: Breloom|32/100|[from] Spikes
|move|p1a: Charizard|Hidden Power|p2a: Breloom
|-resisted|p2a: Breloom
|-damage|p2a: Breloom|8/100
|
|-weather|Sandstorm|[upkeep]
|-damage|p1a: Charizard|7/100|[from] Sandstorm
|-damage|p2a: Breloom|2/100|[from] Sandstorm
|-heal|p1a: Charizard|13/100|[from] item: Leftovers
|-damage|p1a: Charizard|1/100|[from] Leech Seed|[of] p2a: Breloom
|-heal|p2a: Breloom|18/100|[silent]
|-heal|p2a: Breloom|24/100|[from] item: Leftovers
|upkeep
|turn|29
|inactive|leng loi has 210 seconds left.
|
|t:|1729358376
|move|p1a: Charizard|Hidden Power|p2a: Breloom
|-resisted|p2a: Breloom
|-damage|p2a: Breloom|1/100
|move|p2a: Breloom|Leech Seed||[still]
|-fail|p2a: Breloom
|
|-weather|Sandstorm|[upkeep]
|-damage|p1a: Charizard|0 fnt|[from] Sandstorm
|-damage|p2a: Breloom|0 fnt|[from] Sandstorm
|faint|p1a: Charizard
|faint|p2a: Breloom
|upkeep
|inactive|leng loi has 210 seconds left.
|inactive|UDM31 has 30 seconds left.
|c|☆UDM31|sorry for the rng
|
|t:|1729358406
|switch|p1a: Aerodactyl|Aerodactyl, M|100/100
|switch|p2a: Metagross|Metagross|15/100
|-damage|p2a: Metagross|3/100|[from] Spikes
|turn|30
|
|t:|1729358413
|move|p1a: Aerodactyl|Earthquake|p2a: Metagross
|-supereffective|p2a: Metagross
|-damage|p2a: Metagross|0 fnt
|faint|p2a: Metagross
|
|t:|1729358415
|switch|p2a: Suicune|Suicune|100/100 slp
|-damage|p2a: Suicune|88/100 slp|[from] Spikes
|
|-weather|Sandstorm|[upkeep]
|-damage|p2a: Suicune|82/100 slp|[from] Sandstorm
|-heal|p2a: Suicune|88/100 slp|[from] item: Leftovers
|upkeep
|turn|31
|
|t:|1729358419
|switch|p1a: Lanturn|Lanturn, M|66/100
|cant|p2a: Suicune|slp
|move|p2a: Suicune|Sleep Talk|p2a: Suicune
|move|p2a: Suicune|Calm Mind|p2a: Suicune|[from]Sleep Talk
|-boost|p2a: Suicune|spa|1
|-boost|p2a: Suicune|spd|1
|
|-weather|Sandstorm|[upkeep]
|-damage|p2a: Suicune|82/100 slp|[from] Sandstorm
|-damage|p1a: Lanturn|60/100|[from] Sandstorm
|-heal|p2a: Suicune|88/100 slp|[from] item: Leftovers
|-heal|p1a: Lanturn|66/100|[from] item: Leftovers
|upkeep
|turn|32
|
|t:|1729358423
|cant|p2a: Suicune|slp
|move|p2a: Suicune|Sleep Talk|p2a: Suicune
|move|p2a: Suicune|Surf|p1a: Lanturn|[from]Sleep Talk
|-resisted|p1a: Lanturn
|-damage|p1a: Lanturn|44/100
|move|p1a: Lanturn|Thunderbolt|p2a: Suicune
|-supereffective|p2a: Suicune
|-damage|p2a: Suicune|46/100 slp
|
|-weather|Sandstorm|[upkeep]
|-damage|p2a: Suicune|40/100 slp|[from] Sandstorm
|-damage|p1a: Lanturn|38/100|[from] Sandstorm
|-heal|p2a: Suicune|46/100 slp|[from] item: Leftovers
|-heal|p1a: Lanturn|44/100|[from] item: Leftovers
|upkeep
|turn|33
|
|t:|1729358431
|-curestatus|p2a: Suicune|slp|[msg]
|move|p2a: Suicune|Calm Mind|p2a: Suicune
|-boost|p2a: Suicune|spa|1
|-boost|p2a: Suicune|spd|1
|move|p1a: Lanturn|Thunderbolt|p2a: Suicune
|-supereffective|p2a: Suicune
|-damage|p2a: Suicune|19/100
|
|-weather|Sandstorm|[upkeep]
|-damage|p2a: Suicune|12/100|[from] Sandstorm
|-damage|p1a: Lanturn|38/100|[from] Sandstorm
|-heal|p2a: Suicune|19/100|[from] item: Leftovers
|-heal|p1a: Lanturn|44/100|[from] item: Leftovers
|upkeep
|turn|34
|
|t:|1729358437
|move|p2a: Suicune|Rest|p2a: Suicune
|-status|p2a: Suicune|slp|[from] move: Rest
|-heal|p2a: Suicune|100/100 slp|[silent]
|move|p1a: Lanturn|Thunderbolt|p2a: Suicune
|-supereffective|p2a: Suicune
|-damage|p2a: Suicune|72/100 slp
|
|-weather|Sandstorm|[upkeep]
|-damage|p2a: Suicune|66/100 slp|[from] Sandstorm
|-damage|p1a: Lanturn|38/100|[from] Sandstorm
|-heal|p2a: Suicune|72/100 slp|[from] item: Leftovers
|-heal|p1a: Lanturn|44/100|[from] item: Leftovers
|upkeep
|turn|35
|
|t:|1729358440
|cant|p2a: Suicune|slp
|move|p2a: Suicune|Sleep Talk|p2a: Suicune
|move|p2a: Suicune|Calm Mind|p2a: Suicune|[from]Sleep Talk
|-boost|p2a: Suicune|spa|1
|-boost|p2a: Suicune|spd|1
|move|p1a: Lanturn|Thunderbolt|p2a: Suicune
|-supereffective|p2a: Suicune
|-damage|p2a: Suicune|47/100 slp
|
|-weather|Sandstorm|[upkeep]
|-damage|p2a: Suicune|40/100 slp|[from] Sandstorm
|-damage|p1a: Lanturn|38/100|[from] Sandstorm
|-heal|p2a: Suicune|47/100 slp|[from] item: Leftovers
|-heal|p1a: Lanturn|44/100|[from] item: Leftovers
|upkeep
|turn|36
|
|t:|1729358444
|cant|p2a: Suicune|slp
|move|p2a: Suicune|Sleep Talk|p2a: Suicune
|move|p2a: Suicune|Calm Mind|p2a: Suicune|[from]Sleep Talk
|-boost|p2a: Suicune|spa|1
|-boost|p2a: Suicune|spd|1
|move|p1a: Lanturn|Thunderbolt|p2a: Suicune
|-supereffective|p2a: Suicune
|-damage|p2a: Suicune|26/100 slp
|
|-weather|Sandstorm|[upkeep]
|-damage|p2a: Suicune|20/100 slp|[from] Sandstorm
|-damage|p1a: Lanturn|38/100|[from] Sandstorm
|-heal|p2a: Suicune|26/100 slp|[from] item: Leftovers
|-heal|p1a: Lanturn|44/100|[from] item: Leftovers
|upkeep
|turn|37
|
|t:|1729358451
|-curestatus|p2a: Suicune|slp|[msg]
|move|p2a: Suicune|Rest|p2a: Suicune
|-status|p2a: Suicune|slp|[from] move: Rest
|-heal|p2a: Suicune|100/100 slp|[silent]
|move|p1a: Lanturn|Thunderbolt|p2a: Suicune
|-supereffective|p2a: Suicune
|-damage|p2a: Suicune|82/100 slp
|
|-weather|Sandstorm|[upkeep]
|-damage|p2a: Suicune|76/100 slp|[from] Sandstorm
|-damage|p1a: Lanturn|38/100|[from] Sandstorm
|-heal|p2a: Suicune|82/100 slp|[from] item: Leftovers
|-heal|p1a: Lanturn|44/100|[from] item: Leftovers
|upkeep
|turn|38
|
|t:|1729358454
|cant|p2a: Suicune|slp
|move|p2a: Suicune|Sleep Talk|p2a: Suicune
|move|p2a: Suicune|Surf|p1a: Lanturn|[from]Sleep Talk
|-resisted|p1a: Lanturn
|-damage|p1a: Lanturn|2/100
|move|p1a: Lanturn|Thunderbolt|p2a: Suicune
|-supereffective|p2a: Suicune
|-damage|p2a: Suicune|62/100 slp
|
|-weather|Sandstorm|[upkeep]
|-damage|p2a: Suicune|56/100 slp|[from] Sandstorm
|-damage|p1a: Lanturn|0 fnt|[from] Sandstorm
|faint|p1a: Lanturn
|-heal|p2a: Suicune|62/100 slp|[from] item: Leftovers
|upkeep
|inactive|UDM31 has 90 seconds left.
|
|t:|1729358483
|switch|p1a: Aerodactyl|Aerodactyl, M|100/100
|turn|39
|inactive|UDM31 has 90 seconds left.
|
|t:|1729358491
|move|p1a: Aerodactyl|Rock Slide|p2a: Suicune|[miss]
|-miss|p1a: Aerodactyl|p2a: Suicune
|cant|p2a: Suicune|slp
|move|p2a: Suicune|Sleep Talk|p2a: Suicune
|move|p2a: Suicune|Calm Mind|p2a: Suicune|[from]Sleep Talk
|-boost|p2a: Suicune|spa|1
|-boost|p2a: Suicune|spd|1
|
|-weather|Sandstorm|[upkeep]
|-damage|p2a: Suicune|56/100 slp|[from] Sandstorm
|-heal|p2a: Suicune|62/100 slp|[from] item: Leftovers
|upkeep
|turn|40
|inactive|UDM31 has 90 seconds left.
|
|t:|1729358505
|move|p1a: Aerodactyl|Rock Slide|p2a: Suicune
|-damage|p2a: Suicune|31/100 slp
|-curestatus|p2a: Suicune|slp|[msg]
|cant|p2a: Suicune|flinch
|
|-weather|Sandstorm|[upkeep]
|-damage|p2a: Suicune|25/100|[from] Sandstorm
|-heal|p2a: Suicune|31/100|[from] item: Leftovers
|upkeep
|turn|41
|
|t:|1729358515
|move|p1a: Aerodactyl|Rock Slide|p2a: Suicune
|-damage|p2a: Suicune|3/100
|move|p2a: Suicune|Rest|p2a: Suicune
|-status|p2a: Suicune|slp|[from] move: Rest
|-heal|p2a: Suicune|100/100 slp|[silent]
|
|-weather|Sandstorm|[upkeep]
|-damage|p2a: Suicune|94/100 slp|[from] Sandstorm
|-heal|p2a: Suicune|100/100 slp|[from] item: Leftovers
|upkeep
|turn|42
|
|t:|1729358526
|move|p1a: Aerodactyl|Rock Slide|p2a: Suicune
|-damage|p2a: Suicune|70/100 slp
|cant|p2a: Suicune|slp
|move|p2a: Suicune|Sleep Talk|p2a: Suicune
|move|p2a: Suicune|Rest|p2a: Suicune|[from]Sleep Talk
|
|-weather|Sandstorm|[upkeep]
|-damage|p2a: Suicune|64/100 slp|[from] Sandstorm
|-heal|p2a: Suicune|70/100 slp|[from] item: Leftovers
|upkeep
|turn|43
|
|t:|1729358532
|move|p1a: Aerodactyl|Rock Slide|p2a: Suicune
|-damage|p2a: Suicune|39/100 slp
|cant|p2a: Suicune|slp
|move|p2a: Suicune|Sleep Talk|p2a: Suicune
|move|p2a: Suicune|Calm Mind|p2a: Suicune|[from]Sleep Talk
|-boost|p2a: Suicune|spa|1
|-boost|p2a: Suicune|spd|1
|
|-weather|Sandstorm|[upkeep]
|-damage|p2a: Suicune|33/100 slp|[from] Sandstorm
|-heal|p2a: Suicune|39/100 slp|[from] item: Leftovers
|upkeep
|turn|44
|
|t:|1729358535
|move|p1a: Aerodactyl|Rock Slide|p2a: Suicune
|-damage|p2a: Suicune|10/100 slp
|-curestatus|p2a: Suicune|slp|[msg]
|move|p2a: Suicune|Rest|p2a: Suicune
|-status|p2a: Suicune|slp|[from] move: Rest
|-heal|p2a: Suicune|100/100 slp|[silent]
|
|-weather|Sandstorm|[upkeep]
|-damage|p2a: Suicune|94/100 slp|[from] Sandstorm
|-heal|p2a: Suicune|100/100 slp|[from] item: Leftovers
|upkeep
|turn|45
|inactive|UDM31 has 120 seconds left.
|-message|UDM31 forfeited.
|
|win|leng loi
|player|p1|
|c|☆leng loi|gg

</script>
<script type="application/json" class="data" id="replaydata-smogtours-gen3ou-799955">
{"id":"smogtours-gen3ou-799955","format":"[Gen 3] OU","players":["UDM31","leng loi"],"uploadtime":1729358555,"views":155,"formatid":"gen3ou","rating":null,"private":0,"password":null}
</script>

<script defer src="js/replays.js?9d40a366"></script>
