<!DOCTYPE html>
<meta charset="utf-8" />
<meta name="viewport" content="width=device-width" />

<title>[Gen 3] OU: Segale vs. xXEricXx - Replays - Pok&eacute;mon Showdown!</title>

<meta name="description" content="Watch a replay of a Pok&eacute;mon battle between Segale and xXEricXx! Format: [Gen 3] OU; Date: Nov 7, 2024" />
<!--

Hey, you! Looking in the source for the replay log?

You can find them in JSON format, just add `.json` at the end of a replay URL.

https://replay.pokemonshowdown.com/gen7randomdoublesbattle-865046831.json

Or, if you only need the log itself, add `.log` instead:

https://replay.pokemonshowdown.com/gen7randomdoublesbattle-865046831.log

-->

<link rel="stylesheet" href="//pokemonshowdown.com/style/global.css?0.023195364461161105" />
<link rel="stylesheet" href="//play.pokemonshowdown.com/style/font-awesome.css?0.13261647063804238" />
<link rel="stylesheet" href="//play.pokemonshowdown.com/style/battle.css?0.8753245789963631" />
<link rel="stylesheet" href="//play.pokemonshowdown.com/style/utilichart.css?0.8627959624976733" />

<!-- Global site tag (gtag.js) - Google Analytics -->
<script async src="https://www.googletagmanager.com/gtag/js?id=UA-26211653-1"></script>
<script>
  window.dataLayer = window.dataLayer || [];
  function gtag(){dataLayer.push(arguments);}
  gtag('js', new Date());

  gtag('config', 'UA-26211653-1');
</script>
<!-- End Google Analytics -->
<!-- Venatus Ad Manager - Install in <HEAD> of page -->
	<script src="https://hb.vntsm.com/v3/live/ad-manager.min.js" type="text/javascript" data-site-id="642aba63ec9a7b11c3c9c1be" data-mode="scan" async></script>
<!-- / Venatus Ad Manager -->

<style>
	@media (max-width:820px) {
		.battle {
			margin: 0 auto;
		}
		.battle-log {
			margin: 7px auto 0;
			max-width: 640px;
			height: 300px;
			position: static;
		}
	}
	.optgroup {
		display: inline-block;
		line-height: 22px;
		font-size: 10pt;
	}
	.optgroup .button {
		height: 25px;
		padding-top: 0;
		padding-bottom: 0;
	}
	.optgroup button.button {
		padding-left: 12px;
		padding-right: 12px;
	}
	.linklist {
		list-style: none;
		margin: 0.5em 0;
		padding: 0;
	}
	.linklist li {
		padding: 2px 0;
	}
	.sidebar {
		float: left;
		width: 320px;
	}
	.bar-wrapper {
		max-width: 1100px;
		margin: 0 auto;
	}
	.bar-wrapper.has-sidebar {
		max-width: 1430px;
	}
	.mainbar {
		margin: 0;
		padding-right: 1px;
	}
	.mainbar.has-sidebar {
		margin-left: 330px;
	}
	@media (min-width: 1511px) {
		.sidebar {
			width: 400px;
		}
		.bar-wrapper.has-sidebar {
			max-width: 1510px;
		}
		.mainbar.has-sidebar {
			margin-left: 410px;
		}
	}
	.section.first-section {
		margin-top: 9px;
	}
	.blocklink small {
		white-space: normal;
	}
	.button {
		vertical-align: middle;
	}
	.replay-controls {
		padding-top: 10px;
	}
	.replay-controls h1 {
		font-size: 16pt;
		font-weight: normal;
		color: #CCC;
	}
	.pagelink {
		text-align: center;
	}
	.pagelink a {
		width: 150px;
	}
	.textbox, .button {
		font-size: 11pt;
		vertical-align: middle;
	}
	@media (max-width: 450px) {
		.button {
			font-size: 9pt;
		}
	}
</style>

<div>

	<header>
		<div class="nav-wrapper"><ul class="nav">
			<li><a class="button nav-first" href="//pokemonshowdown.com/"><img src="//pokemonshowdown.com/images/pokemonshowdownbeta.png" srcset="//pokemonshowdown.com/images/pokemonshowdownbeta.png 1x, //pokemonshowdown.com/images/pokemonshowdownbeta@2x.png 2x" alt="Pok&eacute;mon Showdown" width="146" height="44" /> Home</a></li>
			<li><a class="button" href="//pokemonshowdown.com/dex/">Pok&eacute;dex</a></li>
			<li><a class="button cur" href="/">Replays</a></li>
			<li><a class="button" href="//pokemonshowdown.com/ladder/">Ladder</a></li>
			<li><a class="button nav-last" href="//pokemonshowdown.com/forums/">Forum</a></li>
			<li><a class="button greenbutton nav-first nav-last" href="//play.pokemonshowdown.com/">Play</a></li>
		</ul></div>
	</header>

	<div class="main" id="main">

		<noscript><section class="section">You need to enable JavaScript to use this page; sorry!</section></noscript>

	</div>

</div>

<script defer nomodule src="//play.pokemonshowdown.com/js/lib/ps-polyfill.js"></script>
<script defer src="//play.pokemonshowdown.com/js/lib/preact.min.js"></script>

<script defer src="//play.pokemonshowdown.com/config/config.js?2bddbc15"></script>
<script defer src="//play.pokemonshowdown.com/js/lib/jquery-1.11.0.min.js"></script>
<script defer src="//play.pokemonshowdown.com/js/lib/html-sanitizer-minified.js"></script>
<script defer src="//play.pokemonshowdown.com/js/battle-sound.js"></script>
<script defer src="//play.pokemonshowdown.com/js/battledata.js?0.7209276989879541"></script>
<script defer src="//play.pokemonshowdown.com/data/pokedex-mini.js?0.6111056340867951"></script>
<script defer src="//play.pokemonshowdown.com/data/pokedex-mini-bw.js?0.3532142036491459"></script>
<script defer src="//play.pokemonshowdown.com/data/graphics.js?0.24223875632456182"></script>
<script defer src="//play.pokemonshowdown.com/data/pokedex.js?0.38839984266356864"></script>
<script defer src="//play.pokemonshowdown.com/data/moves.js?0.21866028504024015"></script>
<script defer src="//play.pokemonshowdown.com/data/abilities.js?0.2005157953846628"></script>
<script defer src="//play.pokemonshowdown.com/data/items.js?0.9894211263848525"></script>
<script defer src="//play.pokemonshowdown.com/data/teambuilder-tables.js?0.6008791140282215"></script>
<script defer src="//play.pokemonshowdown.com/js/battle-tooltips.js?0.7580118955022959"></script>
<script defer src="//play.pokemonshowdown.com/js/battle.js?0.6057722274234274"></script>

<script defer src="js/utils.js?e31f9a17"></script>
<script defer src="js/replays-battle.js?7008c182"></script>

<!-- don't scrape this data! just add .json or .log after the URL!
Full API docs: https://github.com/smogon/pokemon-showdown-client/blob/master/WEB-API.md -->
<script type="text/plain" class="log" id="replaylog-smogtours-gen3ou-805133">
|inactive|Battle timer is ON: inactive players will automatically lose when time's up.
|t:|1731011235
|gametype|singles
|player|p1|Segale|blue|
|player|p2|xXEricXx|red|
|teamsize|p1|6
|teamsize|p2|6
|gen|3
|tier|[Gen 3] OU
|rule|Sleep Clause Mod: Limit one foe put to sleep
|rule|Switch Priority Clause Mod: Faster Pokémon switch first
|rule|Species Clause: Limit one of each Pokémon
|rule|OHKO Clause: OHKO moves are banned
|rule|Evasion Items Clause: Evasion items are banned
|rule|Evasion Moves Clause: Evasion moves are banned
|rule|Endless Battle Clause: Forcing endless battles is banned
|rule|HP Percentage Mod: HP is shown in percentages
|rule|One Boost Passer Clause: Limit one Baton Passer that has a way to boost its stats
|rule|Freeze Clause Mod: Limit one foe frozen
|
|t:|1731011235
|start
|switch|p1a: Dugtrio|Dugtrio, M|100/100
|switch|p2a: BKC|Blaziken, M|100/100
|turn|1
|c|☆xXEricXx|hf
|
|t:|1731011253
|move|p1a: Dugtrio|Earthquake|p2a: BKC
|-supereffective|p2a: BKC
|-damage|p2a: BKC|0 fnt
|faint|p2a: BKC
|
|t:|1731011260
|switch|p2a: Zapdos|Zapdos|100/100
|
|upkeep
|turn|2
|
|t:|1731011267
|switch|p1a: Blissey|Blissey, F|100/100
|move|p2a: Zapdos|Substitute|p2a: Zapdos
|-start|p2a: Zapdos|Substitute
|-damage|p2a: Zapdos|76/100
|
|-heal|p2a: Zapdos|82/100|[from] item: Leftovers
|upkeep
|turn|3
|
|t:|1731011278
|move|p2a: Zapdos|Baton Pass|p2a: Zapdos
|
|t:|1731011281
|switch|p2a: Metagross|Metagross|100/100|[from] Baton Pass
|move|p1a: Blissey|Seismic Toss|p2a: Metagross
|-end|p2a: Metagross|Substitute
|
|upkeep
|turn|4
|
|t:|1731011290
|switch|p1a: Forretress|Forretress, F|100/100
|move|p2a: Metagross|Meteor Mash|p1a: Forretress
|-resisted|p1a: Forretress
|-damage|p1a: Forretress|79/100
|
|-heal|p1a: Forretress|85/100|[from] item: Leftovers
|upkeep
|turn|5
|
|t:|1731011303
|switch|p2a: Starmie|Starmie|100/100
|move|p1a: Forretress|Spikes|p2a: Starmie
|-sidestart|p2: xXEricXx|Spikes
|
|-heal|p1a: Forretress|91/100|[from] item: Leftovers
|upkeep
|turn|6
|
|t:|1731011310
|move|p2a: Starmie|Rapid Spin|p1a: Forretress
|-resisted|p1a: Forretress
|-damage|p1a: Forretress|91/100
|-sideend|p2: xXEricXx|Spikes|[from] move: Rapid Spin|[of] p2a: Starmie
|move|p1a: Forretress|Hidden Power|p2a: Starmie
|-supereffective|p2a: Starmie
|-damage|p2a: Starmie|65/100
|
|-heal|p2a: Starmie|71/100|[from] item: Leftovers
|-heal|p1a: Forretress|97/100|[from] item: Leftovers
|upkeep
|turn|7
|
|t:|1731011321
|switch|p1a: Blissey|Blissey, F|100/100
|move|p2a: Starmie|Surf|p1a: Blissey
|-damage|p1a: Blissey|87/100
|
|-heal|p2a: Starmie|77/100|[from] item: Leftovers
|-heal|p1a: Blissey|93/100|[from] item: Leftovers
|upkeep
|turn|8
|
|t:|1731011329
|move|p2a: Starmie|Recover|p2a: Starmie
|-heal|p2a: Starmie|100/100
|move|p1a: Blissey|Seismic Toss|p2a: Starmie
|-damage|p2a: Starmie|70/100
|
|-heal|p2a: Starmie|76/100|[from] item: Leftovers
|-heal|p1a: Blissey|99/100|[from] item: Leftovers
|upkeep
|turn|9
|
|t:|1731011337
|move|p2a: Starmie|Surf|p1a: Blissey
|-damage|p1a: Blissey|88/100
|move|p1a: Blissey|Seismic Toss|p2a: Starmie
|-damage|p2a: Starmie|45/100
|
|-heal|p2a: Starmie|51/100|[from] item: Leftovers
|-heal|p1a: Blissey|94/100|[from] item: Leftovers
|upkeep
|turn|10
|
|t:|1731011341
|move|p2a: Starmie|Recover|p2a: Starmie
|-heal|p2a: Starmie|100/100
|move|p1a: Blissey|Thunder Wave|p2a: Starmie
|-status|p2a: Starmie|par
|
|-heal|p1a: Blissey|99/100|[from] item: Leftovers
|upkeep
|turn|11
|
|t:|1731011360
|-curestatus|p2a: Starmie|par|[from] ability: Natural Cure
|switch|p2a: Blissey|Blissey, F|100/100
|move|p1a: Blissey|Thunder Wave|p2a: Blissey
|-status|p2a: Blissey|par
|
|-heal|p1a: Blissey|100/100|[from] item: Leftovers
|upkeep
|turn|12
|
|t:|1731011369
|switch|p1a: Forretress|Forretress, F|97/100
|-curestatus|p2a: Blissey|par|[from] ability: Natural Cure
|switch|p2a: Starmie|Starmie|100/100
|
|-heal|p1a: Forretress|100/100|[from] item: Leftovers
|upkeep
|turn|13
|
|t:|1731011375
|switch|p1a: Blissey|Blissey, F|100/100
|move|p2a: Starmie|Surf|p1a: Blissey
|-damage|p1a: Blissey|87/100
|
|-heal|p1a: Blissey|94/100|[from] item: Leftovers
|upkeep
|turn|14
|
|t:|1731011382
|switch|p2a: Blissey|Blissey, F|100/100
|move|p1a: Blissey|Thunder Wave|p2a: Blissey
|-status|p2a: Blissey|par
|
|-heal|p1a: Blissey|99/100|[from] item: Leftovers
|upkeep
|turn|15
|
|t:|1731011391
|switch|p1a: Forretress|Forretress, F|100/100
|move|p2a: Blissey|Calm Mind|p2a: Blissey
|-boost|p2a: Blissey|spa|1
|-boost|p2a: Blissey|spd|1
|
|upkeep
|turn|16
|
|t:|1731011401
|move|p1a: Forretress|Spikes|p2a: Blissey
|-sidestart|p2: xXEricXx|Spikes
|cant|p2a: Blissey|par
|
|upkeep
|turn|17
|
|t:|1731011404
|switch|p1a: Snorlax|Snorlax, F|100/100
|cant|p2a: Blissey|par
|
|upkeep
|turn|18
|
|t:|1731011414
|-curestatus|p2a: Blissey|par|[from] ability: Natural Cure
|switch|p2a: Tyranitar|Tyranitar, M|100/100
|-damage|p2a: Tyranitar|88/100|[from] Spikes
|-weather|Sandstorm|[from] ability: Sand Stream|[of] p2a: Tyranitar
|move|p1a: Snorlax|Curse|p1a: Snorlax
|-unboost|p1a: Snorlax|spe|1
|-boost|p1a: Snorlax|atk|1
|-boost|p1a: Snorlax|def|1
|
|-weather|Sandstorm|[upkeep]
|-damage|p1a: Snorlax|94/100|[from] Sandstorm
|-heal|p2a: Tyranitar|94/100|[from] item: Leftovers
|-heal|p1a: Snorlax|100/100|[from] item: Leftovers
|upkeep
|turn|19
|
|t:|1731011422
|move|p2a: Tyranitar|Rock Slide|p1a: Snorlax
|-damage|p1a: Snorlax|81/100
|move|p1a: Snorlax|Return|p2a: Tyranitar
|-resisted|p2a: Tyranitar
|-damage|p2a: Tyranitar|71/100
|
|-weather|Sandstorm|[upkeep]
|-damage|p1a: Snorlax|75/100|[from] Sandstorm
|-heal|p2a: Tyranitar|78/100|[from] item: Leftovers
|-heal|p1a: Snorlax|81/100|[from] item: Leftovers
|upkeep
|turn|20
|
|t:|1731011428
|switch|p1a: Dugtrio|Dugtrio, M|100/100
|move|p2a: Tyranitar|Dragon Dance|p2a: Tyranitar
|-boost|p2a: Tyranitar|atk|1
|-boost|p2a: Tyranitar|spe|1
|
|-weather|Sandstorm|[upkeep]
|-heal|p2a: Tyranitar|84/100|[from] item: Leftovers
|upkeep
|turn|21
|
|t:|1731011434
|move|p1a: Dugtrio|Earthquake|p2a: Tyranitar
|-supereffective|p2a: Tyranitar
|-damage|p2a: Tyranitar|0 fnt
|faint|p2a: Tyranitar
|
|t:|1731011441
|switch|p2a: Zapdos|Zapdos|82/100
|
|-weather|Sandstorm|[upkeep]
|-damage|p2a: Zapdos|76/100|[from] Sandstorm
|-heal|p2a: Zapdos|82/100|[from] item: Leftovers
|upkeep
|turn|22
|
|t:|1731011461
|switch|p1a: Blissey|Blissey, F|99/100
|move|p2a: Zapdos|Baton Pass|p2a: Zapdos
|
|t:|1731011463
|switch|p2a: Metagross|Metagross|100/100|[from] Baton Pass
|-damage|p2a: Metagross|88/100|[from] Spikes
|
|-weather|Sandstorm|[upkeep]
|-damage|p1a: Blissey|94/100|[from] Sandstorm
|-heal|p2a: Metagross|94/100|[from] item: Leftovers
|-heal|p1a: Blissey|99/100|[from] item: Leftovers
|upkeep
|turn|23
|
|t:|1731011471
|switch|p1a: Suicune|Suicune|100/100
|move|p2a: Metagross|Meteor Mash|p1a: Suicune
|-resisted|p1a: Suicune
|-damage|p1a: Suicune|85/100
|-boost|p2a: Metagross|atk|1
|
|-weather|Sandstorm|[upkeep]
|-damage|p1a: Suicune|79/100|[from] Sandstorm
|-heal|p1a: Suicune|85/100|[from] item: Leftovers
|-heal|p2a: Metagross|100/100|[from] item: Leftovers
|upkeep
|turn|24
|
|t:|1731011478
|move|p1a: Suicune|Surf|p2a: Metagross
|-damage|p2a: Metagross|67/100
|move|p2a: Metagross|Earthquake|p1a: Suicune
|-damage|p1a: Suicune|52/100
|
|-weather|Sandstorm|[upkeep]
|-damage|p1a: Suicune|46/100|[from] Sandstorm
|-heal|p1a: Suicune|52/100|[from] item: Leftovers
|-heal|p2a: Metagross|73/100|[from] item: Leftovers
|upkeep
|turn|25
|
|t:|1731011490
|move|p1a: Suicune|Surf|p2a: Metagross
|-damage|p2a: Metagross|43/100
|move|p2a: Metagross|Earthquake|p1a: Suicune
|-damage|p1a: Suicune|19/100
|
|-weather|Sandstorm|[upkeep]
|-damage|p1a: Suicune|13/100|[from] Sandstorm
|-heal|p1a: Suicune|19/100|[from] item: Leftovers
|-heal|p2a: Metagross|49/100|[from] item: Leftovers
|upkeep
|turn|26
|
|t:|1731011495
|move|p1a: Suicune|Surf|p2a: Metagross
|-damage|p2a: Metagross|18/100
|move|p2a: Metagross|Agility|p2a: Metagross
|-boost|p2a: Metagross|spe|2
|
|-weather|Sandstorm|[upkeep]
|-damage|p1a: Suicune|13/100|[from] Sandstorm
|-heal|p2a: Metagross|24/100|[from] item: Leftovers
|-heal|p1a: Suicune|19/100|[from] item: Leftovers
|upkeep
|turn|27
|
|t:|1731011511
|move|p2a: Metagross|Earthquake|p1a: Suicune
|-damage|p1a: Suicune|0 fnt
|faint|p1a: Suicune
|
|t:|1731011512
|switch|p1a: Blissey|Blissey, F|99/100
|
|-weather|Sandstorm|[upkeep]
|-damage|p1a: Blissey|94/100|[from] Sandstorm
|-heal|p2a: Metagross|30/100|[from] item: Leftovers
|-heal|p1a: Blissey|99/100|[from] item: Leftovers
|upkeep
|turn|28
|inactive|xXEricXx has 270 seconds left.
|
|t:|1731011548
|move|p2a: Metagross|Meteor Mash|p1a: Blissey
|-crit|p1a: Blissey
|-damage|p1a: Blissey|0 fnt
|faint|p1a: Blissey
|
|t:|1731011558
|switch|p1a: Forretress|Forretress, F|100/100
|
|-weather|Sandstorm|[upkeep]
|-heal|p2a: Metagross|36/100|[from] item: Leftovers
|upkeep
|turn|29
|inactive|xXEricXx has 270 seconds left.
|
|t:|1731011571
|move|p2a: Metagross|Earthquake|p1a: Forretress
|-damage|p1a: Forretress|58/100
|move|p1a: Forretress|Hidden Power|p2a: Metagross
|-damage|p2a: Metagross|24/100
|
|-weather|Sandstorm|[upkeep]
|-heal|p2a: Metagross|31/100|[from] item: Leftovers
|-heal|p1a: Forretress|65/100|[from] item: Leftovers
|upkeep
|turn|30
|
|t:|1731011576
|move|p2a: Metagross|Earthquake|p1a: Forretress
|-damage|p1a: Forretress|22/100
|move|p1a: Forretress|Hidden Power|p2a: Metagross
|-damage|p2a: Metagross|20/100
|
|-weather|Sandstorm|[upkeep]
|-heal|p2a: Metagross|26/100|[from] item: Leftovers
|-heal|p1a: Forretress|28/100|[from] item: Leftovers
|upkeep
|turn|31
|
|t:|1731011581
|move|p2a: Metagross|Earthquake|p1a: Forretress
|-damage|p1a: Forretress|0 fnt
|faint|p1a: Forretress
|
|t:|1731011583
|switch|p1a: Claydol|Claydol|100/100
|
|-weather|Sandstorm|[upkeep]
|-heal|p2a: Metagross|32/100|[from] item: Leftovers
|upkeep
|turn|32
|inactive|xXEricXx has 270 seconds left.
|
|t:|1731011628
|switch|p2a: Starmie|Starmie|100/100
|-damage|p2a: Starmie|88/100|[from] Spikes
|move|p1a: Claydol|Earthquake|p2a: Starmie
|-damage|p2a: Starmie|50/100
|
|-weather|Sandstorm|[upkeep]
|-damage|p2a: Starmie|44/100|[from] Sandstorm
|-heal|p2a: Starmie|50/100|[from] item: Leftovers
|upkeep
|turn|33
|
|t:|1731011639
|move|p2a: Starmie|Rapid Spin|p1a: Claydol
|-damage|p1a: Claydol|96/100
|-sideend|p2: xXEricXx|Spikes|[from] move: Rapid Spin|[of] p2a: Starmie
|move|p1a: Claydol|Rain Dance|p1a: Claydol
|-weather|RainDance
|
|-weather|RainDance|[upkeep]
|-heal|p2a: Starmie|57/100|[from] item: Leftovers
|-heal|p1a: Claydol|100/100|[from] item: Leftovers
|upkeep
|turn|34
|
|t:|1731011645
|switch|p1a: Snorlax|Snorlax, F|81/100
|move|p2a: Starmie|Surf|p1a: Snorlax
|-crit|p1a: Snorlax
|-damage|p1a: Snorlax|28/100
|
|-weather|RainDance|[upkeep]
|-heal|p2a: Starmie|63/100|[from] item: Leftovers
|-heal|p1a: Snorlax|34/100|[from] item: Leftovers
|upkeep
|turn|35
|inactive|xXEricXx has 270 seconds left.
|
|t:|1731011652
|move|p2a: Starmie|Surf|p1a: Snorlax
|-damage|p1a: Snorlax|11/100
|move|p1a: Snorlax|Rest|p1a: Snorlax
|-status|p1a: Snorlax|slp|[from] move: Rest
|-heal|p1a: Snorlax|100/100 slp|[silent]
|
|-weather|RainDance|[upkeep]
|-heal|p2a: Starmie|69/100|[from] item: Leftovers
|upkeep
|turn|36
|
|t:|1731011658
|switch|p2a: Metagross|Metagross|32/100
|cant|p1a: Snorlax|slp
|
|-weather|RainDance|[upkeep]
|-heal|p2a: Metagross|38/100|[from] item: Leftovers
|upkeep
|turn|37
|
|t:|1731011663
|switch|p1a: Claydol|Claydol|100/100
|move|p2a: Metagross|Meteor Mash|p1a: Claydol
|-damage|p1a: Claydol|28/100
|-boost|p2a: Metagross|atk|1
|
|-weather|none
|-heal|p1a: Claydol|34/100|[from] item: Leftovers
|-heal|p2a: Metagross|45/100|[from] item: Leftovers
|upkeep
|turn|38
|
|t:|1731011684
|switch|p2a: Zapdos|Zapdos|82/100
|move|p1a: Claydol|Earthquake|p2a: Zapdos
|-immune|p2a: Zapdos
|
|-heal|p2a: Zapdos|88/100|[from] item: Leftovers
|-heal|p1a: Claydol|40/100|[from] item: Leftovers
|upkeep
|turn|39
|
|t:|1731011692
|switch|p1a: Snorlax|Snorlax, F|100/100 slp
|move|p2a: Zapdos|Substitute|p2a: Zapdos
|-start|p2a: Zapdos|Substitute
|-damage|p2a: Zapdos|63/100
|
|-heal|p2a: Zapdos|69/100|[from] item: Leftovers
|upkeep
|turn|40
|
|t:|1731011699
|switch|p1a: Claydol|Claydol|40/100
|move|p2a: Zapdos|Baton Pass|p2a: Zapdos
|
|t:|1731011702
|switch|p2a: Metagross|Metagross|45/100|[from] Baton Pass
|
|-heal|p1a: Claydol|46/100|[from] item: Leftovers
|-heal|p2a: Metagross|51/100|[from] item: Leftovers
|upkeep
|turn|41
|
|t:|1731011706
|move|p1a: Claydol|Earthquake|p2a: Metagross
|-supereffective|p2a: Metagross
|-end|p2a: Metagross|Substitute
|move|p2a: Metagross|Agility|p2a: Metagross
|-boost|p2a: Metagross|spe|2
|
|-heal|p2a: Metagross|57/100|[from] item: Leftovers
|-heal|p1a: Claydol|52/100|[from] item: Leftovers
|upkeep
|turn|42
|
|t:|1731011710
|move|p2a: Metagross|Meteor Mash|p1a: Claydol|[miss]
|-miss|p2a: Metagross|p1a: Claydol
|move|p1a: Claydol|Earthquake|p2a: Metagross
|-supereffective|p2a: Metagross
|-damage|p2a: Metagross|3/100
|
|-heal|p2a: Metagross|9/100|[from] item: Leftovers
|-heal|p1a: Claydol|58/100|[from] item: Leftovers
|upkeep
|turn|43
|
|t:|1731011715
|move|p2a: Metagross|Meteor Mash|p1a: Claydol
|-damage|p1a: Claydol|0 fnt
|faint|p1a: Claydol
|
|t:|1731011717
|switch|p1a: Snorlax|Snorlax, F|100/100 slp
|
|-heal|p2a: Metagross|15/100|[from] item: Leftovers
|upkeep
|turn|44
|
|t:|1731011721
|move|p2a: Metagross|Meteor Mash|p1a: Snorlax
|-damage|p1a: Snorlax|57/100 slp
|cant|p1a: Snorlax|slp
|
|-heal|p2a: Metagross|21/100|[from] item: Leftovers
|-heal|p1a: Snorlax|63/100 slp|[from] item: Leftovers
|upkeep
|turn|45
|
|t:|1731011731
|move|p2a: Metagross|Meteor Mash|p1a: Snorlax
|-crit|p1a: Snorlax
|-damage|p1a: Snorlax|0 fnt
|faint|p1a: Snorlax
|c|☆Segale|are u kidding
|c|☆Segale|joke player
|-message|Segale forfeited.
|
|win|xXEricXx
|player|p1|
|player|p1|Segale|blue|
|c|☆xXEricXx|ty 
|c|☆Segale|/log Segale made the replay of this battle unlisted.
|player|p1|

</script>
<script type="application/json" class="data" id="replaydata-smogtours-gen3ou-805133">
{"id":"smogtours-gen3ou-805133","format":"[Gen 3] OU","players":["Segale","xXEricXx"],"uploadtime":1731011739,"views":37,"formatid":"gen3ou","rating":null,"private":1,"password":null}
</script>

<script defer src="js/replays.js?9d40a366"></script>
