<!DOCTYPE html>
<meta charset="utf-8" />
<meta name="viewport" content="width=device-width" />

<title>[Gen 3] OU: HoChi_Pro vs. Mwah_Bang - Replays - Pok&eacute;mon Showdown!</title>

<meta name="description" content="Watch a replay of a Pok&eacute;mon battle between HoChi_Pro and Mwah_Bang! Format: [Gen 3] OU; Date: Oct 4, 2024" />
<!--

Hey, you! Looking in the source for the replay log?

You can find them in JSON format, just add `.json` at the end of a replay URL.

https://replay.pokemonshowdown.com/gen7randomdoublesbattle-865046831.json

Or, if you only need the log itself, add `.log` instead:

https://replay.pokemonshowdown.com/gen7randomdoublesbattle-865046831.log

-->

<link rel="stylesheet" href="//pokemonshowdown.com/style/global.css?0.767286132409787" />
<link rel="stylesheet" href="//play.pokemonshowdown.com/style/font-awesome.css?0.9266228007934947" />
<link rel="stylesheet" href="//play.pokemonshowdown.com/style/battle.css?0.7924700842790926" />
<link rel="stylesheet" href="//play.pokemonshowdown.com/style/utilichart.css?0.8777417872839479" />

<!-- Global site tag (gtag.js) - Google Analytics -->
<script async src="https://www.googletagmanager.com/gtag/js?id=UA-26211653-1"></script>
<script>
  window.dataLayer = window.dataLayer || [];
  function gtag(){dataLayer.push(arguments);}
  gtag('js', new Date());

  gtag('config', 'UA-26211653-1');
</script>
<!-- End Google Analytics -->
<!-- Venatus Ad Manager - Install in <HEAD> of page -->
	<script src="https://hb.vntsm.com/v3/live/ad-manager.min.js" type="text/javascript" data-site-id="642aba63ec9a7b11c3c9c1be" data-mode="scan" async></script>
<!-- / Venatus Ad Manager -->

<style>
	@media (max-width:820px) {
		.battle {
			margin: 0 auto;
		}
		.battle-log {
			margin: 7px auto 0;
			max-width: 640px;
			height: 300px;
			position: static;
		}
	}
	.optgroup {
		display: inline-block;
		line-height: 22px;
		font-size: 10pt;
	}
	.optgroup .button {
		height: 25px;
		padding-top: 0;
		padding-bottom: 0;
	}
	.optgroup button.button {
		padding-left: 12px;
		padding-right: 12px;
	}
	.linklist {
		list-style: none;
		margin: 0.5em 0;
		padding: 0;
	}
	.linklist li {
		padding: 2px 0;
	}
	.sidebar {
		float: left;
		width: 320px;
	}
	.bar-wrapper {
		max-width: 1100px;
		margin: 0 auto;
	}
	.bar-wrapper.has-sidebar {
		max-width: 1430px;
	}
	.mainbar {
		margin: 0;
		padding-right: 1px;
	}
	.mainbar.has-sidebar {
		margin-left: 330px;
	}
	@media (min-width: 1511px) {
		.sidebar {
			width: 400px;
		}
		.bar-wrapper.has-sidebar {
			max-width: 1510px;
		}
		.mainbar.has-sidebar {
			margin-left: 410px;
		}
	}
	.section.first-section {
		margin-top: 9px;
	}
	.blocklink small {
		white-space: normal;
	}
	.button {
		vertical-align: middle;
	}
	.replay-controls {
		padding-top: 10px;
	}
	.replay-controls h1 {
		font-size: 16pt;
		font-weight: normal;
		color: #CCC;
	}
	.pagelink {
		text-align: center;
	}
	.pagelink a {
		width: 150px;
	}
	.textbox, .button {
		font-size: 11pt;
		vertical-align: middle;
	}
	@media (max-width: 450px) {
		.button {
			font-size: 9pt;
		}
	}
</style>

<div>

	<header>
		<div class="nav-wrapper"><ul class="nav">
			<li><a class="button nav-first" href="//pokemonshowdown.com/"><img src="//pokemonshowdown.com/images/pokemonshowdownbeta.png" srcset="//pokemonshowdown.com/images/pokemonshowdownbeta.png 1x, //pokemonshowdown.com/images/pokemonshowdownbeta@2x.png 2x" alt="Pok&eacute;mon Showdown" width="146" height="44" /> Home</a></li>
			<li><a class="button" href="//pokemonshowdown.com/dex/">Pok&eacute;dex</a></li>
			<li><a class="button cur" href="/">Replays</a></li>
			<li><a class="button" href="//pokemonshowdown.com/ladder/">Ladder</a></li>
			<li><a class="button nav-last" href="//pokemonshowdown.com/forums/">Forum</a></li>
			<li><a class="button greenbutton nav-first nav-last" href="//play.pokemonshowdown.com/">Play</a></li>
		</ul></div>
	</header>

	<div class="main" id="main">

		<noscript><section class="section">You need to enable JavaScript to use this page; sorry!</section></noscript>

	</div>

</div>

<script defer nomodule src="//play.pokemonshowdown.com/js/lib/ps-polyfill.js"></script>
<script defer src="//play.pokemonshowdown.com/js/lib/preact.min.js"></script>

<script defer src="//play.pokemonshowdown.com/config/config.js?6dec07f6"></script>
<script defer src="//play.pokemonshowdown.com/js/lib/jquery-1.11.0.min.js"></script>
<script defer src="//play.pokemonshowdown.com/js/lib/html-sanitizer-minified.js"></script>
<script defer src="//play.pokemonshowdown.com/js/battle-sound.js"></script>
<script defer src="//play.pokemonshowdown.com/js/battledata.js?0.6315294753075389"></script>
<script defer src="//play.pokemonshowdown.com/data/pokedex-mini.js?0.7603743185311358"></script>
<script defer src="//play.pokemonshowdown.com/data/pokedex-mini-bw.js?0.030888842834281283"></script>
<script defer src="//play.pokemonshowdown.com/data/graphics.js?0.05593094747507488"></script>
<script defer src="//play.pokemonshowdown.com/data/pokedex.js?0.47064822249611904"></script>
<script defer src="//play.pokemonshowdown.com/data/moves.js?0.8583693120512459"></script>
<script defer src="//play.pokemonshowdown.com/data/abilities.js?0.16017181182386842"></script>
<script defer src="//play.pokemonshowdown.com/data/items.js?0.4163379185673943"></script>
<script defer src="//play.pokemonshowdown.com/data/teambuilder-tables.js?0.31075597372830477"></script>
<script defer src="//play.pokemonshowdown.com/js/battle-tooltips.js?0.6536193500708172"></script>
<script defer src="//play.pokemonshowdown.com/js/battle.js?0.1916591943277901"></script>

<script defer src="js/utils.js?e31f9a17"></script>
<script defer src="js/replays-battle.js?7008c182"></script>

<!-- don't scrape this data! just add .json or .log after the URL!
Full API docs: https://github.com/smogon/pokemon-showdown-client/blob/master/WEB-API.md -->
<script type="text/plain" class="log" id="replaylog-smogtours-gen3ou-794585">
|inactive|Battle timer is ON: inactive players will automatically lose when time's up.
|t:|1728061282
|gametype|singles
|player|p1|HoChi_Pro|policeman|
|player|p2|Mwah_Bang|kris-gen2|
|teamsize|p1|6
|teamsize|p2|6
|gen|3
|tier|[Gen 3] OU
|rule|Sleep Clause Mod: Limit one foe put to sleep
|rule|Switch Priority Clause Mod: Faster Pokémon switch first
|rule|Species Clause: Limit one of each Pokémon
|rule|OHKO Clause: OHKO moves are banned
|rule|Evasion Items Clause: Evasion items are banned
|rule|Evasion Moves Clause: Evasion moves are banned
|rule|Endless Battle Clause: Forcing endless battles is banned
|rule|HP Percentage Mod: HP is shown in percentages
|rule|One Boost Passer Clause: Limit one Baton Passer that has a way to boost its stats
|rule|Freeze Clause Mod: Limit one foe frozen
|
|t:|1728061282
|start
|switch|p1a: Zapdos|Zapdos|100/100
|switch|p2a: Peter|Tyranitar, F|100/100
|-weather|Sandstorm|[from] ability: Sand Stream|[of] p2a: Peter
|turn|1
|
|t:|1728061289
|move|p1a: Zapdos|Thunder Wave|p2a: Peter
|-status|p2a: Peter|par
|move|p2a: Peter|Thunder Wave|p1a: Zapdos
|-status|p1a: Zapdos|par
|
|-weather|Sandstorm|[upkeep]
|-damage|p1a: Zapdos|94/100 par|[from] Sandstorm
|-heal|p1a: Zapdos|100/100 par|[from] item: Leftovers
|upkeep
|turn|2
|
|t:|1728061299
|switch|p1a: Swampert|Swampert, M|100/100
|move|p2a: Peter|Rock Slide|p1a: Swampert
|-resisted|p1a: Swampert
|-damage|p1a: Swampert|85/100
|
|-weather|Sandstorm|[upkeep]
|-heal|p1a: Swampert|91/100|[from] item: Leftovers
|upkeep
|turn|3
|
|t:|1728061303
|switch|p2a: Brian|Skarmory, F|100/100
|move|p1a: Swampert|Hydro Pump|p2a: Brian|[miss]
|-miss|p1a: Swampert|p2a: Brian
|
|-weather|Sandstorm|[upkeep]
|-heal|p1a: Swampert|97/100|[from] item: Leftovers
|upkeep
|turn|4
|
|t:|1728061308
|switch|p1a: Moltres|Moltres|100/100
|move|p2a: Brian|Spikes|p1a: Moltres
|-sidestart|p1: HoChi_Pro|Spikes
|
|-weather|Sandstorm|[upkeep]
|-damage|p1a: Moltres|94/100|[from] Sandstorm
|-heal|p1a: Moltres|100/100|[from] item: Leftovers
|upkeep
|turn|5
|
|t:|1728061319
|switch|p2a: Peter|Tyranitar, F|100/100 par
|move|p1a: Moltres|Will-O-Wisp||[still]
|-fail|p1a: Moltres
|
|-weather|Sandstorm|[upkeep]
|-damage|p1a: Moltres|94/100|[from] Sandstorm
|-heal|p1a: Moltres|100/100|[from] item: Leftovers
|upkeep
|turn|6
|
|t:|1728061324
|switch|p1a: Hariyama|Hariyama, M|100/100
|-damage|p1a: Hariyama|88/100|[from] Spikes
|move|p2a: Peter|Rock Slide|p1a: Hariyama
|-resisted|p1a: Hariyama
|-damage|p1a: Hariyama|69/100
|
|-weather|Sandstorm|[upkeep]
|-damage|p1a: Hariyama|63/100|[from] Sandstorm
|-heal|p1a: Hariyama|69/100|[from] item: Leftovers
|upkeep
|turn|7
|
|t:|1728061345
|-singleturn|p1a: Hariyama|move: Focus Punch
|switch|p2a: Brian|Skarmory, F|100/100
|move|p1a: Hariyama|Focus Punch|p2a: Brian
|-damage|p2a: Brian|38/100
|
|-weather|Sandstorm|[upkeep]
|-damage|p1a: Hariyama|63/100|[from] Sandstorm
|-heal|p2a: Brian|44/100|[from] item: Leftovers
|-heal|p1a: Hariyama|69/100|[from] item: Leftovers
|upkeep
|turn|8
|
|t:|1728061350
|move|p2a: Brian|Drill Peck|p1a: Hariyama
|-supereffective|p1a: Hariyama
|-damage|p1a: Hariyama|28/100
|move|p1a: Hariyama|Cross Chop|p2a: Brian|[miss]
|-miss|p1a: Hariyama|p2a: Brian
|
|-weather|Sandstorm|[upkeep]
|-damage|p1a: Hariyama|22/100|[from] Sandstorm
|-heal|p2a: Brian|50/100|[from] item: Leftovers
|-heal|p1a: Hariyama|28/100|[from] item: Leftovers
|upkeep
|turn|9
|
|t:|1728061357
|switch|p1a: Moltres|Moltres|100/100
|move|p2a: Brian|Drill Peck|p1a: Moltres
|-damage|p1a: Moltres|75/100
|
|-weather|Sandstorm|[upkeep]
|-damage|p1a: Moltres|69/100|[from] Sandstorm
|-heal|p1a: Moltres|75/100|[from] item: Leftovers
|-heal|p2a: Brian|56/100|[from] item: Leftovers
|upkeep
|turn|10
|
|t:|1728061381
|switch|p2a: Peter|Tyranitar, F|100/100 par
|move|p1a: Moltres|Flamethrower|p2a: Peter
|-resisted|p2a: Peter
|-damage|p2a: Peter|79/100 par
|
|-weather|Sandstorm|[upkeep]
|-damage|p1a: Moltres|69/100|[from] Sandstorm
|-heal|p1a: Moltres|75/100|[from] item: Leftovers
|-heal|p2a: Peter|85/100 par|[from] item: Leftovers
|upkeep
|turn|11
|
|t:|1728061393
|switch|p1a: Swampert|Swampert, M|97/100
|-damage|p1a: Swampert|85/100|[from] Spikes
|move|p2a: Peter|Thunder Wave|p1a: Swampert
|-immune|p1a: Swampert
|
|-weather|Sandstorm|[upkeep]
|-heal|p1a: Swampert|91/100|[from] item: Leftovers
|-heal|p2a: Peter|92/100 par|[from] item: Leftovers
|upkeep
|turn|12
|inactive|Mwah_Bang has 270 seconds left.
|
|t:|1728061432
|switch|p2a: Kevin|Gengar, M, shiny|100/100
|move|p1a: Swampert|Hydro Pump|p2a: Kevin|[miss]
|-miss|p1a: Swampert|p2a: Kevin
|
|-weather|Sandstorm|[upkeep]
|-damage|p2a: Kevin|94/100|[from] Sandstorm
|-heal|p2a: Kevin|100/100|[from] item: Leftovers
|-heal|p1a: Swampert|97/100|[from] item: Leftovers
|upkeep
|turn|13
|
|t:|1728061442
|move|p1a: Swampert|Protect|p1a: Swampert
|-singleturn|p1a: Swampert|Protect
|move|p2a: Kevin|Will-O-Wisp|p1a: Swampert
|-activate|p1a: Swampert|Protect
|
|-weather|Sandstorm|[upkeep]
|-damage|p2a: Kevin|94/100|[from] Sandstorm
|-heal|p2a: Kevin|100/100|[from] item: Leftovers
|-heal|p1a: Swampert|100/100|[from] item: Leftovers
|upkeep
|turn|14
|inactive|Mwah_Bang has 270 seconds left.
|
|t:|1728061451
|switch|p1a: Snorlax|Snorlax, M|100/100
|-damage|p1a: Snorlax|88/100|[from] Spikes
|move|p2a: Kevin|Will-O-Wisp|p1a: Snorlax
|-status|p1a: Snorlax|brn
|
|-weather|Sandstorm|[upkeep]
|-damage|p2a: Kevin|94/100|[from] Sandstorm
|-damage|p1a: Snorlax|82/100 brn|[from] Sandstorm
|-heal|p2a: Kevin|100/100|[from] item: Leftovers
|-heal|p1a: Snorlax|88/100 brn|[from] item: Leftovers
|-damage|p1a: Snorlax|76/100 brn|[from] brn
|upkeep
|turn|15
|
|t:|1728061457
|switch|p2a: Fred|Flygon, M|100/100
|move|p1a: Snorlax|Shadow Ball|p2a: Fred
|-damage|p2a: Fred|91/100
|
|-weather|Sandstorm|[upkeep]
|-damage|p1a: Snorlax|70/100 brn|[from] Sandstorm
|-heal|p2a: Fred|97/100|[from] item: Leftovers
|-heal|p1a: Snorlax|76/100 brn|[from] item: Leftovers
|-damage|p1a: Snorlax|63/100 brn|[from] brn
|upkeep
|turn|16
|
|t:|1728061465
|move|p2a: Fred|Rock Slide|p1a: Snorlax
|-damage|p1a: Snorlax|49/100 brn
|move|p1a: Snorlax|Self-Destruct|p2a: Fred
|-damage|p2a: Fred|26/100
|faint|p1a: Snorlax
|
|t:|1728061476
|switch|p1a: Gengar|Gengar, F|100/100
|
|-weather|Sandstorm|[upkeep]
|-damage|p1a: Gengar|94/100|[from] Sandstorm
|-heal|p1a: Gengar|100/100|[from] item: Leftovers
|-heal|p2a: Fred|32/100|[from] item: Leftovers
|upkeep
|turn|17
|
|t:|1728061479
|move|p2a: Fred|Protect|p2a: Fred
|-singleturn|p2a: Fred|Protect
|move|p1a: Gengar|Ice Punch|p2a: Fred
|-activate|p2a: Fred|Protect
|
|-weather|Sandstorm|[upkeep]
|-damage|p1a: Gengar|94/100|[from] Sandstorm
|-heal|p1a: Gengar|100/100|[from] item: Leftovers
|-heal|p2a: Fred|38/100|[from] item: Leftovers
|upkeep
|turn|18
|
|t:|1728061491
|switch|p2a: Steve|Jirachi, shiny|100/100
|move|p1a: Gengar|Will-O-Wisp|p2a: Steve|[miss]
|-miss|p1a: Gengar|p2a: Steve
|
|-weather|Sandstorm|[upkeep]
|-damage|p1a: Gengar|94/100|[from] Sandstorm
|-heal|p1a: Gengar|100/100|[from] item: Leftovers
|upkeep
|turn|19
|
|t:|1728061495
|move|p1a: Gengar|Will-O-Wisp|p2a: Steve
|-status|p2a: Steve|brn
|move|p2a: Steve|Substitute|p2a: Steve
|-start|p2a: Steve|Substitute
|-damage|p2a: Steve|75/100 brn
|
|-weather|Sandstorm|[upkeep]
|-damage|p1a: Gengar|94/100|[from] Sandstorm
|-heal|p1a: Gengar|100/100|[from] item: Leftovers
|-heal|p2a: Steve|82/100 brn|[from] item: Leftovers
|-damage|p2a: Steve|69/100 brn|[from] brn
|upkeep
|turn|20
|
|t:|1728061501
|switch|p1a: Swampert|Swampert, M|100/100
|-damage|p1a: Swampert|88/100|[from] Spikes
|move|p2a: Steve|Calm Mind|p2a: Steve
|-boost|p2a: Steve|spa|1
|-boost|p2a: Steve|spd|1
|
|-weather|Sandstorm|[upkeep]
|-heal|p2a: Steve|75/100 brn|[from] item: Leftovers
|-damage|p2a: Steve|63/100 brn|[from] brn
|-heal|p1a: Swampert|94/100|[from] item: Leftovers
|upkeep
|turn|21
|
|t:|1728061506
|move|p2a: Steve|Ice Punch|p1a: Swampert
|-damage|p1a: Swampert|67/100
|-status|p1a: Swampert|frz
|cant|p1a: Swampert|frz
|
|-weather|Sandstorm|[upkeep]
|-heal|p2a: Steve|69/100 brn|[from] item: Leftovers
|-damage|p2a: Steve|57/100 brn|[from] brn
|-heal|p1a: Swampert|73/100 frz|[from] item: Leftovers
|upkeep
|turn|22
|
|t:|1728061511
|move|p2a: Steve|Ice Punch|p1a: Swampert
|-damage|p1a: Swampert|48/100 frz
|cant|p1a: Swampert|frz
|
|-weather|Sandstorm|[upkeep]
|-heal|p2a: Steve|63/100 brn|[from] item: Leftovers
|-damage|p2a: Steve|51/100 brn|[from] brn
|-heal|p1a: Swampert|54/100 frz|[from] item: Leftovers
|upkeep
|turn|23
|
|t:|1728061516
|cant|p1a: Swampert|frz
|move|p2a: Steve|Ice Punch|p1a: Swampert
|-damage|p1a: Swampert|29/100 frz
|
|-weather|Sandstorm|[upkeep]
|-heal|p2a: Steve|57/100 brn|[from] item: Leftovers
|-damage|p2a: Steve|45/100 brn|[from] brn
|-heal|p1a: Swampert|35/100 frz|[from] item: Leftovers
|upkeep
|turn|24
|
|t:|1728061521
|-curestatus|p1a: Swampert|frz|[msg]
|move|p1a: Swampert|Protect|p1a: Swampert
|-singleturn|p1a: Swampert|Protect
|move|p2a: Steve|Ice Punch|p1a: Swampert
|-activate|p1a: Swampert|Protect
|
|-weather|Sandstorm|[upkeep]
|-heal|p2a: Steve|51/100 brn|[from] item: Leftovers
|-damage|p2a: Steve|38/100 brn|[from] brn
|-heal|p1a: Swampert|42/100|[from] item: Leftovers
|upkeep
|turn|25
|
|t:|1728061539
|move|p2a: Steve|Ice Punch|p1a: Swampert
|-damage|p1a: Swampert|13/100
|move|p1a: Swampert|Earthquake|p2a: Steve
|-supereffective|p2a: Steve
|-end|p2a: Steve|Substitute
|
|-weather|Sandstorm|[upkeep]
|-heal|p2a: Steve|45/100 brn|[from] item: Leftovers
|-damage|p2a: Steve|32/100 brn|[from] brn
|-heal|p1a: Swampert|20/100|[from] item: Leftovers
|upkeep
|turn|26
|
|t:|1728061544
|move|p1a: Swampert|Protect|p1a: Swampert
|-singleturn|p1a: Swampert|Protect
|move|p2a: Steve|Ice Punch|p1a: Swampert
|-activate|p1a: Swampert|Protect
|
|-weather|Sandstorm|[upkeep]
|-heal|p2a: Steve|38/100 brn|[from] item: Leftovers
|-damage|p2a: Steve|26/100 brn|[from] brn
|-heal|p1a: Swampert|26/100|[from] item: Leftovers
|upkeep
|turn|27
|
|t:|1728061548
|switch|p1a: Moltres|Moltres|75/100
|move|p2a: Steve|Ice Punch|p1a: Moltres
|-damage|p1a: Moltres|36/100
|
|-weather|Sandstorm|[upkeep]
|-damage|p1a: Moltres|30/100|[from] Sandstorm
|-heal|p1a: Moltres|36/100|[from] item: Leftovers
|-heal|p2a: Steve|32/100 brn|[from] item: Leftovers
|-damage|p2a: Steve|20/100 brn|[from] brn
|upkeep
|turn|28
|
|t:|1728061557
|switch|p2a: Peter|Tyranitar, F|92/100 par
|move|p1a: Moltres|Flamethrower|p2a: Peter
|-resisted|p2a: Peter
|-crit|p2a: Peter
|-damage|p2a: Peter|50/100 par
|
|-weather|Sandstorm|[upkeep]
|-damage|p1a: Moltres|30/100|[from] Sandstorm
|-heal|p1a: Moltres|36/100|[from] item: Leftovers
|-heal|p2a: Peter|56/100 par|[from] item: Leftovers
|upkeep
|turn|29
|
|t:|1728061562
|move|p1a: Moltres|Hidden Power|p2a: Peter
|-supereffective|p2a: Peter
|-damage|p2a: Peter|10/100 par
|cant|p2a: Peter|par
|
|-weather|Sandstorm|[upkeep]
|-damage|p1a: Moltres|30/100|[from] Sandstorm
|-heal|p1a: Moltres|36/100|[from] item: Leftovers
|-heal|p2a: Peter|16/100 par|[from] item: Leftovers
|upkeep
|turn|30
|
|t:|1728061568
|move|p1a: Moltres|Flamethrower|p2a: Peter
|-resisted|p2a: Peter
|-damage|p2a: Peter|0 fnt
|faint|p2a: Peter
|
|t:|1728061569
|switch|p2a: Kevin|Gengar, M, shiny|100/100
|
|-weather|Sandstorm|[upkeep]
|-damage|p2a: Kevin|94/100|[from] Sandstorm
|-damage|p1a: Moltres|30/100|[from] Sandstorm
|-heal|p2a: Kevin|100/100|[from] item: Leftovers
|-heal|p1a: Moltres|36/100|[from] item: Leftovers
|upkeep
|turn|31
|
|t:|1728061579
|switch|p1a: Gengar|Gengar, F|100/100
|move|p2a: Kevin|Thunderbolt|p1a: Gengar
|-damage|p1a: Gengar|63/100
|
|-weather|Sandstorm|[upkeep]
|-damage|p1a: Gengar|57/100|[from] Sandstorm
|-damage|p2a: Kevin|94/100|[from] Sandstorm
|-heal|p1a: Gengar|63/100|[from] item: Leftovers
|-heal|p2a: Kevin|100/100|[from] item: Leftovers
|upkeep
|turn|32
|
|t:|1728061605
|move|p1a: Gengar|Thunderbolt|p2a: Kevin
|-damage|p2a: Kevin|70/100
|move|p2a: Kevin|Thunderbolt|p1a: Gengar
|-crit|p1a: Gengar
|-damage|p1a: Gengar|0 fnt
|faint|p1a: Gengar
|
|t:|1728061612
|switch|p1a: Zapdos|Zapdos|100/100 par
|
|-weather|Sandstorm|[upkeep]
|-damage|p2a: Kevin|64/100|[from] Sandstorm
|-damage|p1a: Zapdos|94/100 par|[from] Sandstorm
|-heal|p2a: Kevin|70/100|[from] item: Leftovers
|-heal|p1a: Zapdos|100/100 par|[from] item: Leftovers
|upkeep
|turn|33
|inactive|Mwah_Bang has 270 seconds left.
|
|t:|1728061636
|switch|p2a: Fred|Flygon, M|38/100
|move|p1a: Zapdos|Thunder Wave|p2a: Fred
|-immune|p2a: Fred
|
|-weather|Sandstorm|[upkeep]
|-damage|p1a: Zapdos|94/100 par|[from] Sandstorm
|-heal|p2a: Fred|44/100|[from] item: Leftovers
|-heal|p1a: Zapdos|100/100 par|[from] item: Leftovers
|upkeep
|turn|34
|
|t:|1728061641
|move|p2a: Fred|Protect|p2a: Fred
|-singleturn|p2a: Fred|Protect
|move|p1a: Zapdos|Hidden Power|p2a: Fred
|-activate|p2a: Fred|Protect
|
|-weather|Sandstorm|[upkeep]
|-damage|p1a: Zapdos|94/100 par|[from] Sandstorm
|-heal|p2a: Fred|50/100|[from] item: Leftovers
|-heal|p1a: Zapdos|100/100 par|[from] item: Leftovers
|upkeep
|turn|35
|
|t:|1728061656
|switch|p2a: Brian|Skarmory, F|56/100
|move|p1a: Zapdos|Hidden Power|p2a: Brian
|-damage|p2a: Brian|33/100
|
|-weather|Sandstorm|[upkeep]
|-damage|p1a: Zapdos|94/100 par|[from] Sandstorm
|-heal|p2a: Brian|39/100|[from] item: Leftovers
|-heal|p1a: Zapdos|100/100 par|[from] item: Leftovers
|upkeep
|turn|36
|
|t:|1728061662
|move|p2a: Brian|Spikes|p1a: Zapdos
|-sidestart|p1: HoChi_Pro|Spikes
|cant|p1a: Zapdos|par
|
|-weather|Sandstorm|[upkeep]
|-damage|p1a: Zapdos|94/100 par|[from] Sandstorm
|-heal|p2a: Brian|45/100|[from] item: Leftovers
|-heal|p1a: Zapdos|100/100 par|[from] item: Leftovers
|upkeep
|turn|37
|
|t:|1728061665
|move|p2a: Brian|Spikes|p1a: Zapdos
|-sidestart|p1: HoChi_Pro|Spikes
|cant|p1a: Zapdos|par
|
|-weather|Sandstorm|[upkeep]
|-damage|p1a: Zapdos|94/100 par|[from] Sandstorm
|-heal|p2a: Brian|51/100|[from] item: Leftovers
|-heal|p1a: Zapdos|100/100 par|[from] item: Leftovers
|upkeep
|turn|38
|c|☆Mwah_Bang|soz
|c|☆HoChi_Pro|rng no like me
|
|t:|1728061684
|switch|p2a: Fred|Flygon, M|50/100
|move|p1a: Zapdos|Thunderbolt|p2a: Fred
|-immune|p2a: Fred
|
|-weather|Sandstorm|[upkeep]
|-damage|p1a: Zapdos|94/100 par|[from] Sandstorm
|-heal|p2a: Fred|56/100|[from] item: Leftovers
|-heal|p1a: Zapdos|100/100 par|[from] item: Leftovers
|upkeep
|turn|39
|
|t:|1728061688
|move|p2a: Fred|Protect|p2a: Fred
|-singleturn|p2a: Fred|Protect
|cant|p1a: Zapdos|par
|
|-weather|Sandstorm|[upkeep]
|-damage|p1a: Zapdos|94/100 par|[from] Sandstorm
|-heal|p2a: Fred|62/100|[from] item: Leftovers
|-heal|p1a: Zapdos|100/100 par|[from] item: Leftovers
|upkeep
|turn|40
|inactive|Mwah_Bang has 270 seconds left.
|
|t:|1728061745
|move|p2a: Fred|Rock Slide|p1a: Zapdos
|-supereffective|p1a: Zapdos
|-damage|p1a: Zapdos|59/100 par
|move|p1a: Zapdos|Hidden Power|p2a: Fred
|-supereffective|p2a: Fred
|-damage|p2a: Fred|0 fnt
|faint|p2a: Fred
|
|t:|1728061762
|switch|p2a: Dave|Moltres|100/100
|
|-weather|Sandstorm|[upkeep]
|-damage|p2a: Dave|94/100|[from] Sandstorm
|-damage|p1a: Zapdos|53/100 par|[from] Sandstorm
|-heal|p2a: Dave|100/100|[from] item: Leftovers
|-heal|p1a: Zapdos|59/100 par|[from] item: Leftovers
|upkeep
|turn|41
|inactive|HoChi_Pro has 270 seconds left.
|
|t:|1728061790
|switch|p1a: Swampert|Swampert, M|26/100
|-damage|p1a: Swampert|1/100|[from] Spikes
|move|p2a: Dave|Fire Blast|p1a: Swampert
|-resisted|p1a: Swampert
|-damage|p1a: Swampert|0 fnt
|faint|p1a: Swampert
|
|t:|1728061800
|switch|p1a: Moltres|Moltres|36/100
|
|-weather|Sandstorm|[upkeep]
|-damage|p2a: Dave|94/100|[from] Sandstorm
|-damage|p1a: Moltres|30/100|[from] Sandstorm
|-heal|p2a: Dave|100/100|[from] item: Leftovers
|-heal|p1a: Moltres|36/100|[from] item: Leftovers
|upkeep
|turn|42
|
|t:|1728061806
|move|p2a: Dave|Fire Blast|p1a: Moltres
|-resisted|p1a: Moltres
|-damage|p1a: Moltres|0 fnt
|faint|p1a: Moltres
|
|t:|1728061814
|switch|p1a: Hariyama|Hariyama, M|28/100
|-damage|p1a: Hariyama|4/100|[from] Spikes
|
|-weather|Sandstorm|[upkeep]
|-damage|p2a: Dave|94/100|[from] Sandstorm
|-damage|p1a: Hariyama|0 fnt|[from] Sandstorm
|faint|p1a: Hariyama
|-heal|p2a: Dave|100/100|[from] item: Leftovers
|upkeep
|
|t:|1728061815
|switch|p1a: Zapdos|Zapdos|59/100 par
|turn|43
|
|t:|1728061818
|move|p2a: Dave|Fire Blast|p1a: Zapdos|[miss]
|-miss|p2a: Dave|p1a: Zapdos
|move|p1a: Zapdos|Thunder Wave|p2a: Dave
|-status|p2a: Dave|par
|
|-weather|Sandstorm|[upkeep]
|-damage|p1a: Zapdos|53/100 par|[from] Sandstorm
|-damage|p2a: Dave|94/100 par|[from] Sandstorm
|-heal|p1a: Zapdos|59/100 par|[from] item: Leftovers
|-heal|p2a: Dave|100/100 par|[from] item: Leftovers
|upkeep
|turn|44
|
|t:|1728061822
|move|p1a: Zapdos|Thunderbolt|p2a: Dave
|-supereffective|p2a: Dave
|-damage|p2a: Dave|0 fnt
|faint|p2a: Dave
|
|t:|1728061828
|switch|p2a: Steve|Jirachi, shiny|20/100 brn
|
|-weather|Sandstorm|[upkeep]
|-damage|p1a: Zapdos|53/100 par|[from] Sandstorm
|-heal|p2a: Steve|26/100 brn|[from] item: Leftovers
|-damage|p2a: Steve|14/100 brn|[from] brn
|-heal|p1a: Zapdos|59/100 par|[from] item: Leftovers
|upkeep
|turn|45
|
|t:|1728061839
|move|p2a: Steve|Ice Punch|p1a: Zapdos
|-supereffective|p1a: Zapdos
|-crit|p1a: Zapdos
|-damage|p1a: Zapdos|0 fnt
|faint|p1a: Zapdos
|
|win|Mwah_Bang

</script>
<script type="application/json" class="data" id="replaydata-smogtours-gen3ou-794585">
{"id":"smogtours-gen3ou-794585","format":"[Gen 3] OU","players":["HoChi_Pro","Mwah_Bang"],"uploadtime":1728061839,"views":99,"formatid":"gen3ou","rating":null,"private":0,"password":null}
</script>

<script defer src="js/replays.js?9d40a366"></script>
