<!DOCTYPE html>
<meta charset="utf-8" />
<meta name="viewport" content="width=device-width" />

<title>[Gen 3] OU: Big Nut Bill vs. Humorous Husband - Replays - Pok&eacute;mon Showdown!</title>

<meta name="description" content="Watch a replay of a Pok&eacute;mon battle between Big Nut Bill and Humorous Husband! Format: [Gen 3] OU; Date: Oct 22, 2024" />
<!--

Hey, you! Looking in the source for the replay log?

You can find them in JSON format, just add `.json` at the end of a replay URL.

https://replay.pokemonshowdown.com/gen7randomdoublesbattle-865046831.json

Or, if you only need the log itself, add `.log` instead:

https://replay.pokemonshowdown.com/gen7randomdoublesbattle-865046831.log

-->

<link rel="stylesheet" href="//pokemonshowdown.com/style/global.css?0.023195364461161105" />
<link rel="stylesheet" href="//play.pokemonshowdown.com/style/font-awesome.css?0.13261647063804238" />
<link rel="stylesheet" href="//play.pokemonshowdown.com/style/battle.css?0.8753245789963631" />
<link rel="stylesheet" href="//play.pokemonshowdown.com/style/utilichart.css?0.8627959624976733" />

<!-- Global site tag (gtag.js) - Google Analytics -->
<script async src="https://www.googletagmanager.com/gtag/js?id=UA-26211653-1"></script>
<script>
  window.dataLayer = window.dataLayer || [];
  function gtag(){dataLayer.push(arguments);}
  gtag('js', new Date());

  gtag('config', 'UA-26211653-1');
</script>
<!-- End Google Analytics -->
<!-- Venatus Ad Manager - Install in <HEAD> of page -->
	<script src="https://hb.vntsm.com/v3/live/ad-manager.min.js" type="text/javascript" data-site-id="642aba63ec9a7b11c3c9c1be" data-mode="scan" async></script>
<!-- / Venatus Ad Manager -->

<style>
	@media (max-width:820px) {
		.battle {
			margin: 0 auto;
		}
		.battle-log {
			margin: 7px auto 0;
			max-width: 640px;
			height: 300px;
			position: static;
		}
	}
	.optgroup {
		display: inline-block;
		line-height: 22px;
		font-size: 10pt;
	}
	.optgroup .button {
		height: 25px;
		padding-top: 0;
		padding-bottom: 0;
	}
	.optgroup button.button {
		padding-left: 12px;
		padding-right: 12px;
	}
	.linklist {
		list-style: none;
		margin: 0.5em 0;
		padding: 0;
	}
	.linklist li {
		padding: 2px 0;
	}
	.sidebar {
		float: left;
		width: 320px;
	}
	.bar-wrapper {
		max-width: 1100px;
		margin: 0 auto;
	}
	.bar-wrapper.has-sidebar {
		max-width: 1430px;
	}
	.mainbar {
		margin: 0;
		padding-right: 1px;
	}
	.mainbar.has-sidebar {
		margin-left: 330px;
	}
	@media (min-width: 1511px) {
		.sidebar {
			width: 400px;
		}
		.bar-wrapper.has-sidebar {
			max-width: 1510px;
		}
		.mainbar.has-sidebar {
			margin-left: 410px;
		}
	}
	.section.first-section {
		margin-top: 9px;
	}
	.blocklink small {
		white-space: normal;
	}
	.button {
		vertical-align: middle;
	}
	.replay-controls {
		padding-top: 10px;
	}
	.replay-controls h1 {
		font-size: 16pt;
		font-weight: normal;
		color: #CCC;
	}
	.pagelink {
		text-align: center;
	}
	.pagelink a {
		width: 150px;
	}
	.textbox, .button {
		font-size: 11pt;
		vertical-align: middle;
	}
	@media (max-width: 450px) {
		.button {
			font-size: 9pt;
		}
	}
</style>

<div>

	<header>
		<div class="nav-wrapper"><ul class="nav">
			<li><a class="button nav-first" href="//pokemonshowdown.com/"><img src="//pokemonshowdown.com/images/pokemonshowdownbeta.png" srcset="//pokemonshowdown.com/images/pokemonshowdownbeta.png 1x, //pokemonshowdown.com/images/pokemonshowdownbeta@2x.png 2x" alt="Pok&eacute;mon Showdown" width="146" height="44" /> Home</a></li>
			<li><a class="button" href="//pokemonshowdown.com/dex/">Pok&eacute;dex</a></li>
			<li><a class="button cur" href="/">Replays</a></li>
			<li><a class="button" href="//pokemonshowdown.com/ladder/">Ladder</a></li>
			<li><a class="button nav-last" href="//pokemonshowdown.com/forums/">Forum</a></li>
			<li><a class="button greenbutton nav-first nav-last" href="//play.pokemonshowdown.com/">Play</a></li>
		</ul></div>
	</header>

	<div class="main" id="main">

		<noscript><section class="section">You need to enable JavaScript to use this page; sorry!</section></noscript>

	</div>

</div>

<script defer nomodule src="//play.pokemonshowdown.com/js/lib/ps-polyfill.js"></script>
<script defer src="//play.pokemonshowdown.com/js/lib/preact.min.js"></script>

<script defer src="//play.pokemonshowdown.com/config/config.js?2bddbc15"></script>
<script defer src="//play.pokemonshowdown.com/js/lib/jquery-1.11.0.min.js"></script>
<script defer src="//play.pokemonshowdown.com/js/lib/html-sanitizer-minified.js"></script>
<script defer src="//play.pokemonshowdown.com/js/battle-sound.js"></script>
<script defer src="//play.pokemonshowdown.com/js/battledata.js?0.7209276989879541"></script>
<script defer src="//play.pokemonshowdown.com/data/pokedex-mini.js?0.6111056340867951"></script>
<script defer src="//play.pokemonshowdown.com/data/pokedex-mini-bw.js?0.3532142036491459"></script>
<script defer src="//play.pokemonshowdown.com/data/graphics.js?0.24223875632456182"></script>
<script defer src="//play.pokemonshowdown.com/data/pokedex.js?0.38839984266356864"></script>
<script defer src="//play.pokemonshowdown.com/data/moves.js?0.21866028504024015"></script>
<script defer src="//play.pokemonshowdown.com/data/abilities.js?0.2005157953846628"></script>
<script defer src="//play.pokemonshowdown.com/data/items.js?0.9894211263848525"></script>
<script defer src="//play.pokemonshowdown.com/data/teambuilder-tables.js?0.6008791140282215"></script>
<script defer src="//play.pokemonshowdown.com/js/battle-tooltips.js?0.7580118955022959"></script>
<script defer src="//play.pokemonshowdown.com/js/battle.js?0.6057722274234274"></script>

<script defer src="js/utils.js?e31f9a17"></script>
<script defer src="js/replays-battle.js?7008c182"></script>

<!-- don't scrape this data! just add .json or .log after the URL!
Full API docs: https://github.com/smogon/pokemon-showdown-client/blob/master/WEB-API.md -->
<script type="text/plain" class="log" id="replaylog-smogtours-gen3ou-801292">
|inactive|Battle timer is ON: inactive players will automatically lose when time's up.
|t:|1729636893
|gametype|singles
|player|p1|Big Nut Bill|medium|
|player|p2|Humorous Husband|wattson|
|teamsize|p1|6
|teamsize|p2|6
|gen|3
|tier|[Gen 3] OU
|rule|Sleep Clause Mod: Limit one foe put to sleep
|rule|Switch Priority Clause Mod: Faster Pokémon switch first
|rule|Species Clause: Limit one of each Pokémon
|rule|OHKO Clause: OHKO moves are banned
|rule|Evasion Items Clause: Evasion items are banned
|rule|Evasion Moves Clause: Evasion moves are banned
|rule|Endless Battle Clause: Forcing endless battles is banned
|rule|HP Percentage Mod: HP is shown in percentages
|rule|One Boost Passer Clause: Limit one Baton Passer that has a way to boost its stats
|rule|Freeze Clause Mod: Limit one foe frozen
|
|t:|1729636893
|start
|switch|p1a: 3 Fingied Freak|Hariyama, M|100/100
|switch|p2a: Arcanine is UUBL|Arcanine, F|100/100
|-ability|p2a: Arcanine is UUBL|Intimidate|boost
|-unboost|p1a: 3 Fingied Freak|atk|1
|turn|1
|
|t:|1729636908
|switch|p2a: Celebi|Celebi|100/100
|move|p1a: 3 Fingied Freak|Fake Out|p2a: Celebi
|-crit|p2a: Celebi
|-damage|p2a: Celebi|81/100
|
|-heal|p2a: Celebi|87/100|[from] item: Leftovers
|upkeep
|turn|2
|
|t:|1729636917
|move|p2a: Celebi|Calm Mind|p2a: Celebi
|-boost|p2a: Celebi|spa|1
|-boost|p2a: Celebi|spd|1
|move|p1a: 3 Fingied Freak|Knock Off|p2a: Celebi
|-supereffective|p2a: Celebi
|-damage|p2a: Celebi|84/100
|-enditem|p2a: Celebi|Leftovers|[from] move: Knock Off|[of] p1a: 3 Fingied Freak
|-hint|In Gens 3-4, Knock Off only makes the target's item unusable; it cannot obtain a new item.
|
|upkeep
|turn|3
|inactive|Big Nut Bill has 270 seconds left.
|
|t:|1729636947
|switch|p1a: U. Betchya|Blissey, F|100/100
|move|p2a: Celebi|Psychic|p1a: U. Betchya
|-crit|p1a: U. Betchya
|-damage|p1a: U. Betchya|53/100
|
|-heal|p1a: U. Betchya|59/100|[from] item: Leftovers
|upkeep
|turn|4
|
|t:|1729636960
|switch|p2a: Tyranitar|Tyranitar, M|100/100
|-weather|Sandstorm|[from] ability: Sand Stream|[of] p2a: Tyranitar
|move|p1a: U. Betchya|Soft-Boiled|p1a: U. Betchya
|-heal|p1a: U. Betchya|100/100
|
|-weather|Sandstorm|[upkeep]
|-damage|p1a: U. Betchya|94/100|[from] Sandstorm
|-heal|p1a: U. Betchya|100/100|[from] item: Leftovers
|upkeep
|turn|5
|inactive|Big Nut Bill has 270 seconds left.
|
|t:|1729636993
|switch|p2a: Arcanine is UUBL|Arcanine, F|100/100
|-ability|p2a: Arcanine is UUBL|Intimidate|boost
|-unboost|p1a: U. Betchya|atk|1
|switch|p1a: Gyarg|Salamence, M|100/100
|-ability|p1a: Gyarg|Intimidate|boost
|-unboost|p2a: Arcanine is UUBL|atk|1
|
|-weather|Sandstorm|[upkeep]
|-damage|p1a: Gyarg|94/100|[from] Sandstorm
|-damage|p2a: Arcanine is UUBL|94/100|[from] Sandstorm
|upkeep
|turn|6
|
|t:|1729637002
|switch|p2a: Swampert|Swampert, M|100/100
|move|p1a: Gyarg|Earthquake|p2a: Swampert
|-damage|p2a: Swampert|60/100
|
|-weather|Sandstorm|[upkeep]
|-damage|p1a: Gyarg|88/100|[from] Sandstorm
|-heal|p2a: Swampert|66/100|[from] item: Leftovers
|upkeep
|turn|7
|inactive|Big Nut Bill has 270 seconds left.
|
|t:|1729637016
|switch|p1a: Nefarious Spectre|Gengar, M|100/100
|move|p2a: Swampert|Ice Beam|p1a: Nefarious Spectre
|-damage|p1a: Nefarious Spectre|68/100
|
|-weather|Sandstorm|[upkeep]
|-damage|p1a: Nefarious Spectre|62/100|[from] Sandstorm
|-heal|p1a: Nefarious Spectre|68/100|[from] item: Leftovers
|-heal|p2a: Swampert|72/100|[from] item: Leftovers
|upkeep
|turn|8
|inactive|Big Nut Bill has 270 seconds left.
|
|t:|1729637026
|switch|p2a: Tyranitar|Tyranitar, M|100/100
|move|p1a: Nefarious Spectre|Giga Drain|p2a: Tyranitar
|-supereffective|p2a: Tyranitar
|-damage|p2a: Tyranitar|52/100
|-heal|p1a: Nefarious Spectre|95/100|[from] drain|[of] p2a: Tyranitar
|
|-weather|Sandstorm|[upkeep]
|-damage|p1a: Nefarious Spectre|89/100|[from] Sandstorm
|-heal|p1a: Nefarious Spectre|95/100|[from] item: Leftovers
|-heal|p2a: Tyranitar|59/100|[from] item: Leftovers
|upkeep
|turn|9
|inactive|Big Nut Bill has 270 seconds left.
|
|t:|1729637047
|switch|p1a: Gyarg|Salamence, M|88/100
|-ability|p1a: Gyarg|Intimidate|boost
|-unboost|p2a: Tyranitar|atk|1
|switch|p2a: Skarmory|Skarmory, M|100/100
|
|-weather|Sandstorm|[upkeep]
|-damage|p1a: Gyarg|82/100|[from] Sandstorm
|upkeep
|turn|10
|
|t:|1729637068
|switch|p1a: 3 Fingied Freak|Hariyama, M|100/100
|move|p2a: Skarmory|Spikes|p1a: 3 Fingied Freak
|-sidestart|p1: Big Nut Bill|Spikes
|
|-weather|Sandstorm|[upkeep]
|-damage|p1a: 3 Fingied Freak|94/100|[from] Sandstorm
|-heal|p1a: 3 Fingied Freak|100/100|[from] item: Leftovers
|upkeep
|turn|11
|
|t:|1729637075
|move|p2a: Skarmory|Protect|p2a: Skarmory
|-singleturn|p2a: Skarmory|Protect
|move|p1a: 3 Fingied Freak|Fake Out|p2a: Skarmory
|-activate|p2a: Skarmory|Protect
|
|-weather|Sandstorm|[upkeep]
|-damage|p1a: 3 Fingied Freak|94/100|[from] Sandstorm
|-heal|p1a: 3 Fingied Freak|100/100|[from] item: Leftovers
|upkeep
|turn|12
|
|t:|1729637085
|move|p2a: Skarmory|Drill Peck|p1a: 3 Fingied Freak
|-supereffective|p1a: 3 Fingied Freak
|-damage|p1a: 3 Fingied Freak|60/100
|move|p1a: 3 Fingied Freak|Knock Off|p2a: Skarmory
|-resisted|p2a: Skarmory
|-damage|p2a: Skarmory|99/100
|-enditem|p2a: Skarmory|Leftovers|[from] move: Knock Off|[of] p1a: 3 Fingied Freak
|
|-weather|Sandstorm|[upkeep]
|-damage|p1a: 3 Fingied Freak|54/100|[from] Sandstorm
|-heal|p1a: 3 Fingied Freak|60/100|[from] item: Leftovers
|upkeep
|turn|13
|inactive|Big Nut Bill has 270 seconds left.
|
|t:|1729637097
|switch|p1a: Nefarious Spectre|Gengar, M|95/100
|move|p2a: Skarmory|Spikes|p1a: Nefarious Spectre
|-sidestart|p1: Big Nut Bill|Spikes
|
|-weather|Sandstorm|[upkeep]
|-damage|p1a: Nefarious Spectre|89/100|[from] Sandstorm
|-heal|p1a: Nefarious Spectre|95/100|[from] item: Leftovers
|upkeep
|turn|14
|
|t:|1729637104
|move|p2a: Skarmory|Protect|p2a: Skarmory
|-singleturn|p2a: Skarmory|Protect
|move|p1a: Nefarious Spectre|Thunder|p2a: Skarmory
|-activate|p2a: Skarmory|Protect
|
|-weather|Sandstorm|[upkeep]
|-damage|p1a: Nefarious Spectre|89/100|[from] Sandstorm
|-heal|p1a: Nefarious Spectre|95/100|[from] item: Leftovers
|upkeep
|turn|15
|
|t:|1729637118
|switch|p2a: Blissey|Blissey, F|100/100
|move|p1a: Nefarious Spectre|Giga Drain|p2a: Blissey
|-damage|p2a: Blissey|93/100
|-heal|p1a: Nefarious Spectre|100/100|[from] drain|[of] p2a: Blissey
|
|-weather|Sandstorm|[upkeep]
|-damage|p1a: Nefarious Spectre|95/100|[from] Sandstorm
|-damage|p2a: Blissey|87/100|[from] Sandstorm
|-heal|p1a: Nefarious Spectre|100/100|[from] item: Leftovers
|-heal|p2a: Blissey|93/100|[from] item: Leftovers
|upkeep
|turn|16
|
|t:|1729637129
|switch|p1a: 3 Fingied Freak|Hariyama, M|60/100
|-damage|p1a: 3 Fingied Freak|44/100|[from] Spikes
|move|p2a: Blissey|Toxic|p1a: 3 Fingied Freak|[miss]
|-miss|p2a: Blissey|p1a: 3 Fingied Freak
|
|-weather|Sandstorm|[upkeep]
|-damage|p2a: Blissey|87/100|[from] Sandstorm
|-damage|p1a: 3 Fingied Freak|38/100|[from] Sandstorm
|-heal|p2a: Blissey|93/100|[from] item: Leftovers
|-heal|p1a: 3 Fingied Freak|44/100|[from] item: Leftovers
|upkeep
|turn|17
|
|t:|1729637140
|switch|p2a: Skarmory|Skarmory, M|99/100
|move|p1a: 3 Fingied Freak|Cross Chop|p2a: Skarmory
|-damage|p2a: Skarmory|62/100
|
|-weather|Sandstorm|[upkeep]
|-damage|p1a: 3 Fingied Freak|38/100|[from] Sandstorm
|-heal|p1a: 3 Fingied Freak|44/100|[from] item: Leftovers
|upkeep
|turn|18
|
|t:|1729637150
|move|p2a: Skarmory|Spikes|p1a: 3 Fingied Freak
|-sidestart|p1: Big Nut Bill|Spikes
|move|p1a: 3 Fingied Freak|Cross Chop|p2a: Skarmory
|-damage|p2a: Skarmory|22/100
|
|-weather|Sandstorm|[upkeep]
|-damage|p1a: 3 Fingied Freak|38/100|[from] Sandstorm
|-heal|p1a: 3 Fingied Freak|44/100|[from] item: Leftovers
|upkeep
|turn|19
|
|t:|1729637158
|switch|p1a: Nefarious Spectre|Gengar, M|100/100
|move|p2a: Skarmory|Protect||[still]
|-fail|p2a: Skarmory
|
|-weather|Sandstorm|[upkeep]
|-damage|p1a: Nefarious Spectre|95/100|[from] Sandstorm
|-heal|p1a: Nefarious Spectre|100/100|[from] item: Leftovers
|upkeep
|turn|20
|
|t:|1729637167
|move|p2a: Skarmory|Protect|p2a: Skarmory
|-singleturn|p2a: Skarmory|Protect
|move|p1a: Nefarious Spectre|Ice Punch|p2a: Skarmory
|-activate|p2a: Skarmory|Protect
|
|-weather|Sandstorm|[upkeep]
|-damage|p1a: Nefarious Spectre|95/100|[from] Sandstorm
|-heal|p1a: Nefarious Spectre|100/100|[from] item: Leftovers
|upkeep
|turn|21
|
|t:|1729637179
|switch|p2a: Blissey|Blissey, F|93/100
|move|p1a: Nefarious Spectre|Ice Punch|p2a: Blissey
|-damage|p2a: Blissey|83/100
|
|-weather|Sandstorm|[upkeep]
|-damage|p1a: Nefarious Spectre|95/100|[from] Sandstorm
|-damage|p2a: Blissey|77/100|[from] Sandstorm
|-heal|p1a: Nefarious Spectre|100/100|[from] item: Leftovers
|-heal|p2a: Blissey|83/100|[from] item: Leftovers
|upkeep
|turn|22
|inactive|Big Nut Bill has 270 seconds left.
|inactive|Humorous Husband has 270 seconds left.
|
|t:|1729637219
|switch|p2a: Arcanine is UUBL|Arcanine, F|94/100
|-ability|p2a: Arcanine is UUBL|Intimidate|boost
|-unboost|p1a: Nefarious Spectre|atk|1
|move|p1a: Nefarious Spectre|Thunder|p2a: Arcanine is UUBL
|-damage|p2a: Arcanine is UUBL|41/100
|-status|p2a: Arcanine is UUBL|par
|
|-weather|Sandstorm|[upkeep]
|-damage|p1a: Nefarious Spectre|95/100|[from] Sandstorm
|-damage|p2a: Arcanine is UUBL|35/100 par|[from] Sandstorm
|-heal|p1a: Nefarious Spectre|100/100|[from] item: Leftovers
|upkeep
|turn|23
|inactive|Big Nut Bill has 270 seconds left.
|inactive|Humorous Husband has 270 seconds left.
|
|t:|1729637232
|switch|p2a: Swampert|Swampert, M|72/100
|move|p1a: Nefarious Spectre|Thunder|p2a: Swampert
|-immune|p2a: Swampert
|
|-weather|Sandstorm|[upkeep]
|-damage|p1a: Nefarious Spectre|95/100|[from] Sandstorm
|-heal|p1a: Nefarious Spectre|100/100|[from] item: Leftovers
|-heal|p2a: Swampert|78/100|[from] item: Leftovers
|upkeep
|turn|24
|
|t:|1729637241
|switch|p2a: Celebi|Celebi|84/100
|move|p1a: Nefarious Spectre|Giga Drain|p2a: Celebi
|-resisted|p2a: Celebi
|-damage|p2a: Celebi|75/100
|
|-weather|Sandstorm|[upkeep]
|-damage|p1a: Nefarious Spectre|95/100|[from] Sandstorm
|-damage|p2a: Celebi|69/100|[from] Sandstorm
|-heal|p1a: Nefarious Spectre|100/100|[from] item: Leftovers
|upkeep
|turn|25
|
|t:|1729637252
|move|p1a: Nefarious Spectre|Ice Punch|p2a: Celebi
|-supereffective|p2a: Celebi
|-damage|p2a: Celebi|24/100
|-status|p2a: Celebi|frz
|-curestatus|p2a: Celebi|frz|[msg]
|move|p2a: Celebi|Psychic|p1a: Nefarious Spectre
|-supereffective|p1a: Nefarious Spectre
|-damage|p1a: Nefarious Spectre|0 fnt
|faint|p1a: Nefarious Spectre
|
|t:|1729637261
|switch|p1a: Dork|Porygon2, shiny|100/100
|-damage|p1a: Dork|76/100|[from] Spikes
|-ability|p1a: Dork|Natural Cure|[from] ability: Trace|[of] p2a: Celebi
|
|-weather|Sandstorm|[upkeep]
|-damage|p2a: Celebi|18/100|[from] Sandstorm
|-damage|p1a: Dork|69/100|[from] Sandstorm
|-heal|p1a: Dork|76/100|[from] item: Leftovers
|upkeep
|turn|26
|
|t:|1729637274
|switch|p2a: Blissey|Blissey, F|83/100
|move|p1a: Dork|Thunder Wave|p2a: Blissey
|-status|p2a: Blissey|par
|
|-weather|Sandstorm|[upkeep]
|-damage|p1a: Dork|69/100|[from] Sandstorm
|-damage|p2a: Blissey|77/100 par|[from] Sandstorm
|-heal|p1a: Dork|76/100|[from] item: Leftovers
|-heal|p2a: Blissey|83/100 par|[from] item: Leftovers
|upkeep
|turn|27
|
|t:|1729637289
|switch|p1a: Gyarg|Salamence, M|82/100
|-ability|p1a: Gyarg|Intimidate|boost
|-unboost|p2a: Blissey|atk|1
|-curestatus|p2a: Blissey|par|[from] ability: Natural Cure
|switch|p2a: Swampert|Swampert, M|78/100
|
|-weather|Sandstorm|[upkeep]
|-damage|p1a: Gyarg|76/100|[from] Sandstorm
|-heal|p2a: Swampert|85/100|[from] item: Leftovers
|upkeep
|turn|28
|inactive|Big Nut Bill has 270 seconds left.
|
|t:|1729637322
|switch|p1a: U. Betchya|Blissey, F|100/100
|-damage|p1a: U. Betchya|76/100|[from] Spikes
|move|p2a: Swampert|Toxic|p1a: U. Betchya
|-status|p1a: U. Betchya|tox
|
|-weather|Sandstorm|[upkeep]
|-damage|p1a: U. Betchya|69/100 tox|[from] Sandstorm
|-heal|p1a: U. Betchya|76/100 tox|[from] item: Leftovers
|-damage|p1a: U. Betchya|69/100 tox|[from] psn
|-heal|p2a: Swampert|91/100|[from] item: Leftovers
|upkeep
|turn|29
|inactive|Big Nut Bill has 270 seconds left.
|
|t:|1729637335
|switch|p2a: Arcanine is UUBL|Arcanine, F|35/100 par
|-ability|p2a: Arcanine is UUBL|Intimidate|boost
|-unboost|p1a: U. Betchya|atk|1
|move|p1a: U. Betchya|Ice Beam|p2a: Arcanine is UUBL
|-resisted|p2a: Arcanine is UUBL
|-damage|p2a: Arcanine is UUBL|16/100 par
|
|-weather|Sandstorm|[upkeep]
|-damage|p1a: U. Betchya|63/100 tox|[from] Sandstorm
|-damage|p2a: Arcanine is UUBL|10/100 par|[from] Sandstorm
|-heal|p1a: U. Betchya|69/100 tox|[from] item: Leftovers
|-damage|p1a: U. Betchya|57/100 tox|[from] psn
|upkeep
|turn|30
|inactive|Big Nut Bill has 270 seconds left.
|
|t:|1729637348
|-curestatus|p1a: U. Betchya|tox|[from] ability: Natural Cure
|switch|p1a: Gyarg|Salamence, M|76/100
|-ability|p1a: Gyarg|Intimidate|boost
|-unboost|p2a: Arcanine is UUBL|atk|1
|move|p2a: Arcanine is UUBL|Extreme Speed|p1a: Gyarg
|-damage|p1a: Gyarg|45/100
|
|-weather|Sandstorm|[upkeep]
|-damage|p1a: Gyarg|39/100|[from] Sandstorm
|-damage|p2a: Arcanine is UUBL|4/100 par|[from] Sandstorm
|upkeep
|turn|31
|inactive|Big Nut Bill has 270 seconds left.
|inactive|Humorous Husband has 270 seconds left.
|
|t:|1729637372
|switch|p2a: Skarmory|Skarmory, M|22/100
|move|p1a: Gyarg|Earthquake|p2a: Skarmory
|-immune|p2a: Skarmory
|
|-weather|Sandstorm|[upkeep]
|-damage|p1a: Gyarg|33/100|[from] Sandstorm
|upkeep
|turn|32
|
|t:|1729637393
|switch|p1a: Not Espeon|Aerodactyl, M, shiny|100/100
|move|p2a: Skarmory|Protect||[still]
|-fail|p2a: Skarmory
|
|-weather|Sandstorm|[upkeep]
|upkeep
|turn|33
|
|t:|1729637402
|move|p2a: Skarmory|Protect|p2a: Skarmory
|-singleturn|p2a: Skarmory|Protect
|move|p1a: Not Espeon|Double-Edge|p2a: Skarmory
|-activate|p2a: Skarmory|Protect
|
|-weather|Sandstorm|[upkeep]
|upkeep
|turn|34
|
|t:|1729637408
|switch|p2a: Tyranitar|Tyranitar, M|59/100
|move|p1a: Not Espeon|Double-Edge|p2a: Tyranitar
|-resisted|p2a: Tyranitar
|-damage|p2a: Tyranitar|31/100
|
|-weather|Sandstorm|[upkeep]
|-heal|p2a: Tyranitar|37/100|[from] item: Leftovers
|upkeep
|turn|35
|inactive|Big Nut Bill has 270 seconds left.
|
|t:|1729637424
|switch|p1a: Dork|Porygon2, shiny|76/100
|-damage|p1a: Dork|51/100|[from] Spikes
|-ability|p1a: Dork|Sand Stream|[from] ability: Trace|[of] p2a: Tyranitar
|move|p2a: Tyranitar|Thunder Wave|p1a: Dork
|-status|p1a: Dork|par
|
|-weather|Sandstorm|[upkeep]
|-damage|p1a: Dork|45/100 par|[from] Sandstorm
|-heal|p2a: Tyranitar|43/100|[from] item: Leftovers
|-heal|p1a: Dork|51/100 par|[from] item: Leftovers
|upkeep
|turn|36
|
|t:|1729637442
|switch|p2a: Arcanine is UUBL|Arcanine, F|4/100 par
|-ability|p2a: Arcanine is UUBL|Intimidate|boost
|-unboost|p1a: Dork|atk|1
|cant|p1a: Dork|par
|
|-weather|Sandstorm|[upkeep]
|-damage|p2a: Arcanine is UUBL|0 fnt|[from] Sandstorm
|-damage|p1a: Dork|45/100 par|[from] Sandstorm
|faint|p2a: Arcanine is UUBL
|-heal|p1a: Dork|51/100 par|[from] item: Leftovers
|upkeep
|
|t:|1729637457
|switch|p2a: Skarmory|Skarmory, M|22/100
|turn|37
|inactive|Big Nut Bill has 270 seconds left.
|
|t:|1729637480
|switch|p2a: Blissey|Blissey, F|83/100
|move|p1a: Dork|Thunderbolt|p2a: Blissey
|-damage|p2a: Blissey|74/100
|
|-weather|Sandstorm|[upkeep]
|-damage|p2a: Blissey|68/100|[from] Sandstorm
|-damage|p1a: Dork|45/100 par|[from] Sandstorm
|-heal|p2a: Blissey|74/100|[from] item: Leftovers
|-heal|p1a: Dork|51/100 par|[from] item: Leftovers
|upkeep
|turn|38
|
|t:|1729637492
|switch|p2a: Swampert|Swampert, M|91/100
|move|p1a: Dork|Recover|p1a: Dork
|-heal|p1a: Dork|100/100 par
|
|-weather|Sandstorm|[upkeep]
|-damage|p1a: Dork|94/100 par|[from] Sandstorm
|-heal|p2a: Swampert|97/100|[from] item: Leftovers
|-heal|p1a: Dork|100/100 par|[from] item: Leftovers
|upkeep
|turn|39
|inactive|Big Nut Bill has 270 seconds left.
|
|t:|1729637527
|move|p2a: Swampert|Hydro Pump|p1a: Dork
|-damage|p1a: Dork|59/100 par
|move|p1a: Dork|Ice Beam|p2a: Swampert
|-damage|p2a: Swampert|77/100
|
|-weather|Sandstorm|[upkeep]
|-damage|p1a: Dork|53/100 par|[from] Sandstorm
|-heal|p2a: Swampert|83/100|[from] item: Leftovers
|-heal|p1a: Dork|59/100 par|[from] item: Leftovers
|upkeep
|turn|40
|
|t:|1729637537
|move|p2a: Swampert|Earthquake|p1a: Dork
|-damage|p1a: Dork|32/100 par
|move|p1a: Dork|Ice Beam|p2a: Swampert
|-damage|p2a: Swampert|62/100
|
|-weather|Sandstorm|[upkeep]
|-damage|p1a: Dork|26/100 par|[from] Sandstorm
|-heal|p2a: Swampert|68/100|[from] item: Leftovers
|-heal|p1a: Dork|32/100 par|[from] item: Leftovers
|upkeep
|turn|41
|
|t:|1729637546
|move|p2a: Swampert|Hydro Pump|p1a: Dork
|-damage|p1a: Dork|0 fnt
|faint|p1a: Dork
|
|t:|1729637556
|switch|p1a: 3 Fingied Freak|Hariyama, M|44/100
|-damage|p1a: 3 Fingied Freak|19/100|[from] Spikes
|
|-weather|Sandstorm|[upkeep]
|-damage|p1a: 3 Fingied Freak|13/100|[from] Sandstorm
|-heal|p2a: Swampert|74/100|[from] item: Leftovers
|-heal|p1a: 3 Fingied Freak|19/100|[from] item: Leftovers
|upkeep
|turn|42
|
|t:|1729637575
|move|p1a: 3 Fingied Freak|Fake Out|p2a: Swampert
|-damage|p2a: Swampert|63/100
|cant|p2a: Swampert|flinch
|
|-weather|Sandstorm|[upkeep]
|-damage|p1a: 3 Fingied Freak|13/100|[from] Sandstorm
|-heal|p2a: Swampert|69/100|[from] item: Leftovers
|-heal|p1a: 3 Fingied Freak|19/100|[from] item: Leftovers
|upkeep
|turn|43
|inactive|Big Nut Bill has 270 seconds left.
|
|t:|1729637588
|switch|p2a: Skarmory|Skarmory, M|22/100
|move|p1a: 3 Fingied Freak|Rock Slide|p2a: Skarmory
|-damage|p2a: Skarmory|5/100
|
|-weather|Sandstorm|[upkeep]
|-damage|p1a: 3 Fingied Freak|13/100|[from] Sandstorm
|-heal|p1a: 3 Fingied Freak|19/100|[from] item: Leftovers
|upkeep
|turn|44
|inactive|Big Nut Bill has 270 seconds left.
|
|t:|1729637598
|move|p2a: Skarmory|Drill Peck|p1a: 3 Fingied Freak
|-supereffective|p1a: 3 Fingied Freak
|-damage|p1a: 3 Fingied Freak|0 fnt
|faint|p1a: 3 Fingied Freak
|
|t:|1729637603
|switch|p1a: U. Betchya|Blissey, F|57/100
|-damage|p1a: U. Betchya|32/100|[from] Spikes
|
|-weather|Sandstorm|[upkeep]
|-damage|p1a: U. Betchya|26/100|[from] Sandstorm
|-heal|p1a: U. Betchya|32/100|[from] item: Leftovers
|upkeep
|turn|45
|
|t:|1729637609
|move|p2a: Skarmory|Protect|p2a: Skarmory
|-singleturn|p2a: Skarmory|Protect
|move|p1a: U. Betchya|Soft-Boiled|p1a: U. Betchya
|-heal|p1a: U. Betchya|82/100
|
|-weather|Sandstorm|[upkeep]
|-damage|p1a: U. Betchya|76/100|[from] Sandstorm
|-heal|p1a: U. Betchya|82/100|[from] item: Leftovers
|upkeep
|turn|46
|
|t:|1729637619
|move|p1a: U. Betchya|Ice Beam|p2a: Skarmory
|-damage|p2a: Skarmory|0 fnt
|faint|p2a: Skarmory
|
|t:|1729637635
|switch|p2a: Blissey|Blissey, F|74/100
|
|-weather|Sandstorm|[upkeep]
|-damage|p1a: U. Betchya|76/100|[from] Sandstorm
|-damage|p2a: Blissey|68/100|[from] Sandstorm
|-heal|p1a: U. Betchya|82/100|[from] item: Leftovers
|-heal|p2a: Blissey|74/100|[from] item: Leftovers
|upkeep
|turn|47
|
|t:|1729637651
|switch|p1a: Not Espeon|Aerodactyl, M, shiny|100/100
|move|p2a: Blissey|Ice Beam|p1a: Not Espeon
|-supereffective|p1a: Not Espeon
|-damage|p1a: Not Espeon|27/100
|-status|p1a: Not Espeon|frz
|
|-weather|Sandstorm|[upkeep]
|-damage|p2a: Blissey|68/100|[from] Sandstorm
|-heal|p2a: Blissey|74/100|[from] item: Leftovers
|upkeep
|turn|48
|
|t:|1729637660
|cant|p1a: Not Espeon|frz
|move|p2a: Blissey|Ice Beam|p1a: Not Espeon
|-supereffective|p1a: Not Espeon
|-damage|p1a: Not Espeon|0 fnt
|faint|p1a: Not Espeon
|
|t:|1729637662
|switch|p1a: Gyarg|Salamence, M|33/100
|-ability|p1a: Gyarg|Intimidate|boost
|-unboost|p2a: Blissey|atk|1
|
|-weather|Sandstorm|[upkeep]
|-damage|p1a: Gyarg|27/100|[from] Sandstorm
|-damage|p2a: Blissey|68/100|[from] Sandstorm
|-heal|p2a: Blissey|74/100|[from] item: Leftovers
|upkeep
|turn|49
|
|t:|1729637681
|switch|p2a: Celebi|Celebi|18/100
|move|p1a: Gyarg|Brick Break|p2a: Celebi
|-resisted|p2a: Celebi
|-damage|p2a: Celebi|2/100
|
|-weather|Sandstorm|[upkeep]
|-damage|p1a: Gyarg|21/100|[from] Sandstorm
|-damage|p2a: Celebi|0 fnt|[from] Sandstorm
|faint|p2a: Celebi
|upkeep
|
|t:|1729637692
|switch|p2a: Tyranitar|Tyranitar, M|43/100
|turn|50
|
|t:|1729637703
|move|p1a: Gyarg|Brick Break|p2a: Tyranitar
|-supereffective|p2a: Tyranitar
|-damage|p2a: Tyranitar|0 fnt
|faint|p2a: Tyranitar
|
|t:|1729637708
|switch|p2a: Swampert|Swampert, M|69/100
|
|-weather|Sandstorm|[upkeep]
|-damage|p1a: Gyarg|15/100|[from] Sandstorm
|-heal|p2a: Swampert|75/100|[from] item: Leftovers
|upkeep
|turn|51
|
|t:|1729637715
|switch|p1a: U. Betchya|Blissey, F|82/100
|-damage|p1a: U. Betchya|57/100|[from] Spikes
|move|p2a: Swampert|Ice Beam|p1a: U. Betchya
|-damage|p1a: U. Betchya|49/100
|
|-weather|Sandstorm|[upkeep]
|-damage|p1a: U. Betchya|43/100|[from] Sandstorm
|-heal|p1a: U. Betchya|49/100|[from] item: Leftovers
|-heal|p2a: Swampert|82/100|[from] item: Leftovers
|upkeep
|turn|52
|
|t:|1729637726
|move|p1a: U. Betchya|Ice Beam|p2a: Swampert
|-damage|p2a: Swampert|58/100
|move|p2a: Swampert|Toxic|p1a: U. Betchya|[miss]
|-miss|p2a: Swampert|p1a: U. Betchya
|
|-weather|Sandstorm|[upkeep]
|-damage|p1a: U. Betchya|43/100|[from] Sandstorm
|-heal|p1a: U. Betchya|49/100|[from] item: Leftovers
|-heal|p2a: Swampert|64/100|[from] item: Leftovers
|upkeep
|turn|53
|
|t:|1729637736
|switch|p2a: Blissey|Blissey, F|74/100
|move|p1a: U. Betchya|Ice Beam|p2a: Blissey
|-crit|p2a: Blissey
|-damage|p2a: Blissey|53/100
|
|-weather|Sandstorm|[upkeep]
|-damage|p1a: U. Betchya|43/100|[from] Sandstorm
|-damage|p2a: Blissey|47/100|[from] Sandstorm
|-heal|p1a: U. Betchya|49/100|[from] item: Leftovers
|-heal|p2a: Blissey|53/100|[from] item: Leftovers
|upkeep
|turn|54
|
|t:|1729637748
|move|p1a: U. Betchya|Ice Beam|p2a: Blissey
|-damage|p2a: Blissey|42/100
|move|p2a: Blissey|Toxic|p1a: U. Betchya
|-status|p1a: U. Betchya|tox
|
|-weather|Sandstorm|[upkeep]
|-damage|p1a: U. Betchya|43/100 tox|[from] Sandstorm
|-damage|p2a: Blissey|36/100|[from] Sandstorm
|-heal|p1a: U. Betchya|49/100 tox|[from] item: Leftovers
|-damage|p1a: U. Betchya|43/100 tox|[from] psn
|-heal|p2a: Blissey|42/100|[from] item: Leftovers
|upkeep
|turn|55
|
|t:|1729637759
|move|p1a: U. Betchya|Aromatherapy|p1a: U. Betchya
|-cureteam|p1a: U. Betchya|[from] move: Aromatherapy
|move|p2a: Blissey|Soft-Boiled|p2a: Blissey
|-heal|p2a: Blissey|92/100
|
|-weather|Sandstorm|[upkeep]
|-damage|p1a: U. Betchya|37/100|[from] Sandstorm
|-damage|p2a: Blissey|86/100|[from] Sandstorm
|-heal|p1a: U. Betchya|43/100|[from] item: Leftovers
|-heal|p2a: Blissey|92/100|[from] item: Leftovers
|upkeep
|turn|56
|
|t:|1729637769
|move|p1a: U. Betchya|Soft-Boiled|p1a: U. Betchya
|-heal|p1a: U. Betchya|93/100
|move|p2a: Blissey|Toxic|p1a: U. Betchya
|-status|p1a: U. Betchya|tox
|
|-weather|Sandstorm|[upkeep]
|-damage|p1a: U. Betchya|87/100 tox|[from] Sandstorm
|-damage|p2a: Blissey|86/100|[from] Sandstorm
|-heal|p1a: U. Betchya|93/100 tox|[from] item: Leftovers
|-damage|p1a: U. Betchya|87/100 tox|[from] psn
|-heal|p2a: Blissey|92/100|[from] item: Leftovers
|upkeep
|turn|57
|
|t:|1729637782
|move|p1a: U. Betchya|Ice Beam|p2a: Blissey
|-damage|p2a: Blissey|82/100
|move|p2a: Blissey|Ice Beam|p1a: U. Betchya
|-damage|p1a: U. Betchya|76/100 tox
|
|-weather|Sandstorm|[upkeep]
|-damage|p1a: U. Betchya|70/100 tox|[from] Sandstorm
|-damage|p2a: Blissey|76/100|[from] Sandstorm
|-heal|p1a: U. Betchya|76/100 tox|[from] item: Leftovers
|-damage|p1a: U. Betchya|64/100 tox|[from] psn
|-heal|p2a: Blissey|82/100|[from] item: Leftovers
|upkeep
|turn|58
|
|t:|1729637794
|move|p1a: U. Betchya|Aromatherapy|p1a: U. Betchya
|-cureteam|p1a: U. Betchya|[from] move: Aromatherapy
|move|p2a: Blissey|Thunderbolt|p1a: U. Betchya
|-damage|p1a: U. Betchya|53/100
|
|-weather|Sandstorm|[upkeep]
|-damage|p1a: U. Betchya|47/100|[from] Sandstorm
|-damage|p2a: Blissey|76/100|[from] Sandstorm
|-heal|p1a: U. Betchya|53/100|[from] item: Leftovers
|-heal|p2a: Blissey|82/100|[from] item: Leftovers
|upkeep
|turn|59
|
|t:|1729637803
|move|p1a: U. Betchya|Ice Beam|p2a: Blissey
|-damage|p2a: Blissey|71/100
|move|p2a: Blissey|Toxic|p1a: U. Betchya
|-status|p1a: U. Betchya|tox
|
|-weather|Sandstorm|[upkeep]
|-damage|p1a: U. Betchya|47/100 tox|[from] Sandstorm
|-damage|p2a: Blissey|65/100|[from] Sandstorm
|-heal|p1a: U. Betchya|53/100 tox|[from] item: Leftovers
|-damage|p1a: U. Betchya|47/100 tox|[from] psn
|-heal|p2a: Blissey|71/100|[from] item: Leftovers
|upkeep
|turn|60
|
|t:|1729637814
|move|p1a: U. Betchya|Ice Beam|p2a: Blissey
|-damage|p2a: Blissey|61/100
|move|p2a: Blissey|Ice Beam|p1a: U. Betchya
|-damage|p1a: U. Betchya|37/100 tox
|
|-weather|Sandstorm|[upkeep]
|-damage|p1a: U. Betchya|31/100 tox|[from] Sandstorm
|-damage|p2a: Blissey|55/100|[from] Sandstorm
|-heal|p1a: U. Betchya|37/100 tox|[from] item: Leftovers
|-damage|p1a: U. Betchya|25/100 tox|[from] psn
|-heal|p2a: Blissey|61/100|[from] item: Leftovers
|upkeep
|turn|61
|
|t:|1729637828
|move|p1a: U. Betchya|Aromatherapy|p1a: U. Betchya
|-cureteam|p1a: U. Betchya|[from] move: Aromatherapy
|move|p2a: Blissey|Ice Beam|p1a: U. Betchya
|-damage|p1a: U. Betchya|14/100
|
|-weather|Sandstorm|[upkeep]
|-damage|p1a: U. Betchya|8/100|[from] Sandstorm
|-damage|p2a: Blissey|55/100|[from] Sandstorm
|-heal|p1a: U. Betchya|14/100|[from] item: Leftovers
|-heal|p2a: Blissey|61/100|[from] item: Leftovers
|upkeep
|turn|62
|
|t:|1729637838
|move|p1a: U. Betchya|Soft-Boiled|p1a: U. Betchya
|-heal|p1a: U. Betchya|64/100
|move|p2a: Blissey|Toxic|p1a: U. Betchya
|-status|p1a: U. Betchya|tox
|
|-weather|Sandstorm|[upkeep]
|-damage|p1a: U. Betchya|58/100 tox|[from] Sandstorm
|-damage|p2a: Blissey|55/100|[from] Sandstorm
|-heal|p1a: U. Betchya|64/100 tox|[from] item: Leftovers
|-damage|p1a: U. Betchya|58/100 tox|[from] psn
|-heal|p2a: Blissey|61/100|[from] item: Leftovers
|upkeep
|turn|63
|
|t:|1729637849
|move|p1a: U. Betchya|Ice Beam|p2a: Blissey
|-damage|p2a: Blissey|50/100
|move|p2a: Blissey|Soft-Boiled|p2a: Blissey
|-heal|p2a: Blissey|99/100
|
|-weather|Sandstorm|[upkeep]
|-damage|p1a: U. Betchya|52/100 tox|[from] Sandstorm
|-damage|p2a: Blissey|94/100|[from] Sandstorm
|-heal|p1a: U. Betchya|58/100 tox|[from] item: Leftovers
|-damage|p1a: U. Betchya|46/100 tox|[from] psn
|-heal|p2a: Blissey|99/100|[from] item: Leftovers
|upkeep
|turn|64
|
|t:|1729637860
|move|p1a: U. Betchya|Aromatherapy|p1a: U. Betchya
|-cureteam|p1a: U. Betchya|[from] move: Aromatherapy
|move|p2a: Blissey|Ice Beam|p1a: U. Betchya
|-damage|p1a: U. Betchya|36/100
|
|-weather|Sandstorm|[upkeep]
|-damage|p1a: U. Betchya|30/100|[from] Sandstorm
|-damage|p2a: Blissey|94/100|[from] Sandstorm
|-heal|p1a: U. Betchya|36/100|[from] item: Leftovers
|-heal|p2a: Blissey|99/100|[from] item: Leftovers
|upkeep
|turn|65
|
|t:|1729637874
|move|p1a: U. Betchya|Ice Beam|p2a: Blissey
|-damage|p2a: Blissey|91/100
|move|p2a: Blissey|Ice Beam|p1a: U. Betchya
|-damage|p1a: U. Betchya|25/100
|
|-weather|Sandstorm|[upkeep]
|-damage|p1a: U. Betchya|19/100|[from] Sandstorm
|-damage|p2a: Blissey|84/100|[from] Sandstorm
|-heal|p1a: U. Betchya|25/100|[from] item: Leftovers
|-heal|p2a: Blissey|91/100|[from] item: Leftovers
|upkeep
|turn|66
|
|t:|1729637885
|move|p1a: U. Betchya|Soft-Boiled|p1a: U. Betchya
|-heal|p1a: U. Betchya|75/100
|move|p2a: Blissey|Toxic|p1a: U. Betchya
|-status|p1a: U. Betchya|tox
|
|-weather|Sandstorm|[upkeep]
|-damage|p1a: U. Betchya|69/100 tox|[from] Sandstorm
|-damage|p2a: Blissey|84/100|[from] Sandstorm
|-heal|p1a: U. Betchya|75/100 tox|[from] item: Leftovers
|-damage|p1a: U. Betchya|69/100 tox|[from] psn
|-heal|p2a: Blissey|91/100|[from] item: Leftovers
|upkeep
|turn|67
|
|t:|1729637901
|move|p1a: U. Betchya|Aromatherapy|p1a: U. Betchya
|-cureteam|p1a: U. Betchya|[from] move: Aromatherapy
|move|p2a: Blissey|Thunderbolt|p1a: U. Betchya
|-damage|p1a: U. Betchya|59/100
|-status|p1a: U. Betchya|par
|
|-weather|Sandstorm|[upkeep]
|-damage|p2a: Blissey|84/100|[from] Sandstorm
|-damage|p1a: U. Betchya|53/100 par|[from] Sandstorm
|-heal|p2a: Blissey|91/100|[from] item: Leftovers
|-heal|p1a: U. Betchya|59/100 par|[from] item: Leftovers
|upkeep
|turn|68
|
|t:|1729637912
|move|p2a: Blissey|Thunderbolt|p1a: U. Betchya
|-damage|p1a: U. Betchya|48/100 par
|move|p1a: U. Betchya|Ice Beam|p2a: Blissey
|-damage|p2a: Blissey|80/100
|
|-weather|Sandstorm|[upkeep]
|-damage|p2a: Blissey|73/100|[from] Sandstorm
|-damage|p1a: U. Betchya|42/100 par|[from] Sandstorm
|-heal|p2a: Blissey|80/100|[from] item: Leftovers
|-heal|p1a: U. Betchya|48/100 par|[from] item: Leftovers
|upkeep
|turn|69
|
|t:|1729637931
|move|p2a: Blissey|Thunderbolt|p1a: U. Betchya
|-damage|p1a: U. Betchya|37/100 par
|move|p1a: U. Betchya|Ice Beam|p2a: Blissey
|-damage|p2a: Blissey|69/100
|
|-weather|Sandstorm|[upkeep]
|-damage|p2a: Blissey|63/100|[from] Sandstorm
|-damage|p1a: U. Betchya|31/100 par|[from] Sandstorm
|-heal|p2a: Blissey|69/100|[from] item: Leftovers
|-heal|p1a: U. Betchya|37/100 par|[from] item: Leftovers
|upkeep
|turn|70
|
|t:|1729637942
|move|p2a: Blissey|Thunderbolt|p1a: U. Betchya
|-damage|p1a: U. Betchya|26/100 par
|move|p1a: U. Betchya|Soft-Boiled|p1a: U. Betchya
|-heal|p1a: U. Betchya|76/100 par
|
|-weather|Sandstorm|[upkeep]
|-damage|p2a: Blissey|63/100|[from] Sandstorm
|-damage|p1a: U. Betchya|70/100 par|[from] Sandstorm
|-heal|p2a: Blissey|69/100|[from] item: Leftovers
|-heal|p1a: U. Betchya|76/100 par|[from] item: Leftovers
|upkeep
|turn|71
|c|☆Humorous Husband|Has para hax gone off once this game?
|inactive|Humorous Husband has 270 seconds left.
|
|t:|1729637964
|move|p2a: Blissey|Thunderbolt|p1a: U. Betchya
|-crit|p1a: U. Betchya
|-damage|p1a: U. Betchya|56/100 par
|move|p1a: U. Betchya|Ice Beam|p2a: Blissey
|-damage|p2a: Blissey|59/100
|
|-weather|Sandstorm|[upkeep]
|-damage|p2a: Blissey|52/100|[from] Sandstorm
|-damage|p1a: U. Betchya|50/100 par|[from] Sandstorm
|-heal|p2a: Blissey|59/100|[from] item: Leftovers
|-heal|p1a: U. Betchya|56/100 par|[from] item: Leftovers
|upkeep
|turn|72
|inactive|Humorous Husband has 270 seconds left.
|inactive|Big Nut Bill has 270 seconds left.
|c|☆Big Nut Bill|no but my ice beam hasnt frozen u once so its even i think
|
|t:|1729637998
|move|p2a: Blissey|Soft-Boiled|p2a: Blissey
|-heal|p2a: Blissey|100/100
|cant|p1a: U. Betchya|par
|
|-weather|Sandstorm|[upkeep]
|-damage|p2a: Blissey|94/100|[from] Sandstorm
|-damage|p1a: U. Betchya|50/100 par|[from] Sandstorm
|-heal|p2a: Blissey|100/100|[from] item: Leftovers
|-heal|p1a: U. Betchya|56/100 par|[from] item: Leftovers
|upkeep
|turn|73
|inactive|Humorous Husband has 270 seconds left.
|
|t:|1729638012
|move|p2a: Blissey|Thunderbolt|p1a: U. Betchya
|-damage|p1a: U. Betchya|46/100 par
|move|p1a: U. Betchya|Ice Beam|p2a: Blissey
|-damage|p2a: Blissey|89/100
|
|-weather|Sandstorm|[upkeep]
|-damage|p2a: Blissey|83/100|[from] Sandstorm
|-damage|p1a: U. Betchya|40/100 par|[from] Sandstorm
|-heal|p2a: Blissey|89/100|[from] item: Leftovers
|-heal|p1a: U. Betchya|46/100 par|[from] item: Leftovers
|upkeep
|turn|74
|c|☆Humorous Husband|You para-ed my arcanine too
|inactive|Humorous Husband has 270 seconds left.
|
|t:|1729638033
|move|p2a: Blissey|Thunderbolt|p1a: U. Betchya
|-damage|p1a: U. Betchya|35/100 par
|move|p1a: U. Betchya|Soft-Boiled|p1a: U. Betchya
|-heal|p1a: U. Betchya|85/100 par
|
|-weather|Sandstorm|[upkeep]
|-damage|p2a: Blissey|83/100|[from] Sandstorm
|-damage|p1a: U. Betchya|79/100 par|[from] Sandstorm
|-heal|p2a: Blissey|89/100|[from] item: Leftovers
|-heal|p1a: U. Betchya|85/100 par|[from] item: Leftovers
|upkeep
|turn|75
|
|t:|1729638054
|move|p2a: Blissey|Thunderbolt|p1a: U. Betchya
|-damage|p1a: U. Betchya|74/100 par
|move|p1a: U. Betchya|Ice Beam|p2a: Blissey
|-damage|p2a: Blissey|79/100
|
|-weather|Sandstorm|[upkeep]
|-damage|p2a: Blissey|73/100|[from] Sandstorm
|-damage|p1a: U. Betchya|68/100 par|[from] Sandstorm
|-heal|p2a: Blissey|79/100|[from] item: Leftovers
|-heal|p1a: U. Betchya|74/100 par|[from] item: Leftovers
|upkeep
|turn|76
|
|t:|1729638064
|move|p2a: Blissey|Thunderbolt|p1a: U. Betchya
|-damage|p1a: U. Betchya|63/100 par
|cant|p1a: U. Betchya|par
|
|-weather|Sandstorm|[upkeep]
|-damage|p2a: Blissey|73/100|[from] Sandstorm
|-damage|p1a: U. Betchya|57/100 par|[from] Sandstorm
|-heal|p2a: Blissey|79/100|[from] item: Leftovers
|-heal|p1a: U. Betchya|63/100 par|[from] item: Leftovers
|upkeep
|turn|77
|
|t:|1729638080
|move|p2a: Blissey|Thunderbolt|p1a: U. Betchya
|-damage|p1a: U. Betchya|53/100 par
|move|p1a: U. Betchya|Ice Beam|p2a: Blissey
|-damage|p2a: Blissey|69/100
|-status|p2a: Blissey|frz
|
|-weather|Sandstorm|[upkeep]
|-damage|p2a: Blissey|63/100 frz|[from] Sandstorm
|-damage|p1a: U. Betchya|47/100 par|[from] Sandstorm
|-heal|p2a: Blissey|69/100 frz|[from] item: Leftovers
|-heal|p1a: U. Betchya|53/100 par|[from] item: Leftovers
|upkeep
|turn|78
|c|☆Big Nut Bill|fucking finally
|inactive|Big Nut Bill has 270 seconds left.
|
|t:|1729638096
|-curestatus|p2a: Blissey|frz|[from] ability: Natural Cure
|switch|p2a: Swampert|Swampert, M|64/100
|-curestatus|p1a: U. Betchya|par|[from] ability: Natural Cure
|switch|p1a: Gyarg|Salamence, M|15/100
|-ability|p1a: Gyarg|Intimidate|boost
|-unboost|p2a: Swampert|atk|1
|
|-weather|Sandstorm|[upkeep]
|-damage|p1a: Gyarg|9/100|[from] Sandstorm
|-heal|p2a: Swampert|71/100|[from] item: Leftovers
|upkeep
|turn|79
|inactive|Big Nut Bill has 270 seconds left.
|
|t:|1729638109
|move|p1a: Gyarg|Hidden Power|p2a: Swampert
|-damage|p2a: Swampert|26/100
|move|p2a: Swampert|Ice Beam|p1a: Gyarg
|-supereffective|p1a: Gyarg
|-damage|p1a: Gyarg|0 fnt
|faint|p1a: Gyarg
|c|☆Big Nut Bill|gg
|inactive|Big Nut Bill has 270 seconds left.
|
|t:|1729638115
|switch|p1a: U. Betchya|Blissey, F|53/100
|-damage|p1a: U. Betchya|28/100|[from] Spikes
|
|-weather|Sandstorm|[upkeep]
|-damage|p1a: U. Betchya|22/100|[from] Sandstorm
|-heal|p1a: U. Betchya|28/100|[from] item: Leftovers
|-heal|p2a: Swampert|33/100|[from] item: Leftovers
|upkeep
|turn|80
|c|☆Humorous Husband|ggwp
|
|t:|1729638127
|switch|p2a: Blissey|Blissey, F|69/100
|move|p1a: U. Betchya|Thunderbolt|p2a: Blissey
|-damage|p2a: Blissey|59/100
|
|-weather|Sandstorm|[upkeep]
|-damage|p1a: U. Betchya|22/100|[from] Sandstorm
|-damage|p2a: Blissey|53/100|[from] Sandstorm
|-heal|p1a: U. Betchya|28/100|[from] item: Leftovers
|-heal|p2a: Blissey|59/100|[from] item: Leftovers
|upkeep
|turn|81
|c|☆Big Nut Bill|needed that crit its done now
|c|☆Humorous Husband|It was defensive pert.
|
|t:|1729638145
|move|p1a: U. Betchya|Soft-Boiled|p1a: U. Betchya
|-heal|p1a: U. Betchya|78/100
|move|p2a: Blissey|Toxic|p1a: U. Betchya
|-status|p1a: U. Betchya|tox
|
|-weather|Sandstorm|[upkeep]
|-damage|p1a: U. Betchya|72/100 tox|[from] Sandstorm
|-damage|p2a: Blissey|53/100|[from] Sandstorm
|-heal|p1a: U. Betchya|78/100 tox|[from] item: Leftovers
|-damage|p1a: U. Betchya|72/100 tox|[from] psn
|-heal|p2a: Blissey|59/100|[from] item: Leftovers
|upkeep
|turn|82
|inactive|Big Nut Bill has 270 seconds left.
|
|t:|1729638170
|move|p1a: U. Betchya|Thunderbolt|p2a: Blissey
|-damage|p2a: Blissey|48/100
|-status|p2a: Blissey|par
|cant|p2a: Blissey|par
|
|-weather|Sandstorm|[upkeep]
|-damage|p1a: U. Betchya|66/100 tox|[from] Sandstorm
|-damage|p2a: Blissey|42/100 par|[from] Sandstorm
|-heal|p1a: U. Betchya|72/100 tox|[from] item: Leftovers
|-damage|p1a: U. Betchya|60/100 tox|[from] psn
|-heal|p2a: Blissey|48/100 par|[from] item: Leftovers
|upkeep
|turn|83
|
|t:|1729638181
|-curestatus|p2a: Blissey|par|[from] ability: Natural Cure
|switch|p2a: Swampert|Swampert, M|33/100
|move|p1a: U. Betchya|Thunderbolt|p2a: Swampert
|-immune|p2a: Swampert
|
|-weather|Sandstorm|[upkeep]
|-damage|p1a: U. Betchya|54/100 tox|[from] Sandstorm
|-heal|p1a: U. Betchya|60/100 tox|[from] item: Leftovers
|-damage|p1a: U. Betchya|42/100 tox|[from] psn
|-heal|p2a: Swampert|39/100|[from] item: Leftovers
|upkeep
|turn|84
|
|t:|1729638192
|move|p1a: U. Betchya|Soft-Boiled|p1a: U. Betchya
|-heal|p1a: U. Betchya|91/100 tox
|move|p2a: Swampert|Earthquake|p1a: U. Betchya
|-damage|p1a: U. Betchya|55/100 tox
|
|-weather|Sandstorm|[upkeep]
|-damage|p1a: U. Betchya|49/100 tox|[from] Sandstorm
|-heal|p1a: U. Betchya|55/100 tox|[from] item: Leftovers
|-damage|p1a: U. Betchya|31/100 tox|[from] psn
|-heal|p2a: Swampert|45/100|[from] item: Leftovers
|upkeep
|turn|85
|
|t:|1729638202
|move|p1a: U. Betchya|Soft-Boiled|p1a: U. Betchya
|-heal|p1a: U. Betchya|81/100 tox
|move|p2a: Swampert|Earthquake|p1a: U. Betchya
|-damage|p1a: U. Betchya|40/100 tox
|
|-weather|Sandstorm|[upkeep]
|-damage|p1a: U. Betchya|34/100 tox|[from] Sandstorm
|-heal|p1a: U. Betchya|40/100 tox|[from] item: Leftovers
|-damage|p1a: U. Betchya|9/100 tox|[from] psn
|-heal|p2a: Swampert|51/100|[from] item: Leftovers
|upkeep
|turn|86
|
|t:|1729638212
|move|p1a: U. Betchya|Soft-Boiled|p1a: U. Betchya
|-heal|p1a: U. Betchya|59/100 tox
|move|p2a: Swampert|Earthquake|p1a: U. Betchya
|-damage|p1a: U. Betchya|20/100 tox
|
|-weather|Sandstorm|[upkeep]
|-damage|p1a: U. Betchya|14/100 tox|[from] Sandstorm
|-heal|p1a: U. Betchya|20/100 tox|[from] item: Leftovers
|-damage|p1a: U. Betchya|0 fnt|[from] psn
|faint|p1a: U. Betchya
|
|win|Humorous Husband
|upkeep

</script>
<script type="application/json" class="data" id="replaydata-smogtours-gen3ou-801292">
{"id":"smogtours-gen3ou-801292","format":"[Gen 3] OU","players":["Big Nut Bill","Humorous Husband"],"uploadtime":1729638212,"views":78,"formatid":"gen3ou","rating":null,"private":0,"password":null}
</script>

<script defer src="js/replays.js?9d40a366"></script>
