<!DOCTYPE html>
<meta charset="utf-8" />
<meta name="viewport" content="width=device-width" />

<title>[Gen 3] OU: jozin457 vs. MintChocolateGuy - Replays - Pok&eacute;mon Showdown!</title>

<meta name="description" content="Watch a replay of a Pok&eacute;mon battle between jozin457 and MintChocolateGuy! Format: [Gen 3] OU; Date: Oct 18, 2024" />
<!--

Hey, you! Looking in the source for the replay log?

You can find them in JSON format, just add `.json` at the end of a replay URL.

https://replay.pokemonshowdown.com/gen7randomdoublesbattle-865046831.json

Or, if you only need the log itself, add `.log` instead:

https://replay.pokemonshowdown.com/gen7randomdoublesbattle-865046831.log

-->

<link rel="stylesheet" href="//pokemonshowdown.com/style/global.css?0.023195364461161105" />
<link rel="stylesheet" href="//play.pokemonshowdown.com/style/font-awesome.css?0.13261647063804238" />
<link rel="stylesheet" href="//play.pokemonshowdown.com/style/battle.css?0.8753245789963631" />
<link rel="stylesheet" href="//play.pokemonshowdown.com/style/utilichart.css?0.8627959624976733" />

<!-- Global site tag (gtag.js) - Google Analytics -->
<script async src="https://www.googletagmanager.com/gtag/js?id=UA-26211653-1"></script>
<script>
  window.dataLayer = window.dataLayer || [];
  function gtag(){dataLayer.push(arguments);}
  gtag('js', new Date());

  gtag('config', 'UA-26211653-1');
</script>
<!-- End Google Analytics -->
<!-- Venatus Ad Manager - Install in <HEAD> of page -->
	<script src="https://hb.vntsm.com/v3/live/ad-manager.min.js" type="text/javascript" data-site-id="642aba63ec9a7b11c3c9c1be" data-mode="scan" async></script>
<!-- / Venatus Ad Manager -->

<style>
	@media (max-width:820px) {
		.battle {
			margin: 0 auto;
		}
		.battle-log {
			margin: 7px auto 0;
			max-width: 640px;
			height: 300px;
			position: static;
		}
	}
	.optgroup {
		display: inline-block;
		line-height: 22px;
		font-size: 10pt;
	}
	.optgroup .button {
		height: 25px;
		padding-top: 0;
		padding-bottom: 0;
	}
	.optgroup button.button {
		padding-left: 12px;
		padding-right: 12px;
	}
	.linklist {
		list-style: none;
		margin: 0.5em 0;
		padding: 0;
	}
	.linklist li {
		padding: 2px 0;
	}
	.sidebar {
		float: left;
		width: 320px;
	}
	.bar-wrapper {
		max-width: 1100px;
		margin: 0 auto;
	}
	.bar-wrapper.has-sidebar {
		max-width: 1430px;
	}
	.mainbar {
		margin: 0;
		padding-right: 1px;
	}
	.mainbar.has-sidebar {
		margin-left: 330px;
	}
	@media (min-width: 1511px) {
		.sidebar {
			width: 400px;
		}
		.bar-wrapper.has-sidebar {
			max-width: 1510px;
		}
		.mainbar.has-sidebar {
			margin-left: 410px;
		}
	}
	.section.first-section {
		margin-top: 9px;
	}
	.blocklink small {
		white-space: normal;
	}
	.button {
		vertical-align: middle;
	}
	.replay-controls {
		padding-top: 10px;
	}
	.replay-controls h1 {
		font-size: 16pt;
		font-weight: normal;
		color: #CCC;
	}
	.pagelink {
		text-align: center;
	}
	.pagelink a {
		width: 150px;
	}
	.textbox, .button {
		font-size: 11pt;
		vertical-align: middle;
	}
	@media (max-width: 450px) {
		.button {
			font-size: 9pt;
		}
	}
</style>

<div>

	<header>
		<div class="nav-wrapper"><ul class="nav">
			<li><a class="button nav-first" href="//pokemonshowdown.com/"><img src="//pokemonshowdown.com/images/pokemonshowdownbeta.png" srcset="//pokemonshowdown.com/images/pokemonshowdownbeta.png 1x, //pokemonshowdown.com/images/pokemonshowdownbeta@2x.png 2x" alt="Pok&eacute;mon Showdown" width="146" height="44" /> Home</a></li>
			<li><a class="button" href="//pokemonshowdown.com/dex/">Pok&eacute;dex</a></li>
			<li><a class="button cur" href="/">Replays</a></li>
			<li><a class="button" href="//pokemonshowdown.com/ladder/">Ladder</a></li>
			<li><a class="button nav-last" href="//pokemonshowdown.com/forums/">Forum</a></li>
			<li><a class="button greenbutton nav-first nav-last" href="//play.pokemonshowdown.com/">Play</a></li>
		</ul></div>
	</header>

	<div class="main" id="main">

		<noscript><section class="section">You need to enable JavaScript to use this page; sorry!</section></noscript>

	</div>

</div>

<script defer nomodule src="//play.pokemonshowdown.com/js/lib/ps-polyfill.js"></script>
<script defer src="//play.pokemonshowdown.com/js/lib/preact.min.js"></script>

<script defer src="//play.pokemonshowdown.com/config/config.js?2bddbc15"></script>
<script defer src="//play.pokemonshowdown.com/js/lib/jquery-1.11.0.min.js"></script>
<script defer src="//play.pokemonshowdown.com/js/lib/html-sanitizer-minified.js"></script>
<script defer src="//play.pokemonshowdown.com/js/battle-sound.js"></script>
<script defer src="//play.pokemonshowdown.com/js/battledata.js?0.7209276989879541"></script>
<script defer src="//play.pokemonshowdown.com/data/pokedex-mini.js?0.6111056340867951"></script>
<script defer src="//play.pokemonshowdown.com/data/pokedex-mini-bw.js?0.3532142036491459"></script>
<script defer src="//play.pokemonshowdown.com/data/graphics.js?0.24223875632456182"></script>
<script defer src="//play.pokemonshowdown.com/data/pokedex.js?0.38839984266356864"></script>
<script defer src="//play.pokemonshowdown.com/data/moves.js?0.21866028504024015"></script>
<script defer src="//play.pokemonshowdown.com/data/abilities.js?0.2005157953846628"></script>
<script defer src="//play.pokemonshowdown.com/data/items.js?0.9894211263848525"></script>
<script defer src="//play.pokemonshowdown.com/data/teambuilder-tables.js?0.6008791140282215"></script>
<script defer src="//play.pokemonshowdown.com/js/battle-tooltips.js?0.7580118955022959"></script>
<script defer src="//play.pokemonshowdown.com/js/battle.js?0.6057722274234274"></script>

<script defer src="js/utils.js?e31f9a17"></script>
<script defer src="js/replays-battle.js?7008c182"></script>

<!-- don't scrape this data! just add .json or .log after the URL!
Full API docs: https://github.com/smogon/pokemon-showdown-client/blob/master/WEB-API.md -->
<script type="text/plain" class="log" id="replaylog-smogtours-gen3ou-799608">
|inactive|Battle timer is ON: inactive players will automatically lose when time's up.
|t:|1729276551
|gametype|singles
|player|p1|jozin457|infielder|
|player|p2|MintChocolateGuy|gambler|
|teamsize|p1|6
|teamsize|p2|6
|gen|3
|tier|[Gen 3] OU
|rule|Sleep Clause Mod: Limit one foe put to sleep
|rule|Switch Priority Clause Mod: Faster Pokémon switch first
|rule|Species Clause: Limit one of each Pokémon
|rule|OHKO Clause: OHKO moves are banned
|rule|Evasion Items Clause: Evasion items are banned
|rule|Evasion Moves Clause: Evasion moves are banned
|rule|Endless Battle Clause: Forcing endless battles is banned
|rule|HP Percentage Mod: HP is shown in percentages
|rule|One Boost Passer Clause: Limit one Baton Passer that has a way to boost its stats
|rule|Freeze Clause Mod: Limit one foe frozen
|
|t:|1729276551
|start
|switch|p1a: Snorlax|Snorlax, F|100/100
|switch|p2a: Suicune|Suicune|100/100
|turn|1
|c|☆jozin457|hf
|c|☆MintChocolateGuy|u2
|
|t:|1729276569
|switch|p2a: Forretress|Forretress, M|100/100
|move|p1a: Snorlax|Body Slam|p2a: Forretress
|-resisted|p2a: Forretress
|-damage|p2a: Forretress|78/100
|
|-heal|p2a: Forretress|84/100|[from] item: Leftovers
|upkeep
|turn|2
|
|t:|1729276586
|switch|p1a: Gengar|Gengar, M|100/100
|move|p2a: Forretress|Spikes|p1a: Gengar
|-sidestart|p1: jozin457|Spikes
|
|-heal|p2a: Forretress|90/100|[from] item: Leftovers
|upkeep
|turn|3
|
|t:|1729276594
|switch|p2a: Celebi|Celebi|100/100
|move|p1a: Gengar|Will-O-Wisp|p2a: Celebi
|-status|p2a: Celebi|brn
|
|-damage|p2a: Celebi|88/100 brn|[from] brn
|upkeep
|turn|4
|
|t:|1729276608
|switch|p1a: Snorlax|Snorlax, F|100/100
|-damage|p1a: Snorlax|88/100|[from] Spikes
|move|p2a: Celebi|Leech Seed|p1a: Snorlax|[miss]
|-miss|p2a: Celebi|p1a: Snorlax
|
|-heal|p2a: Celebi|94/100 brn|[from] item: Leftovers
|-damage|p2a: Celebi|82/100 brn|[from] brn
|upkeep
|turn|5
|
|t:|1729276620
|-singleturn|p1a: Snorlax|move: Focus Punch
|-curestatus|p2a: Celebi|brn|[from] ability: Natural Cure
|switch|p2a: Tyranitar|Tyranitar, M|100/100
|-weather|Sandstorm|[from] ability: Sand Stream|[of] p2a: Tyranitar
|move|p1a: Snorlax|Focus Punch|p2a: Tyranitar
|-supereffective|p2a: Tyranitar
|-damage|p2a: Tyranitar|0 fnt
|faint|p2a: Tyranitar
|inactive|MintChocolateGuy has 270 seconds left.
|inactive|MintChocolateGuy has 240 seconds left.
|
|t:|1729276685
|switch|p2a: Aerodactyl|Aerodactyl, M|100/100
|
|-weather|Sandstorm|[upkeep]
|-damage|p1a: Snorlax|82/100|[from] Sandstorm
|upkeep
|turn|6
|
|t:|1729276692
|switch|p1a: Flygon|Flygon, M|100/100
|move|p2a: Aerodactyl|Rock Slide|p1a: Flygon
|-resisted|p1a: Flygon
|-damage|p1a: Flygon|82/100
|
|-weather|Sandstorm|[upkeep]
|-heal|p1a: Flygon|88/100|[from] item: Leftovers
|upkeep
|turn|7
|inactive|MintChocolateGuy has 240 seconds left.
|
|t:|1729276714
|switch|p2a: Suicune|Suicune|100/100
|move|p1a: Flygon|Toxic|p2a: Suicune
|-status|p2a: Suicune|tox
|
|-weather|Sandstorm|[upkeep]
|-damage|p2a: Suicune|94/100 tox|[from] Sandstorm
|-heal|p2a: Suicune|100/100 tox|[from] item: Leftovers
|-damage|p2a: Suicune|94/100 tox|[from] psn
|-heal|p1a: Flygon|94/100|[from] item: Leftovers
|upkeep
|turn|8
|
|t:|1729276736
|move|p1a: Flygon|Protect|p1a: Flygon
|-singleturn|p1a: Flygon|Protect
|move|p2a: Suicune|Calm Mind|p2a: Suicune
|-boost|p2a: Suicune|spa|1
|-boost|p2a: Suicune|spd|1
|
|-weather|Sandstorm|[upkeep]
|-damage|p2a: Suicune|88/100 tox|[from] Sandstorm
|-heal|p2a: Suicune|94/100 tox|[from] item: Leftovers
|-damage|p2a: Suicune|82/100 tox|[from] psn
|-heal|p1a: Flygon|99/100|[from] item: Leftovers
|upkeep
|turn|9
|
|t:|1729276746
|switch|p1a: Snorlax|Snorlax, F|82/100
|-damage|p1a: Snorlax|70/100|[from] Spikes
|move|p2a: Suicune|Ice Beam|p1a: Snorlax
|-damage|p1a: Snorlax|58/100
|
|-weather|Sandstorm|[upkeep]
|-damage|p2a: Suicune|76/100 tox|[from] Sandstorm
|-damage|p1a: Snorlax|52/100|[from] Sandstorm
|-heal|p2a: Suicune|82/100 tox|[from] item: Leftovers
|-damage|p2a: Suicune|64/100 tox|[from] psn
|upkeep
|turn|10
|
|t:|1729276751
|move|p2a: Suicune|Hydro Pump|p1a: Snorlax|[miss]
|-miss|p2a: Suicune|p1a: Snorlax
|move|p1a: Snorlax|Self-Destruct|p2a: Suicune
|-damage|p2a: Suicune|0 fnt
|faint|p1a: Snorlax
|faint|p2a: Suicune
|
|t:|1729276770
|switch|p2a: Celebi|Celebi|82/100
|switch|p1a: Zapdos|Zapdos|100/100
|
|-weather|Sandstorm|[upkeep]
|-damage|p1a: Zapdos|94/100|[from] Sandstorm
|-damage|p2a: Celebi|76/100|[from] Sandstorm
|-heal|p1a: Zapdos|100/100|[from] item: Leftovers
|-heal|p2a: Celebi|82/100|[from] item: Leftovers
|upkeep
|turn|11
|
|t:|1729276776
|move|p1a: Zapdos|Drill Peck|p2a: Celebi
|-supereffective|p2a: Celebi
|-damage|p2a: Celebi|45/100
|move|p2a: Celebi|Psychic|p1a: Zapdos
|-damage|p1a: Zapdos|67/100
|
|-weather|Sandstorm|[upkeep]
|-damage|p1a: Zapdos|61/100|[from] Sandstorm
|-damage|p2a: Celebi|39/100|[from] Sandstorm
|-heal|p1a: Zapdos|67/100|[from] item: Leftovers
|-heal|p2a: Celebi|45/100|[from] item: Leftovers
|upkeep
|turn|12
|inactive|MintChocolateGuy has 270 seconds left.
|
|t:|1729276786
|move|p1a: Zapdos|Drill Peck|p2a: Celebi
|-supereffective|p2a: Celebi
|-damage|p2a: Celebi|5/100
|move|p2a: Celebi|Recover|p2a: Celebi
|-heal|p2a: Celebi|55/100
|
|-weather|Sandstorm|[upkeep]
|-damage|p1a: Zapdos|61/100|[from] Sandstorm
|-damage|p2a: Celebi|49/100|[from] Sandstorm
|-heal|p1a: Zapdos|67/100|[from] item: Leftovers
|-heal|p2a: Celebi|55/100|[from] item: Leftovers
|upkeep
|turn|13
|inactive|MintChocolateGuy has 270 seconds left.
|
|t:|1729276796
|move|p1a: Zapdos|Drill Peck|p2a: Celebi
|-supereffective|p2a: Celebi
|-damage|p2a: Celebi|17/100
|move|p2a: Celebi|Recover|p2a: Celebi
|-heal|p2a: Celebi|67/100
|
|-weather|Sandstorm|[upkeep]
|-damage|p1a: Zapdos|61/100|[from] Sandstorm
|-damage|p2a: Celebi|60/100|[from] Sandstorm
|-heal|p1a: Zapdos|67/100|[from] item: Leftovers
|-heal|p2a: Celebi|67/100|[from] item: Leftovers
|upkeep
|turn|14
|inactive|MintChocolateGuy has 270 seconds left.
|
|t:|1729276808
|switch|p2a: Aerodactyl|Aerodactyl, M|100/100
|move|p1a: Zapdos|Drill Peck|p2a: Aerodactyl
|-resisted|p2a: Aerodactyl
|-damage|p2a: Aerodactyl|77/100
|
|-weather|Sandstorm|[upkeep]
|-damage|p1a: Zapdos|61/100|[from] Sandstorm
|-heal|p1a: Zapdos|67/100|[from] item: Leftovers
|upkeep
|turn|15
|inactive|MintChocolateGuy has 270 seconds left.
|
|t:|1729276831
|switch|p1a: Skarmory|Skarmory, M|100/100
|move|p2a: Aerodactyl|Double-Edge|p1a: Skarmory
|-resisted|p1a: Skarmory
|-damage|p1a: Skarmory|80/100
|
|-weather|Sandstorm|[upkeep]
|-heal|p1a: Skarmory|86/100|[from] item: Leftovers
|upkeep
|turn|16
|
|t:|1729276841
|switch|p2a: Forretress|Forretress, M|90/100
|move|p1a: Skarmory|Spikes|p2a: Forretress
|-sidestart|p2: MintChocolateGuy|Spikes
|
|-weather|Sandstorm|[upkeep]
|-heal|p1a: Skarmory|92/100|[from] item: Leftovers
|-heal|p2a: Forretress|96/100|[from] item: Leftovers
|upkeep
|turn|17
|
|t:|1729276846
|move|p1a: Skarmory|Spikes|p2a: Forretress
|-sidestart|p2: MintChocolateGuy|Spikes
|move|p2a: Forretress|Zap Cannon|p1a: Skarmory
|-supereffective|p1a: Skarmory
|-damage|p1a: Skarmory|67/100
|-status|p1a: Skarmory|par
|
|-weather|Sandstorm|[upkeep]
|-heal|p2a: Forretress|100/100|[from] item: Leftovers
|-heal|p1a: Skarmory|73/100 par|[from] item: Leftovers
|upkeep
|turn|18
|
|t:|1729276851
|switch|p1a: Gengar|Gengar, M|100/100
|move|p2a: Forretress|Rapid Spin|p1a: Gengar
|-immune|p1a: Gengar
|
|-weather|Sandstorm|[upkeep]
|-damage|p1a: Gengar|94/100|[from] Sandstorm
|-heal|p1a: Gengar|100/100|[from] item: Leftovers
|upkeep
|turn|19
|
|t:|1729276860
|move|p1a: Gengar|Fire Punch|p2a: Forretress
|-supereffective|p2a: Forretress
|-damage|p2a: Forretress|9/100
|-status|p2a: Forretress|brn
|move|p2a: Forretress|Zap Cannon|p1a: Gengar
|-damage|p1a: Gengar|82/100
|-status|p1a: Gengar|par
|
|-weather|Sandstorm|[upkeep]
|-damage|p1a: Gengar|76/100 par|[from] Sandstorm
|-heal|p2a: Forretress|15/100 brn|[from] item: Leftovers
|-damage|p2a: Forretress|3/100 brn|[from] brn
|-heal|p1a: Gengar|82/100 par|[from] item: Leftovers
|upkeep
|turn|20
|
|t:|1729276878
|move|p2a: Forretress|Spikes|p1a: Gengar
|-sidestart|p1: jozin457|Spikes
|cant|p1a: Gengar|par
|
|-weather|Sandstorm|[upkeep]
|-damage|p1a: Gengar|76/100 par|[from] Sandstorm
|-heal|p2a: Forretress|9/100 brn|[from] item: Leftovers
|-damage|p2a: Forretress|0 fnt|[from] brn
|faint|p2a: Forretress
|-heal|p1a: Gengar|82/100 par|[from] item: Leftovers
|upkeep
|
|t:|1729276892
|switch|p2a: Celebi|Celebi|67/100
|-damage|p2a: Celebi|50/100|[from] Spikes
|turn|21
|
|t:|1729276910
|switch|p1a: Salamence|Salamence, M|100/100
|-ability|p1a: Salamence|Intimidate|boost
|-unboost|p2a: Celebi|atk|1
|move|p2a: Celebi|Recover|p2a: Celebi
|-heal|p2a: Celebi|99/100
|
|-weather|Sandstorm|[upkeep]
|-damage|p1a: Salamence|94/100|[from] Sandstorm
|-damage|p2a: Celebi|94/100|[from] Sandstorm
|-heal|p2a: Celebi|99/100|[from] item: Leftovers
|upkeep
|turn|22
|
|t:|1729276930
|move|p1a: Salamence|Dragon Dance|p1a: Salamence
|-boost|p1a: Salamence|atk|1
|-boost|p1a: Salamence|spe|1
|move|p2a: Celebi|Leech Seed|p1a: Salamence
|-start|p1a: Salamence|move: Leech Seed
|
|-weather|Sandstorm|[upkeep]
|-damage|p1a: Salamence|88/100|[from] Sandstorm
|-damage|p2a: Celebi|94/100|[from] Sandstorm
|-damage|p1a: Salamence|76/100|[from] Leech Seed|[of] p2a: Celebi
|-heal|p2a: Celebi|100/100|[silent]
|upkeep
|turn|23
|
|t:|1729276936
|move|p1a: Salamence|Hidden Power|p2a: Celebi
|-supereffective|p2a: Celebi
|-damage|p2a: Celebi|12/100
|move|p2a: Celebi|Recover|p2a: Celebi
|-heal|p2a: Celebi|62/100
|
|-weather|Sandstorm|[upkeep]
|-damage|p1a: Salamence|70/100|[from] Sandstorm
|-damage|p2a: Celebi|56/100|[from] Sandstorm
|-damage|p1a: Salamence|58/100|[from] Leech Seed|[of] p2a: Celebi
|-heal|p2a: Celebi|66/100|[silent]
|-heal|p2a: Celebi|73/100|[from] item: Leftovers
|upkeep
|turn|24
|
|t:|1729276948
|switch|p2a: Aerodactyl|Aerodactyl, M|77/100
|move|p1a: Salamence|Hidden Power|p2a: Aerodactyl
|-resisted|p2a: Aerodactyl
|-damage|p2a: Aerodactyl|24/100
|
|-weather|Sandstorm|[upkeep]
|-damage|p1a: Salamence|52/100|[from] Sandstorm
|-damage|p1a: Salamence|39/100|[from] Leech Seed|[of] p2a: Aerodactyl
|-heal|p2a: Aerodactyl|38/100|[silent]
|upkeep
|turn|25
|
|t:|1729276965
|switch|p2a: Metagross|Metagross|100/100
|-damage|p2a: Metagross|84/100|[from] Spikes
|move|p1a: Salamence|Hidden Power|p2a: Metagross
|-resisted|p2a: Metagross
|-damage|p2a: Metagross|58/100
|
|-weather|Sandstorm|[upkeep]
|-damage|p1a: Salamence|33/100|[from] Sandstorm
|-damage|p1a: Salamence|21/100|[from] Leech Seed|[of] p2a: Metagross
|-heal|p2a: Metagross|70/100|[silent]
|upkeep
|turn|26
|
|t:|1729276980
|switch|p1a: Skarmory|Skarmory, M|73/100 par
|switch|p2a: Celebi|Celebi|73/100
|-damage|p2a: Celebi|56/100|[from] Spikes
|
|-weather|Sandstorm|[upkeep]
|-damage|p2a: Celebi|50/100|[from] Sandstorm
|-heal|p2a: Celebi|56/100|[from] item: Leftovers
|-heal|p1a: Skarmory|79/100 par|[from] item: Leftovers
|upkeep
|turn|27
|
|t:|1729276988
|move|p2a: Celebi|Leech Seed|p1a: Skarmory
|-start|p1a: Skarmory|move: Leech Seed
|move|p1a: Skarmory|Roar|p2a: Celebi
|drag|p2a: Metagross|Metagross|70/100
|-damage|p2a: Metagross|53/100|[from] Spikes
|
|-weather|Sandstorm|[upkeep]
|-heal|p1a: Skarmory|85/100 par|[from] item: Leftovers
|-damage|p1a: Skarmory|72/100 par|[from] Leech Seed|[of] p2a: Metagross
|-heal|p2a: Metagross|65/100|[silent]
|upkeep
|turn|28
|
|t:|1729276998
|move|p2a: Metagross|Rock Slide|p1a: Skarmory
|-damage|p1a: Skarmory|49/100 par
|cant|p1a: Skarmory|flinch
|
|-weather|Sandstorm|[upkeep]
|-heal|p1a: Skarmory|55/100 par|[from] item: Leftovers
|-damage|p1a: Skarmory|42/100 par|[from] Leech Seed|[of] p2a: Metagross
|-heal|p2a: Metagross|77/100|[silent]
|upkeep
|turn|29
|
|t:|1729277005
|switch|p1a: Flygon|Flygon, M|99/100
|move|p2a: Metagross|Rock Slide|p1a: Flygon
|-resisted|p1a: Flygon
|-crit|p1a: Flygon
|-damage|p1a: Flygon|75/100
|
|-weather|Sandstorm|[upkeep]
|-heal|p1a: Flygon|81/100|[from] item: Leftovers
|upkeep
|turn|30
|
|t:|1729277014
|switch|p2a: Celebi|Celebi|56/100
|-damage|p2a: Celebi|39/100|[from] Spikes
|move|p1a: Flygon|Earthquake|p2a: Celebi
|-resisted|p2a: Celebi
|-damage|p2a: Celebi|28/100
|
|-weather|Sandstorm|[upkeep]
|-damage|p2a: Celebi|22/100|[from] Sandstorm
|-heal|p2a: Celebi|28/100|[from] item: Leftovers
|-heal|p1a: Flygon|87/100|[from] item: Leftovers
|upkeep
|turn|31
|
|t:|1729277019
|move|p1a: Flygon|Toxic|p2a: Celebi
|-status|p2a: Celebi|tox
|move|p2a: Celebi|Recover|p2a: Celebi
|-heal|p2a: Celebi|78/100 tox
|
|-weather|Sandstorm|[upkeep]
|-damage|p2a: Celebi|72/100 tox|[from] Sandstorm
|-heal|p1a: Flygon|93/100|[from] item: Leftovers
|-heal|p2a: Celebi|78/100 tox|[from] item: Leftovers
|-damage|p2a: Celebi|72/100 tox|[from] psn
|upkeep
|turn|32
|
|t:|1729277025
|move|p2a: Celebi|Recover|p2a: Celebi
|-heal|p2a: Celebi|100/100 tox
|move|p1a: Flygon|Rock Slide|p2a: Celebi
|-damage|p2a: Celebi|88/100 tox
|
|-weather|Sandstorm|[upkeep]
|-damage|p2a: Celebi|82/100 tox|[from] Sandstorm
|-heal|p1a: Flygon|99/100|[from] item: Leftovers
|-heal|p2a: Celebi|88/100 tox|[from] item: Leftovers
|-damage|p2a: Celebi|76/100 tox|[from] psn
|upkeep
|turn|33
|
|t:|1729277031
|move|p1a: Flygon|Protect|p1a: Flygon
|-singleturn|p1a: Flygon|Protect
|move|p2a: Celebi|Leech Seed|p1a: Flygon
|-activate|p1a: Flygon|Protect
|
|-weather|Sandstorm|[upkeep]
|-damage|p2a: Celebi|70/100 tox|[from] Sandstorm
|-heal|p2a: Celebi|76/100 tox|[from] item: Leftovers
|-heal|p1a: Flygon|100/100|[from] item: Leftovers
|-damage|p2a: Celebi|57/100 tox|[from] psn
|upkeep
|turn|34
|
|t:|1729277038
|move|p2a: Celebi|Leech Seed|p1a: Flygon
|-start|p1a: Flygon|move: Leech Seed
|move|p1a: Flygon|Rock Slide|p2a: Celebi
|-damage|p2a: Celebi|47/100 tox
|
|-weather|Sandstorm|[upkeep]
|-damage|p2a: Celebi|40/100 tox|[from] Sandstorm
|-heal|p2a: Celebi|47/100 tox|[from] item: Leftovers
|-damage|p1a: Flygon|88/100|[from] Leech Seed|[of] p2a: Celebi
|-heal|p2a: Celebi|58/100 tox|[silent]
|-damage|p2a: Celebi|33/100 tox|[from] psn
|upkeep
|turn|35
|
|t:|1729277043
|switch|p1a: Zapdos|Zapdos|67/100
|move|p2a: Celebi|Recover|p2a: Celebi
|-heal|p2a: Celebi|83/100 tox
|
|-weather|Sandstorm|[upkeep]
|-damage|p1a: Zapdos|61/100|[from] Sandstorm
|-damage|p2a: Celebi|77/100 tox|[from] Sandstorm
|-heal|p1a: Zapdos|67/100|[from] item: Leftovers
|-heal|p2a: Celebi|83/100 tox|[from] item: Leftovers
|-damage|p2a: Celebi|52/100 tox|[from] psn
|upkeep
|turn|36
|
|t:|1729277053
|move|p1a: Zapdos|Thunderbolt|p2a: Celebi
|-resisted|p2a: Celebi
|-crit|p2a: Celebi
|-damage|p2a: Celebi|14/100 tox
|move|p2a: Celebi|Leech Seed|p1a: Zapdos
|-start|p1a: Zapdos|move: Leech Seed
|
|-weather|Sandstorm|[upkeep]
|-damage|p1a: Zapdos|61/100|[from] Sandstorm
|-damage|p2a: Celebi|8/100 tox|[from] Sandstorm
|-heal|p1a: Zapdos|67/100|[from] item: Leftovers
|-damage|p1a: Zapdos|54/100|[from] Leech Seed|[of] p2a: Celebi
|-heal|p2a: Celebi|18/100 tox|[silent]
|-heal|p2a: Celebi|25/100 tox|[from] item: Leftovers
|-damage|p2a: Celebi|0 fnt|[from] psn
|faint|p2a: Celebi
|upkeep
|
|t:|1729277069
|switch|p2a: Aerodactyl|Aerodactyl, M|38/100
|turn|37
|
|t:|1729277085
|switch|p1a: Flygon|Flygon, M|88/100
|move|p2a: Aerodactyl|Hidden Power|p1a: Flygon
|-crit|p1a: Flygon
|-damage|p1a: Flygon|8/100
|
|-weather|Sandstorm|[upkeep]
|-heal|p1a: Flygon|14/100|[from] item: Leftovers
|upkeep
|turn|38
|
|t:|1729277092
|move|p1a: Flygon|Protect|p1a: Flygon
|-singleturn|p1a: Flygon|Protect
|move|p2a: Aerodactyl|Hidden Power|p1a: Flygon
|-activate|p1a: Flygon|Protect
|
|-weather|Sandstorm|[upkeep]
|-heal|p1a: Flygon|20/100|[from] item: Leftovers
|upkeep
|turn|39
|
|t:|1729277094
|move|p2a: Aerodactyl|Hidden Power|p1a: Flygon
|-damage|p1a: Flygon|0 fnt
|faint|p1a: Flygon
|
|t:|1729277103
|switch|p1a: Zapdos|Zapdos|54/100
|
|-weather|Sandstorm|[upkeep]
|-damage|p1a: Zapdos|48/100|[from] Sandstorm
|-heal|p1a: Zapdos|54/100|[from] item: Leftovers
|upkeep
|turn|40
|
|t:|1729277106
|move|p2a: Aerodactyl|Hidden Power|p1a: Zapdos
|-resisted|p1a: Zapdos
|-damage|p1a: Zapdos|24/100
|move|p1a: Zapdos|Thunderbolt|p2a: Aerodactyl
|-supereffective|p2a: Aerodactyl
|-damage|p2a: Aerodactyl|0 fnt
|faint|p2a: Aerodactyl
|
|t:|1729277111
|switch|p2a: Metagross|Metagross|77/100
|-damage|p2a: Metagross|61/100|[from] Spikes
|
|-weather|Sandstorm|[upkeep]
|-damage|p1a: Zapdos|18/100|[from] Sandstorm
|-heal|p1a: Zapdos|24/100|[from] item: Leftovers
|upkeep
|turn|41
|
|t:|1729277114
|move|p1a: Zapdos|Thunderbolt|p2a: Metagross
|-damage|p2a: Metagross|11/100
|move|p2a: Metagross|Agility|p2a: Metagross
|-boost|p2a: Metagross|spe|2
|
|-weather|Sandstorm|[upkeep]
|-damage|p1a: Zapdos|18/100|[from] Sandstorm
|-heal|p1a: Zapdos|24/100|[from] item: Leftovers
|upkeep
|turn|42
|
|t:|1729277124
|move|p2a: Metagross|Rock Slide|p1a: Zapdos
|-supereffective|p1a: Zapdos
|-damage|p1a: Zapdos|0 fnt
|faint|p1a: Zapdos
|
|t:|1729277130
|switch|p1a: Skarmory|Skarmory, M|42/100 par
|
|-weather|Sandstorm|[upkeep]
|-heal|p1a: Skarmory|48/100 par|[from] item: Leftovers
|upkeep
|turn|43
|
|t:|1729277160
|move|p2a: Metagross|Rock Slide|p1a: Skarmory
|-damage|p1a: Skarmory|25/100 par
|cant|p1a: Skarmory|par
|
|-weather|Sandstorm|[upkeep]
|-heal|p1a: Skarmory|31/100 par|[from] item: Leftovers
|upkeep
|turn|44
|
|t:|1729277165
|move|p2a: Metagross|Rock Slide|p1a: Skarmory
|-damage|p1a: Skarmory|9/100 par
|cant|p1a: Skarmory|flinch
|
|-weather|Sandstorm|[upkeep]
|-heal|p1a: Skarmory|15/100 par|[from] item: Leftovers
|upkeep
|turn|45
|
|t:|1729277169
|move|p2a: Metagross|Rock Slide|p1a: Skarmory
|-crit|p1a: Skarmory
|-damage|p1a: Skarmory|0 fnt
|faint|p1a: Skarmory
|
|t:|1729277174
|switch|p1a: Gengar|Gengar, M|82/100 par
|
|-weather|Sandstorm|[upkeep]
|-damage|p1a: Gengar|76/100 par|[from] Sandstorm
|-heal|p1a: Gengar|82/100 par|[from] item: Leftovers
|upkeep
|turn|46
|
|t:|1729277186
|move|p2a: Metagross|Meteor Mash|p1a: Gengar
|-damage|p1a: Gengar|0 fnt
|-boost|p2a: Metagross|atk|1
|faint|p1a: Gengar
|
|t:|1729277188
|switch|p1a: Salamence|Salamence, M|21/100
|-ability|p1a: Salamence|Intimidate|boost
|-fail|p2a: Metagross|unboost|[from] ability: Clear Body|[of] p2a: Metagross
|
|-weather|Sandstorm|[upkeep]
|-damage|p1a: Salamence|15/100|[from] Sandstorm
|upkeep
|turn|47
|
|t:|1729277197
|move|p2a: Metagross|Rock Slide|p1a: Salamence
|-supereffective|p1a: Salamence
|-damage|p1a: Salamence|0 fnt
|faint|p1a: Salamence
|
|win|MintChocolateGuy
|c|☆jozin457|I threw so bad
|c|☆jozin457|gg
|c|☆jozin457|/log jozin457 made the replay of this battle unlisted.
|c|☆MintChocolateGuy|holy shit you had me on the fence
|c|☆MintChocolateGuy|gg to this one and the last

</script>
<script type="application/json" class="data" id="replaydata-smogtours-gen3ou-799608">
{"id":"smogtours-gen3ou-799608","format":"[Gen 3] OU","players":["jozin457","MintChocolateGuy"],"uploadtime":1729277197,"views":71,"formatid":"gen3ou","rating":null,"private":1,"password":null}
</script>

<script defer src="js/replays.js?9d40a366"></script>
