<!DOCTYPE html>
<meta charset="utf-8" />
<meta name="viewport" content="width=device-width" />

<title>[Gen 3] OU: valiantbattlerextr vs. oopsalldeoxys - Replays - Pok&eacute;mon Showdown!</title>

<meta name="description" content="Watch a replay of a Pok&eacute;mon battle between valiantbattlerextr and oopsalldeoxys! Format: [Gen 3] OU; Date: Oct 10, 2024" />
<!--

Hey, you! Looking in the source for the replay log?

You can find them in JSON format, just add `.json` at the end of a replay URL.

https://replay.pokemonshowdown.com/gen7randomdoublesbattle-865046831.json

Or, if you only need the log itself, add `.log` instead:

https://replay.pokemonshowdown.com/gen7randomdoublesbattle-865046831.log

-->

<link rel="stylesheet" href="//pokemonshowdown.com/style/global.css?0.023195364461161105" />
<link rel="stylesheet" href="//play.pokemonshowdown.com/style/font-awesome.css?0.13261647063804238" />
<link rel="stylesheet" href="//play.pokemonshowdown.com/style/battle.css?0.8753245789963631" />
<link rel="stylesheet" href="//play.pokemonshowdown.com/style/utilichart.css?0.8627959624976733" />

<!-- Global site tag (gtag.js) - Google Analytics -->
<script async src="https://www.googletagmanager.com/gtag/js?id=UA-26211653-1"></script>
<script>
  window.dataLayer = window.dataLayer || [];
  function gtag(){dataLayer.push(arguments);}
  gtag('js', new Date());

  gtag('config', 'UA-26211653-1');
</script>
<!-- End Google Analytics -->
<!-- Venatus Ad Manager - Install in <HEAD> of page -->
	<script src="https://hb.vntsm.com/v3/live/ad-manager.min.js" type="text/javascript" data-site-id="642aba63ec9a7b11c3c9c1be" data-mode="scan" async></script>
<!-- / Venatus Ad Manager -->

<style>
	@media (max-width:820px) {
		.battle {
			margin: 0 auto;
		}
		.battle-log {
			margin: 7px auto 0;
			max-width: 640px;
			height: 300px;
			position: static;
		}
	}
	.optgroup {
		display: inline-block;
		line-height: 22px;
		font-size: 10pt;
	}
	.optgroup .button {
		height: 25px;
		padding-top: 0;
		padding-bottom: 0;
	}
	.optgroup button.button {
		padding-left: 12px;
		padding-right: 12px;
	}
	.linklist {
		list-style: none;
		margin: 0.5em 0;
		padding: 0;
	}
	.linklist li {
		padding: 2px 0;
	}
	.sidebar {
		float: left;
		width: 320px;
	}
	.bar-wrapper {
		max-width: 1100px;
		margin: 0 auto;
	}
	.bar-wrapper.has-sidebar {
		max-width: 1430px;
	}
	.mainbar {
		margin: 0;
		padding-right: 1px;
	}
	.mainbar.has-sidebar {
		margin-left: 330px;
	}
	@media (min-width: 1511px) {
		.sidebar {
			width: 400px;
		}
		.bar-wrapper.has-sidebar {
			max-width: 1510px;
		}
		.mainbar.has-sidebar {
			margin-left: 410px;
		}
	}
	.section.first-section {
		margin-top: 9px;
	}
	.blocklink small {
		white-space: normal;
	}
	.button {
		vertical-align: middle;
	}
	.replay-controls {
		padding-top: 10px;
	}
	.replay-controls h1 {
		font-size: 16pt;
		font-weight: normal;
		color: #CCC;
	}
	.pagelink {
		text-align: center;
	}
	.pagelink a {
		width: 150px;
	}
	.textbox, .button {
		font-size: 11pt;
		vertical-align: middle;
	}
	@media (max-width: 450px) {
		.button {
			font-size: 9pt;
		}
	}
</style>

<div>

	<header>
		<div class="nav-wrapper"><ul class="nav">
			<li><a class="button nav-first" href="//pokemonshowdown.com/"><img src="//pokemonshowdown.com/images/pokemonshowdownbeta.png" srcset="//pokemonshowdown.com/images/pokemonshowdownbeta.png 1x, //pokemonshowdown.com/images/pokemonshowdownbeta@2x.png 2x" alt="Pok&eacute;mon Showdown" width="146" height="44" /> Home</a></li>
			<li><a class="button" href="//pokemonshowdown.com/dex/">Pok&eacute;dex</a></li>
			<li><a class="button cur" href="/">Replays</a></li>
			<li><a class="button" href="//pokemonshowdown.com/ladder/">Ladder</a></li>
			<li><a class="button nav-last" href="//pokemonshowdown.com/forums/">Forum</a></li>
			<li><a class="button greenbutton nav-first nav-last" href="//play.pokemonshowdown.com/">Play</a></li>
		</ul></div>
	</header>

	<div class="main" id="main">

		<noscript><section class="section">You need to enable JavaScript to use this page; sorry!</section></noscript>

	</div>

</div>

<script defer nomodule src="//play.pokemonshowdown.com/js/lib/ps-polyfill.js"></script>
<script defer src="//play.pokemonshowdown.com/js/lib/preact.min.js"></script>

<script defer src="//play.pokemonshowdown.com/config/config.js?2bddbc15"></script>
<script defer src="//play.pokemonshowdown.com/js/lib/jquery-1.11.0.min.js"></script>
<script defer src="//play.pokemonshowdown.com/js/lib/html-sanitizer-minified.js"></script>
<script defer src="//play.pokemonshowdown.com/js/battle-sound.js"></script>
<script defer src="//play.pokemonshowdown.com/js/battledata.js?0.7209276989879541"></script>
<script defer src="//play.pokemonshowdown.com/data/pokedex-mini.js?0.6111056340867951"></script>
<script defer src="//play.pokemonshowdown.com/data/pokedex-mini-bw.js?0.3532142036491459"></script>
<script defer src="//play.pokemonshowdown.com/data/graphics.js?0.24223875632456182"></script>
<script defer src="//play.pokemonshowdown.com/data/pokedex.js?0.38839984266356864"></script>
<script defer src="//play.pokemonshowdown.com/data/moves.js?0.21866028504024015"></script>
<script defer src="//play.pokemonshowdown.com/data/abilities.js?0.2005157953846628"></script>
<script defer src="//play.pokemonshowdown.com/data/items.js?0.9894211263848525"></script>
<script defer src="//play.pokemonshowdown.com/data/teambuilder-tables.js?0.6008791140282215"></script>
<script defer src="//play.pokemonshowdown.com/js/battle-tooltips.js?0.7580118955022959"></script>
<script defer src="//play.pokemonshowdown.com/js/battle.js?0.6057722274234274"></script>

<script defer src="js/utils.js?e31f9a17"></script>
<script defer src="js/replays-battle.js?7008c182"></script>

<!-- don't scrape this data! just add .json or .log after the URL!
Full API docs: https://github.com/smogon/pokemon-showdown-client/blob/master/WEB-API.md -->
<script type="text/plain" class="log" id="replaylog-smogtours-gen3ou-796824">
|inactive|Battle timer is ON: inactive players will automatically lose when time's up.
|t:|1728519139
|gametype|singles
|player|p1|valiantbattlerextr|102|
|player|p2|oopsalldeoxys|169|
|teamsize|p1|6
|teamsize|p2|6
|gen|3
|tier|[Gen 3] OU
|rule|Sleep Clause Mod: Limit one foe put to sleep
|rule|Switch Priority Clause Mod: Faster Pokémon switch first
|rule|Species Clause: Limit one of each Pokémon
|rule|OHKO Clause: OHKO moves are banned
|rule|Evasion Items Clause: Evasion items are banned
|rule|Evasion Moves Clause: Evasion moves are banned
|rule|Endless Battle Clause: Forcing endless battles is banned
|rule|HP Percentage Mod: HP is shown in percentages
|rule|One Boost Passer Clause: Limit one Baton Passer that has a way to boost its stats
|rule|Freeze Clause Mod: Limit one foe frozen
|
|t:|1728519139
|start
|switch|p1a: Skarmory|Skarmory, M|100/100
|switch|p2a: Title Screen|Zapdos|100/100
|turn|1
|c|☆oopsalldeoxys|glhf
|
|t:|1728519168
|switch|p1a: Blissey|Blissey, F|100/100
|move|p2a: Title Screen|Thunderbolt|p1a: Blissey
|-damage|p1a: Blissey|82/100
|
|-heal|p1a: Blissey|88/100|[from] item: Leftovers
|upkeep
|turn|2
|c|☆valiantbattlerextr|You too 
|
|t:|1728519179
|switch|p2a: Whomp's Forretress|Forretress, F|100/100
|move|p1a: Blissey|Toxic|p2a: Whomp's Forretress
|-immune|p2a: Whomp's Forretress
|
|-heal|p1a: Blissey|94/100|[from] item: Leftovers
|upkeep
|turn|3
|
|t:|1728519187
|switch|p1a: Skarmory|Skarmory, M|100/100
|move|p2a: Whomp's Forretress|Spikes|p1a: Skarmory
|-sidestart|p1: valiantbattlerextr|Spikes
|
|upkeep
|turn|4
|
|t:|1728519192
|move|p1a: Skarmory|Spikes|p2a: Whomp's Forretress
|-sidestart|p2: oopsalldeoxys|Spikes
|move|p2a: Whomp's Forretress|Spikes|p1a: Skarmory
|-sidestart|p1: valiantbattlerextr|Spikes
|
|upkeep
|turn|5
|
|t:|1728519195
|move|p1a: Skarmory|Spikes|p2a: Whomp's Forretress
|-sidestart|p2: oopsalldeoxys|Spikes
|move|p2a: Whomp's Forretress|Spikes|p1a: Skarmory
|-sidestart|p1: valiantbattlerextr|Spikes
|
|upkeep
|turn|6
|
|t:|1728519198
|move|p1a: Skarmory|Spikes|p2a: Whomp's Forretress
|-sidestart|p2: oopsalldeoxys|Spikes
|move|p2a: Whomp's Forretress|Rapid Spin|p1a: Skarmory
|-resisted|p1a: Skarmory
|-damage|p1a: Skarmory|99/100
|-sideend|p2: oopsalldeoxys|Spikes|[from] move: Rapid Spin|[of] p2a: Whomp's Forretress
|
|-heal|p1a: Skarmory|100/100|[from] item: Leftovers
|upkeep
|turn|7
|
|t:|1728519207
|switch|p2a: Title Screen|Zapdos|100/100
|move|p1a: Skarmory|Spikes|p2a: Title Screen
|-sidestart|p2: oopsalldeoxys|Spikes
|
|upkeep
|turn|8
|
|t:|1728519215
|move|p1a: Skarmory|Protect|p1a: Skarmory
|-singleturn|p1a: Skarmory|Protect
|move|p2a: Title Screen|Roar|p1a: Skarmory
|-activate|p1a: Skarmory|Protect
|
|upkeep
|turn|9
|
|t:|1728519223
|switch|p1a: Blissey|Blissey, F|94/100
|-damage|p1a: Blissey|69/100|[from] Spikes
|move|p2a: Title Screen|Roar|p1a: Blissey
|drag|p1a: Heracross|Heracross, M|100/100
|-damage|p1a: Heracross|76/100|[from] Spikes
|
|upkeep
|turn|10
|
|t:|1728519231
|move|p1a: Heracross|Substitute|p1a: Heracross
|-start|p1a: Heracross|Substitute
|-damage|p1a: Heracross|51/100
|move|p2a: Title Screen|Roar|p1a: Heracross
|drag|p1a: Magneton|Magneton|100/100
|-damage|p1a: Magneton|76/100|[from] Spikes
|
|upkeep
|turn|11
|c|☆valiantbattlerextr|idk any of these EVs 
|
|t:|1728519244
|switch|p2a: Tiny Huge Island|Snorlax, F|100/100
|-damage|p2a: Tiny Huge Island|88/100|[from] Spikes
|move|p1a: Magneton|Thunder Wave|p2a: Tiny Huge Island
|-status|p2a: Tiny Huge Island|par
|
|-heal|p2a: Tiny Huge Island|94/100 par|[from] item: Leftovers
|upkeep
|turn|12
|
|t:|1728519256
|switch|p1a: Skarmory|Skarmory, M|100/100
|switch|p2a: Whomp's Forretress|Forretress, F|100/100
|-damage|p2a: Whomp's Forretress|88/100|[from] Spikes
|
|-heal|p2a: Whomp's Forretress|94/100|[from] item: Leftovers
|upkeep
|turn|13
|
|t:|1728519261
|switch|p1a: Starmie|Starmie|100/100
|-damage|p1a: Starmie|76/100|[from] Spikes
|move|p2a: Whomp's Forretress|Rapid Spin|p1a: Starmie
|-damage|p1a: Starmie|70/100
|-sideend|p2: oopsalldeoxys|Spikes|[from] move: Rapid Spin|[of] p2a: Whomp's Forretress
|
|-heal|p1a: Starmie|76/100|[from] item: Leftovers
|-heal|p2a: Whomp's Forretress|100/100|[from] item: Leftovers
|upkeep
|turn|14
|
|t:|1728519272
|switch|p2a: Tall Tar Mountain|Tyranitar, M|100/100
|-weather|Sandstorm|[from] ability: Sand Stream|[of] p2a: Tall Tar Mountain
|move|p1a: Starmie|Rapid Spin|p2a: Tall Tar Mountain
|-resisted|p2a: Tall Tar Mountain
|-damage|p2a: Tall Tar Mountain|99/100
|-sideend|p1: valiantbattlerextr|Spikes|[from] move: Rapid Spin|[of] p1a: Starmie
|
|-weather|Sandstorm|[upkeep]
|-damage|p1a: Starmie|70/100|[from] Sandstorm
|-heal|p1a: Starmie|76/100|[from] item: Leftovers
|upkeep
|turn|15
|
|t:|1728519282
|move|p1a: Starmie|Hydro Pump|p2a: Tall Tar Mountain
|-supereffective|p2a: Tall Tar Mountain
|-damage|p2a: Tall Tar Mountain|11/100
|move|p2a: Tall Tar Mountain|Crunch|p1a: Starmie
|-supereffective|p1a: Starmie
|-damage|p1a: Starmie|0 fnt
|faint|p1a: Starmie
|
|t:|1728519288
|switch|p1a: Heracross|Heracross, M|51/100
|
|-weather|Sandstorm|[upkeep]
|-damage|p1a: Heracross|45/100|[from] Sandstorm
|upkeep
|turn|16
|
|t:|1728519298
|move|p1a: Heracross|Megahorn|p2a: Tall Tar Mountain
|-supereffective|p2a: Tall Tar Mountain
|-damage|p2a: Tall Tar Mountain|0 fnt
|faint|p2a: Tall Tar Mountain
|
|t:|1728519301
|switch|p2a: Whomp's Forretress|Forretress, F|100/100
|
|-weather|Sandstorm|[upkeep]
|-damage|p1a: Heracross|39/100|[from] Sandstorm
|upkeep
|turn|17
|
|t:|1728519304
|move|p1a: Heracross|Rock Slide|p2a: Whomp's Forretress
|-damage|p2a: Whomp's Forretress|79/100
|move|p2a: Whomp's Forretress|Spikes|p1a: Heracross
|-sidestart|p1: valiantbattlerextr|Spikes
|
|-weather|Sandstorm|[upkeep]
|-damage|p1a: Heracross|33/100|[from] Sandstorm
|-heal|p2a: Whomp's Forretress|85/100|[from] item: Leftovers
|upkeep
|turn|18
|
|t:|1728519332
|switch|p1a: Magneton|Magneton|76/100
|-damage|p1a: Magneton|63/100|[from] Spikes
|move|p2a: Whomp's Forretress|Spikes|p1a: Magneton
|-sidestart|p1: valiantbattlerextr|Spikes
|
|-weather|Sandstorm|[upkeep]
|-heal|p2a: Whomp's Forretress|91/100|[from] item: Leftovers
|upkeep
|turn|19
|
|t:|1728519338
|move|p1a: Magneton|Hidden Power|p2a: Whomp's Forretress
|-supereffective|p2a: Whomp's Forretress
|-damage|p2a: Whomp's Forretress|0 fnt
|faint|p2a: Whomp's Forretress
|
|t:|1728519346
|switch|p2a: Tiny Huge Island|Snorlax, F|94/100 par
|
|-weather|Sandstorm|[upkeep]
|-damage|p2a: Tiny Huge Island|88/100 par|[from] Sandstorm
|-heal|p2a: Tiny Huge Island|94/100 par|[from] item: Leftovers
|upkeep
|turn|20
|
|t:|1728519350
|move|p1a: Magneton|Thunderbolt|p2a: Tiny Huge Island
|-damage|p2a: Tiny Huge Island|63/100 par
|move|p2a: Tiny Huge Island|Earthquake|p1a: Magneton
|-supereffective|p1a: Magneton
|-damage|p1a: Magneton|0 fnt
|faint|p1a: Magneton
|
|t:|1728519356
|switch|p1a: Heracross|Heracross, M|33/100
|-damage|p1a: Heracross|16/100|[from] Spikes
|
|-weather|Sandstorm|[upkeep]
|-damage|p1a: Heracross|10/100|[from] Sandstorm
|-damage|p2a: Tiny Huge Island|57/100 par|[from] Sandstorm
|-enditem|p1a: Heracross|Salac Berry|[eat]
|-boost|p1a: Heracross|spe|1|[from] item: Salac Berry
|-heal|p2a: Tiny Huge Island|63/100 par|[from] item: Leftovers
|upkeep
|turn|21
|
|t:|1728519371
|switch|p2a: Title Screen|Zapdos|100/100
|move|p1a: Heracross|Megahorn|p2a: Title Screen
|-resisted|p2a: Title Screen
|-damage|p2a: Title Screen|39/100
|
|-weather|Sandstorm|[upkeep]
|-damage|p1a: Heracross|4/100|[from] Sandstorm
|-damage|p2a: Title Screen|33/100|[from] Sandstorm
|-heal|p2a: Title Screen|39/100|[from] item: Leftovers
|upkeep
|turn|22
|
|t:|1728519376
|switch|p2a: Hazy Maze Dave|Metagross|100/100
|move|p1a: Heracross|Megahorn|p2a: Hazy Maze Dave
|-damage|p2a: Hazy Maze Dave|42/100
|
|-weather|Sandstorm|[upkeep]
|-damage|p1a: Heracross|0 fnt|[from] Sandstorm
|faint|p1a: Heracross
|-heal|p2a: Hazy Maze Dave|48/100|[from] item: Leftovers
|upkeep
|
|t:|1728519385
|switch|p1a: Skarmory|Skarmory, M|100/100
|turn|23
|
|t:|1728519396
|move|p1a: Skarmory|Toxic|p2a: Hazy Maze Dave
|-immune|p2a: Hazy Maze Dave
|move|p2a: Hazy Maze Dave|Meteor Mash|p1a: Skarmory
|-resisted|p1a: Skarmory
|-damage|p1a: Skarmory|84/100
|
|-weather|Sandstorm|[upkeep]
|-heal|p1a: Skarmory|90/100|[from] item: Leftovers
|-heal|p2a: Hazy Maze Dave|54/100|[from] item: Leftovers
|upkeep
|turn|24
|
|t:|1728519401
|move|p1a: Skarmory|Spikes|p2a: Hazy Maze Dave
|-sidestart|p2: oopsalldeoxys|Spikes
|move|p2a: Hazy Maze Dave|Meteor Mash|p1a: Skarmory|[miss]
|-miss|p2a: Hazy Maze Dave|p1a: Skarmory
|
|-weather|Sandstorm|[upkeep]
|-heal|p1a: Skarmory|96/100|[from] item: Leftovers
|-heal|p2a: Hazy Maze Dave|60/100|[from] item: Leftovers
|upkeep
|turn|25
|
|t:|1728519405
|move|p2a: Hazy Maze Dave|Meteor Mash|p1a: Skarmory
|-resisted|p1a: Skarmory
|-damage|p1a: Skarmory|79/100
|move|p1a: Skarmory|Roar|p2a: Hazy Maze Dave
|drag|p2a: Title Screen|Zapdos|39/100
|
|-weather|Sandstorm|[upkeep]
|-damage|p2a: Title Screen|33/100|[from] Sandstorm
|-heal|p2a: Title Screen|39/100|[from] item: Leftovers
|-heal|p1a: Skarmory|85/100|[from] item: Leftovers
|upkeep
|turn|26
|
|t:|1728519425
|move|p2a: Title Screen|Thunderbolt|p1a: Skarmory
|-supereffective|p1a: Skarmory
|-damage|p1a: Skarmory|0 fnt
|faint|p1a: Skarmory
|
|t:|1728519429
|switch|p1a: Snorlax|Snorlax, F|100/100
|-damage|p1a: Snorlax|84/100|[from] Spikes
|
|-weather|Sandstorm|[upkeep]
|-damage|p2a: Title Screen|33/100|[from] Sandstorm
|-damage|p1a: Snorlax|78/100|[from] Sandstorm
|-heal|p2a: Title Screen|39/100|[from] item: Leftovers
|-heal|p1a: Snorlax|84/100|[from] item: Leftovers
|upkeep
|turn|27
|
|t:|1728519435
|switch|p2a: Hazy Maze Dave|Metagross|60/100
|-damage|p2a: Hazy Maze Dave|47/100|[from] Spikes
|move|p1a: Snorlax|Body Slam|p2a: Hazy Maze Dave
|-resisted|p2a: Hazy Maze Dave
|-damage|p2a: Hazy Maze Dave|38/100
|
|-weather|Sandstorm|[upkeep]
|-damage|p1a: Snorlax|78/100|[from] Sandstorm
|-heal|p2a: Hazy Maze Dave|44/100|[from] item: Leftovers
|-heal|p1a: Snorlax|84/100|[from] item: Leftovers
|upkeep
|turn|28
|inactive|oopsalldeoxys has 270 seconds left.
|
|t:|1728519489
|switch|p1a: Blissey|Blissey, F|69/100
|-damage|p1a: Blissey|53/100|[from] Spikes
|move|p2a: Hazy Maze Dave|Meteor Mash|p1a: Blissey
|-damage|p1a: Blissey|5/100
|
|-weather|Sandstorm|[upkeep]
|-damage|p1a: Blissey|0 fnt|[from] Sandstorm
|faint|p1a: Blissey
|-heal|p2a: Hazy Maze Dave|50/100|[from] item: Leftovers
|upkeep
|
|t:|1728519500
|switch|p1a: Snorlax|Snorlax, F|84/100
|-damage|p1a: Snorlax|68/100|[from] Spikes
|turn|29
|
|t:|1728519503
|move|p2a: Hazy Maze Dave|Explosion|p1a: Snorlax
|-damage|p1a: Snorlax|0 fnt
|faint|p2a: Hazy Maze Dave
|faint|p1a: Snorlax
|
|win|oopsalldeoxys
|c|☆oopsalldeoxys|gg
|c|☆valiantbattlerextr|lol
|player|p1|
|player|p1|valiantbattlerextr|102|
|player|p1|

</script>
<script type="application/json" class="data" id="replaydata-smogtours-gen3ou-796824">
{"id":"smogtours-gen3ou-796824","format":"[Gen 3] OU","players":["valiantbattlerextr","oopsalldeoxys"],"uploadtime":1728519503,"views":87,"formatid":"gen3ou","rating":null,"private":0,"password":null}
</script>

<script defer src="js/replays.js?9d40a366"></script>
