<!DOCTYPE html>
<meta charset="utf-8" />
<meta name="viewport" content="width=device-width" />

<title>[Gen 3] OU: Dridri457 vs. Spreek - Replays - Pok&eacute;mon Showdown!</title>

<meta name="description" content="Watch a replay of a Pok&eacute;mon battle between Dridri457 and Spreek! Format: [Gen 3] OU; Date: Oct 23, 2024" />
<!--

Hey, you! Looking in the source for the replay log?

You can find them in JSON format, just add `.json` at the end of a replay URL.

https://replay.pokemonshowdown.com/gen7randomdoublesbattle-865046831.json

Or, if you only need the log itself, add `.log` instead:

https://replay.pokemonshowdown.com/gen7randomdoublesbattle-865046831.log

-->

<link rel="stylesheet" href="//pokemonshowdown.com/style/global.css?0.767286132409787" />
<link rel="stylesheet" href="//play.pokemonshowdown.com/style/font-awesome.css?0.9266228007934947" />
<link rel="stylesheet" href="//play.pokemonshowdown.com/style/battle.css?0.7924700842790926" />
<link rel="stylesheet" href="//play.pokemonshowdown.com/style/utilichart.css?0.8777417872839479" />

<!-- Global site tag (gtag.js) - Google Analytics -->
<script async src="https://www.googletagmanager.com/gtag/js?id=UA-26211653-1"></script>
<script>
  window.dataLayer = window.dataLayer || [];
  function gtag(){dataLayer.push(arguments);}
  gtag('js', new Date());

  gtag('config', 'UA-26211653-1');
</script>
<!-- End Google Analytics -->
<!-- Venatus Ad Manager - Install in <HEAD> of page -->
	<script src="https://hb.vntsm.com/v3/live/ad-manager.min.js" type="text/javascript" data-site-id="642aba63ec9a7b11c3c9c1be" data-mode="scan" async></script>
<!-- / Venatus Ad Manager -->

<style>
	@media (max-width:820px) {
		.battle {
			margin: 0 auto;
		}
		.battle-log {
			margin: 7px auto 0;
			max-width: 640px;
			height: 300px;
			position: static;
		}
	}
	.optgroup {
		display: inline-block;
		line-height: 22px;
		font-size: 10pt;
	}
	.optgroup .button {
		height: 25px;
		padding-top: 0;
		padding-bottom: 0;
	}
	.optgroup button.button {
		padding-left: 12px;
		padding-right: 12px;
	}
	.linklist {
		list-style: none;
		margin: 0.5em 0;
		padding: 0;
	}
	.linklist li {
		padding: 2px 0;
	}
	.sidebar {
		float: left;
		width: 320px;
	}
	.bar-wrapper {
		max-width: 1100px;
		margin: 0 auto;
	}
	.bar-wrapper.has-sidebar {
		max-width: 1430px;
	}
	.mainbar {
		margin: 0;
		padding-right: 1px;
	}
	.mainbar.has-sidebar {
		margin-left: 330px;
	}
	@media (min-width: 1511px) {
		.sidebar {
			width: 400px;
		}
		.bar-wrapper.has-sidebar {
			max-width: 1510px;
		}
		.mainbar.has-sidebar {
			margin-left: 410px;
		}
	}
	.section.first-section {
		margin-top: 9px;
	}
	.blocklink small {
		white-space: normal;
	}
	.button {
		vertical-align: middle;
	}
	.replay-controls {
		padding-top: 10px;
	}
	.replay-controls h1 {
		font-size: 16pt;
		font-weight: normal;
		color: #CCC;
	}
	.pagelink {
		text-align: center;
	}
	.pagelink a {
		width: 150px;
	}
	.textbox, .button {
		font-size: 11pt;
		vertical-align: middle;
	}
	@media (max-width: 450px) {
		.button {
			font-size: 9pt;
		}
	}
</style>

<div>

	<header>
		<div class="nav-wrapper"><ul class="nav">
			<li><a class="button nav-first" href="//pokemonshowdown.com/"><img src="//pokemonshowdown.com/images/pokemonshowdownbeta.png" srcset="//pokemonshowdown.com/images/pokemonshowdownbeta.png 1x, //pokemonshowdown.com/images/pokemonshowdownbeta@2x.png 2x" alt="Pok&eacute;mon Showdown" width="146" height="44" /> Home</a></li>
			<li><a class="button" href="//pokemonshowdown.com/dex/">Pok&eacute;dex</a></li>
			<li><a class="button cur" href="/">Replays</a></li>
			<li><a class="button" href="//pokemonshowdown.com/ladder/">Ladder</a></li>
			<li><a class="button nav-last" href="//pokemonshowdown.com/forums/">Forum</a></li>
			<li><a class="button greenbutton nav-first nav-last" href="//play.pokemonshowdown.com/">Play</a></li>
		</ul></div>
	</header>

	<div class="main" id="main">

		<noscript><section class="section">You need to enable JavaScript to use this page; sorry!</section></noscript>

	</div>

</div>

<script defer nomodule src="//play.pokemonshowdown.com/js/lib/ps-polyfill.js"></script>
<script defer src="//play.pokemonshowdown.com/js/lib/preact.min.js"></script>

<script defer src="//play.pokemonshowdown.com/config/config.js?6dec07f6"></script>
<script defer src="//play.pokemonshowdown.com/js/lib/jquery-1.11.0.min.js"></script>
<script defer src="//play.pokemonshowdown.com/js/lib/html-sanitizer-minified.js"></script>
<script defer src="//play.pokemonshowdown.com/js/battle-sound.js"></script>
<script defer src="//play.pokemonshowdown.com/js/battledata.js?0.6315294753075389"></script>
<script defer src="//play.pokemonshowdown.com/data/pokedex-mini.js?0.7603743185311358"></script>
<script defer src="//play.pokemonshowdown.com/data/pokedex-mini-bw.js?0.030888842834281283"></script>
<script defer src="//play.pokemonshowdown.com/data/graphics.js?0.05593094747507488"></script>
<script defer src="//play.pokemonshowdown.com/data/pokedex.js?0.47064822249611904"></script>
<script defer src="//play.pokemonshowdown.com/data/moves.js?0.8583693120512459"></script>
<script defer src="//play.pokemonshowdown.com/data/abilities.js?0.16017181182386842"></script>
<script defer src="//play.pokemonshowdown.com/data/items.js?0.4163379185673943"></script>
<script defer src="//play.pokemonshowdown.com/data/teambuilder-tables.js?0.31075597372830477"></script>
<script defer src="//play.pokemonshowdown.com/js/battle-tooltips.js?0.6536193500708172"></script>
<script defer src="//play.pokemonshowdown.com/js/battle.js?0.1916591943277901"></script>

<script defer src="js/utils.js?e31f9a17"></script>
<script defer src="js/replays-battle.js?7008c182"></script>

<!-- don't scrape this data! just add .json or .log after the URL!
Full API docs: https://github.com/smogon/pokemon-showdown-client/blob/master/WEB-API.md -->
<script type="text/plain" class="log" id="replaylog-smogtours-gen3ou-801416">
|inactive|Battle timer is ON: inactive players will automatically lose when time's up.
|t:|1729713726
|gametype|singles
|player|p1|Dridri457|#dridri457|
|player|p2|Spreek|1|
|teamsize|p1|6
|teamsize|p2|6
|gen|3
|tier|[Gen 3] OU
|rule|Sleep Clause Mod: Limit one foe put to sleep
|rule|Switch Priority Clause Mod: Faster Pokémon switch first
|rule|Species Clause: Limit one of each Pokémon
|rule|OHKO Clause: OHKO moves are banned
|rule|Evasion Items Clause: Evasion items are banned
|rule|Evasion Moves Clause: Evasion moves are banned
|rule|Endless Battle Clause: Forcing endless battles is banned
|rule|HP Percentage Mod: HP is shown in percentages
|rule|One Boost Passer Clause: Limit one Baton Passer that has a way to boost its stats
|rule|Freeze Clause Mod: Limit one foe frozen
|
|t:|1729713726
|start
|switch|p1a: Zapdos|Zapdos|100/100
|switch|p2a: Aerodactyl|Aerodactyl, F|100/100
|turn|1
|c|☆Spreek|hf
|c|☆Dridri457|hf
|inactive|Dridri457 has 270 seconds left.
|inactive|Dridri457 has 240 seconds left.
|inactive|Spreek has 270 seconds left.
|
|t:|1729713803
|switch|p2a: Cloyster|Cloyster, F|100/100
|switch|p1a: Swampert|Swampert, M|100/100
|
|upkeep
|turn|2
|
|t:|1729713826
|switch|p1a: Zapdos|Zapdos|100/100
|move|p2a: Cloyster|Spikes|p1a: Zapdos
|-sidestart|p1: Dridri457|Spikes
|
|upkeep
|turn|3
|
|t:|1729713849
|switch|p2a: Swampert|Swampert, F|100/100
|move|p1a: Zapdos|Substitute|p1a: Zapdos
|-start|p1a: Zapdos|Substitute
|-damage|p1a: Zapdos|76/100
|
|-heal|p1a: Zapdos|82/100|[from] item: Leftovers
|upkeep
|turn|4
|
|t:|1729713868
|switch|p2a: Zapdos|Zapdos|100/100
|move|p1a: Zapdos|Hidden Power|p2a: Zapdos
|-resisted|p2a: Zapdos
|-damage|p2a: Zapdos|90/100
|
|-heal|p1a: Zapdos|88/100|[from] item: Leftovers
|-heal|p2a: Zapdos|96/100|[from] item: Leftovers
|upkeep
|turn|5
|
|t:|1729713883
|move|p1a: Zapdos|Thunderbolt|p2a: Zapdos
|-damage|p2a: Zapdos|50/100
|move|p2a: Zapdos|Roar|p1a: Zapdos
|drag|p1a: Swampert|Swampert, M|100/100
|-damage|p1a: Swampert|88/100|[from] Spikes
|
|-heal|p2a: Zapdos|56/100|[from] item: Leftovers
|-heal|p1a: Swampert|94/100|[from] item: Leftovers
|upkeep
|turn|6
|
|t:|1729713897
|move|p1a: Swampert|Protect|p1a: Swampert
|-singleturn|p1a: Swampert|Protect
|move|p2a: Zapdos|Toxic|p1a: Swampert
|-activate|p1a: Swampert|Protect
|
|-heal|p2a: Zapdos|62/100|[from] item: Leftovers
|-heal|p1a: Swampert|100/100|[from] item: Leftovers
|upkeep
|turn|7
|inactive|Spreek has 270 seconds left.
|
|t:|1729713939
|switch|p2a: Swampert|Swampert, F|100/100
|switch|p1a: Blissey|Blissey, F|100/100
|-damage|p1a: Blissey|88/100|[from] Spikes
|
|-heal|p1a: Blissey|94/100|[from] item: Leftovers
|upkeep
|turn|8
|inactive|Dridri457 has 270 seconds left.
|
|t:|1729713970
|switch|p2a: Tyranitar|Tyranitar, F|100/100
|-weather|Sandstorm|[from] ability: Sand Stream|[of] p2a: Tyranitar
|switch|p1a: Zapdos|Zapdos|88/100
|
|-weather|Sandstorm|[upkeep]
|-damage|p1a: Zapdos|82/100|[from] Sandstorm
|-heal|p1a: Zapdos|88/100|[from] item: Leftovers
|upkeep
|turn|9
|inactive|Dridri457 has 270 seconds left.
|inactive|Spreek has 240 seconds left.
|
|t:|1729713998
|move|p1a: Zapdos|Baton Pass|p1a: Zapdos
|
|t:|1729714000
|switch|p1a: Dugtrio|Dugtrio, F|100/100|[from] Baton Pass
|-damage|p1a: Dugtrio|88/100|[from] Spikes
|move|p2a: Tyranitar|Rock Slide|p1a: Dugtrio
|-resisted|p1a: Dugtrio
|-damage|p1a: Dugtrio|0 fnt
|faint|p1a: Dugtrio
|
|t:|1729714025
|switch|p1a: Tyranitar|Tyranitar, M|100/100
|-damage|p1a: Tyranitar|88/100|[from] Spikes
|
|-weather|Sandstorm|[upkeep]
|-heal|p1a: Tyranitar|94/100|[from] item: Leftovers
|upkeep
|turn|10
|inactive|Spreek has 240 seconds left.
|
|t:|1729714046
|move|p1a: Tyranitar|Hidden Power|p2a: Tyranitar
|-supereffective|p2a: Tyranitar
|-damage|p2a: Tyranitar|60/100
|move|p2a: Tyranitar|Rock Slide|p1a: Tyranitar
|-damage|p1a: Tyranitar|31/100
|
|-weather|Sandstorm|[upkeep]
|-heal|p1a: Tyranitar|37/100|[from] item: Leftovers
|upkeep
|turn|11
|
|t:|1729714068
|switch|p2a: Gengar|Gengar, F|100/100
|move|p1a: Tyranitar|Brick Break|p2a: Gengar
|-immune|p2a: Gengar
|
|-weather|Sandstorm|[upkeep]
|-damage|p2a: Gengar|95/100|[from] Sandstorm
|-heal|p2a: Gengar|100/100|[from] item: Leftovers
|-heal|p1a: Tyranitar|43/100|[from] item: Leftovers
|upkeep
|turn|12
|
|t:|1729714090
|move|p2a: Gengar|Will-O-Wisp|p1a: Tyranitar
|-status|p1a: Tyranitar|brn
|move|p1a: Tyranitar|Fire Blast|p2a: Gengar
|-damage|p2a: Gengar|63/100
|
|-weather|Sandstorm|[upkeep]
|-damage|p2a: Gengar|57/100|[from] Sandstorm
|-heal|p2a: Gengar|63/100|[from] item: Leftovers
|-heal|p1a: Tyranitar|49/100 brn|[from] item: Leftovers
|-damage|p1a: Tyranitar|37/100 brn|[from] brn
|upkeep
|turn|13
|inactive|Dridri457 has 240 seconds left.
|inactive|Spreek has 210 seconds left.
|
|t:|1729714123
|move|p2a: Gengar|Thunderbolt|p1a: Tyranitar
|-crit|p1a: Tyranitar
|-damage|p1a: Tyranitar|0 fnt
|faint|p1a: Tyranitar
|inactive|Dridri457 has 240 seconds left.
|
|t:|1729714138
|switch|p1a: Zapdos|Zapdos|88/100
|
|-weather|Sandstorm|[upkeep]
|-damage|p2a: Gengar|57/100|[from] Sandstorm
|-damage|p1a: Zapdos|82/100|[from] Sandstorm
|-heal|p2a: Gengar|63/100|[from] item: Leftovers
|-heal|p1a: Zapdos|88/100|[from] item: Leftovers
|upkeep
|turn|14
|inactive|Spreek has 210 seconds left.
|inactive|Spreek has 180 seconds left.
|inactive|Spreek has 150 seconds left.
|
|t:|1729714210
|move|p2a: Gengar|Ice Punch|p1a: Zapdos
|-supereffective|p1a: Zapdos
|-damage|p1a: Zapdos|47/100
|move|p1a: Zapdos|Thunderbolt|p2a: Gengar
|-damage|p2a: Gengar|12/100
|
|-weather|Sandstorm|[upkeep]
|-damage|p2a: Gengar|6/100|[from] Sandstorm
|-damage|p1a: Zapdos|41/100|[from] Sandstorm
|-heal|p2a: Gengar|12/100|[from] item: Leftovers
|-heal|p1a: Zapdos|47/100|[from] item: Leftovers
|upkeep
|turn|15
|inactive|Dridri457 has 240 seconds left.
|inactive|Spreek has 150 seconds left.
|
|t:|1729714226
|move|p2a: Gengar|Ice Punch|p1a: Zapdos
|-supereffective|p1a: Zapdos
|-damage|p1a: Zapdos|0 fnt
|faint|p1a: Zapdos
|
|t:|1729714231
|switch|p1a: Blissey|Blissey, F|94/100
|-damage|p1a: Blissey|82/100|[from] Spikes
|
|-weather|Sandstorm|[upkeep]
|-damage|p2a: Gengar|6/100|[from] Sandstorm
|-damage|p1a: Blissey|76/100|[from] Sandstorm
|-heal|p2a: Gengar|12/100|[from] item: Leftovers
|-heal|p1a: Blissey|82/100|[from] item: Leftovers
|upkeep
|turn|16
|inactive|Spreek has 150 seconds left.
|
|t:|1729714253
|switch|p2a: Swampert|Swampert, F|100/100
|move|p1a: Blissey|Ice Beam|p2a: Swampert
|-damage|p2a: Swampert|80/100
|
|-weather|Sandstorm|[upkeep]
|-damage|p1a: Blissey|76/100|[from] Sandstorm
|-heal|p2a: Swampert|86/100|[from] item: Leftovers
|-heal|p1a: Blissey|82/100|[from] item: Leftovers
|upkeep
|turn|17
|
|t:|1729714257
|move|p2a: Swampert|Toxic|p1a: Blissey|[miss]
|-miss|p2a: Swampert|p1a: Blissey
|move|p1a: Blissey|Toxic|p2a: Swampert|[miss]
|-miss|p1a: Blissey|p2a: Swampert
|
|-weather|Sandstorm|[upkeep]
|-damage|p1a: Blissey|76/100|[from] Sandstorm
|-heal|p2a: Swampert|92/100|[from] item: Leftovers
|-heal|p1a: Blissey|82/100|[from] item: Leftovers
|upkeep
|turn|18
|
|t:|1729714261
|move|p2a: Swampert|Toxic|p1a: Blissey|[miss]
|-miss|p2a: Swampert|p1a: Blissey
|move|p1a: Blissey|Toxic|p2a: Swampert
|-status|p2a: Swampert|tox
|
|-weather|Sandstorm|[upkeep]
|-damage|p1a: Blissey|76/100|[from] Sandstorm
|-heal|p2a: Swampert|98/100 tox|[from] item: Leftovers
|-damage|p2a: Swampert|92/100 tox|[from] psn
|-heal|p1a: Blissey|82/100|[from] item: Leftovers
|upkeep
|turn|19
|inactive|Dridri457 has 270 seconds left.
|
|t:|1729714268
|move|p2a: Swampert|Refresh|p2a: Swampert
|-curestatus|p2a: Swampert|tox|[msg]
|move|p1a: Blissey|Soft-Boiled|p1a: Blissey
|-heal|p1a: Blissey|100/100
|
|-weather|Sandstorm|[upkeep]
|-damage|p1a: Blissey|94/100|[from] Sandstorm
|-heal|p2a: Swampert|98/100|[from] item: Leftovers
|-heal|p1a: Blissey|100/100|[from] item: Leftovers
|upkeep
|turn|20
|
|t:|1729714272
|move|p2a: Swampert|Toxic|p1a: Blissey
|-status|p1a: Blissey|tox
|move|p1a: Blissey|Ice Beam|p2a: Swampert
|-damage|p2a: Swampert|74/100
|
|-weather|Sandstorm|[upkeep]
|-damage|p1a: Blissey|94/100 tox|[from] Sandstorm
|-heal|p2a: Swampert|80/100|[from] item: Leftovers
|-heal|p1a: Blissey|100/100 tox|[from] item: Leftovers
|-damage|p1a: Blissey|94/100 tox|[from] psn
|upkeep
|turn|21
|
|t:|1729714279
|move|p2a: Swampert|Surf|p1a: Blissey
|-damage|p1a: Blissey|82/100 tox
|move|p1a: Blissey|Ice Beam|p2a: Swampert
|-damage|p2a: Swampert|59/100
|
|-weather|Sandstorm|[upkeep]
|-damage|p1a: Blissey|76/100 tox|[from] Sandstorm
|-heal|p2a: Swampert|65/100|[from] item: Leftovers
|-heal|p1a: Blissey|82/100 tox|[from] item: Leftovers
|-damage|p1a: Blissey|70/100 tox|[from] psn
|upkeep
|turn|22
|
|t:|1729714288
|move|p2a: Swampert|Surf|p1a: Blissey
|-damage|p1a: Blissey|59/100 tox
|move|p1a: Blissey|Ice Beam|p2a: Swampert
|-damage|p2a: Swampert|42/100
|
|-weather|Sandstorm|[upkeep]
|-damage|p1a: Blissey|53/100 tox|[from] Sandstorm
|-heal|p2a: Swampert|48/100|[from] item: Leftovers
|-heal|p1a: Blissey|59/100 tox|[from] item: Leftovers
|-damage|p1a: Blissey|40/100 tox|[from] psn
|upkeep
|turn|23
|inactive|Spreek has 210 seconds left.
|
|t:|1729714304
|switch|p2a: Cloyster|Cloyster, F|100/100
|move|p1a: Blissey|Ice Beam|p2a: Cloyster
|-resisted|p2a: Cloyster
|-damage|p2a: Cloyster|92/100
|
|-weather|Sandstorm|[upkeep]
|-damage|p2a: Cloyster|86/100|[from] Sandstorm
|-damage|p1a: Blissey|34/100 tox|[from] Sandstorm
|-heal|p2a: Cloyster|92/100|[from] item: Leftovers
|-heal|p1a: Blissey|40/100 tox|[from] item: Leftovers
|-damage|p1a: Blissey|16/100 tox|[from] psn
|upkeep
|turn|24
|
|t:|1729714315
|move|p2a: Cloyster|Surf|p1a: Blissey
|-damage|p1a: Blissey|5/100 tox
|move|p1a: Blissey|Thunderbolt|p2a: Cloyster
|-supereffective|p2a: Cloyster
|-damage|p2a: Cloyster|12/100
|
|-weather|Sandstorm|[upkeep]
|-damage|p2a: Cloyster|6/100|[from] Sandstorm
|-damage|p1a: Blissey|0 fnt|[from] Sandstorm
|faint|p1a: Blissey
|-heal|p2a: Cloyster|12/100|[from] item: Leftovers
|upkeep
|
|t:|1729714322
|switch|p1a: Charizard|Charizard, M|100/100
|turn|25
|
|t:|1729714326
|move|p1a: Charizard|Dragon Claw|p2a: Cloyster
|-damage|p2a: Cloyster|0 fnt
|faint|p2a: Cloyster
|
|t:|1729714347
|switch|p2a: Zapdos|Zapdos|62/100
|
|-weather|Sandstorm|[upkeep]
|-damage|p1a: Charizard|94/100|[from] Sandstorm
|-damage|p2a: Zapdos|56/100|[from] Sandstorm
|-heal|p1a: Charizard|100/100|[from] item: Leftovers
|-heal|p2a: Zapdos|62/100|[from] item: Leftovers
|upkeep
|turn|26
|
|t:|1729714360
|move|p1a: Charizard|Fire Blast|p2a: Zapdos
|-damage|p2a: Zapdos|5/100
|move|p2a: Zapdos|Toxic|p1a: Charizard
|-status|p1a: Charizard|tox
|
|-weather|Sandstorm|[upkeep]
|-damage|p1a: Charizard|94/100 tox|[from] Sandstorm
|-damage|p2a: Zapdos|0 fnt|[from] Sandstorm
|faint|p2a: Zapdos
|-heal|p1a: Charizard|100/100 tox|[from] item: Leftovers
|-damage|p1a: Charizard|94/100 tox|[from] psn
|upkeep
|
|t:|1729714369
|switch|p2a: Swampert|Swampert, F|48/100
|turn|27
|
|t:|1729714378
|move|p2a: Swampert|Protect|p2a: Swampert
|-singleturn|p2a: Swampert|Protect
|move|p1a: Charizard|Hidden Power|p2a: Swampert
|-activate|p2a: Swampert|Protect
|
|-weather|Sandstorm|[upkeep]
|-damage|p1a: Charizard|88/100 tox|[from] Sandstorm
|-heal|p1a: Charizard|94/100 tox|[from] item: Leftovers
|-damage|p1a: Charizard|82/100 tox|[from] psn
|-heal|p2a: Swampert|54/100|[from] item: Leftovers
|upkeep
|turn|28
|inactive|Spreek has 240 seconds left.
|
|t:|1729714392
|switch|p1a: Swampert|Swampert, M|100/100
|-damage|p1a: Swampert|88/100|[from] Spikes
|switch|p2a: Gengar|Gengar, F|12/100
|
|-weather|Sandstorm|[upkeep]
|-damage|p2a: Gengar|6/100|[from] Sandstorm
|-heal|p2a: Gengar|12/100|[from] item: Leftovers
|-heal|p1a: Swampert|94/100|[from] item: Leftovers
|upkeep
|turn|29
|inactive|Spreek has 240 seconds left.
|inactive|Spreek has 210 seconds left.
|
|t:|1729714437
|move|p2a: Gengar|Will-O-Wisp|p1a: Swampert
|-status|p1a: Swampert|brn
|move|p1a: Swampert|Ice Beam|p2a: Gengar
|-damage|p2a: Gengar|0 fnt
|faint|p2a: Gengar
|
|t:|1729714440
|switch|p2a: Swampert|Swampert, F|54/100
|
|-weather|Sandstorm|[upkeep]
|-heal|p2a: Swampert|60/100|[from] item: Leftovers
|-heal|p1a: Swampert|100/100 brn|[from] item: Leftovers
|-damage|p1a: Swampert|88/100 brn|[from] brn
|upkeep
|turn|30
|
|t:|1729714452
|move|p2a: Swampert|Surf|p1a: Swampert
|-damage|p1a: Swampert|64/100 brn
|move|p1a: Swampert|Hydro Pump|p2a: Swampert
|-crit|p2a: Swampert
|-damage|p2a: Swampert|0 fnt
|faint|p2a: Swampert
|inactive|Spreek has 210 seconds left.
|inactive|Spreek has 180 seconds left.
|
|t:|1729714492
|switch|p2a: Tyranitar|Tyranitar, F|60/100
|
|-weather|Sandstorm|[upkeep]
|-heal|p1a: Swampert|70/100 brn|[from] item: Leftovers
|-damage|p1a: Swampert|58/100 brn|[from] brn
|upkeep
|turn|31
|inactive|Spreek has 180 seconds left.
|inactive|Dridri457 has 270 seconds left.
|inactive|Spreek has 150 seconds left.
|inactive|Spreek has 120 seconds left.
|
|t:|1729714571
|move|p2a: Tyranitar|Earthquake|p1a: Swampert
|-damage|p1a: Swampert|15/100 brn
|move|p1a: Swampert|Hydro Pump|p2a: Tyranitar
|-supereffective|p2a: Tyranitar
|-damage|p2a: Tyranitar|0 fnt
|faint|p2a: Tyranitar
|
|t:|1729714575
|switch|p2a: Aerodactyl|Aerodactyl, F|100/100
|
|-weather|Sandstorm|[upkeep]
|-heal|p1a: Swampert|21/100 brn|[from] item: Leftovers
|-damage|p1a: Swampert|9/100 brn|[from] brn
|upkeep
|turn|32
|inactive|Spreek has 120 seconds left.
|
|t:|1729714599
|move|p2a: Aerodactyl|Double-Edge|p1a: Swampert
|-damage|p1a: Swampert|0 fnt
|faint|p1a: Swampert
|
|t:|1729714602
|switch|p1a: Charizard|Charizard, M|82/100 tox
|
|-weather|Sandstorm|[upkeep]
|-damage|p1a: Charizard|76/100 tox|[from] Sandstorm
|-heal|p1a: Charizard|82/100 tox|[from] item: Leftovers
|-damage|p1a: Charizard|76/100 tox|[from] psn
|upkeep
|turn|33
|
|t:|1729714605
|move|p2a: Aerodactyl|Double-Edge|p1a: Charizard
|-damage|p1a: Charizard|0 fnt
|faint|p1a: Charizard
|
|win|Spreek
|c|☆Spreek|gg
|c|☆Dridri457|gg
|player|p1|

</script>
<script type="application/json" class="data" id="replaydata-smogtours-gen3ou-801416">
{"id":"smogtours-gen3ou-801416","format":"[Gen 3] OU","players":["Dridri457","Spreek"],"uploadtime":1729714605,"views":126,"formatid":"gen3ou","rating":null,"private":0,"password":null}
</script>

<script defer src="js/replays.js?9d40a366"></script>
