<!DOCTYPE html>
<meta charset="utf-8" />
<meta name="viewport" content="width=device-width" />

<title>[Gen 3] OU: less19chara vs. EhtishamEX - Replays - Pok&eacute;mon Showdown!</title>

<meta name="description" content="Watch a replay of a Pok&eacute;mon battle between less19chara and EhtishamEX! Format: [Gen 3] OU; Date: Oct 9, 2024" />
<!--

Hey, you! Looking in the source for the replay log?

You can find them in JSON format, just add `.json` at the end of a replay URL.

https://replay.pokemonshowdown.com/gen7randomdoublesbattle-865046831.json

Or, if you only need the log itself, add `.log` instead:

https://replay.pokemonshowdown.com/gen7randomdoublesbattle-865046831.log

-->

<link rel="stylesheet" href="//pokemonshowdown.com/style/global.css?0.023195364461161105" />
<link rel="stylesheet" href="//play.pokemonshowdown.com/style/font-awesome.css?0.13261647063804238" />
<link rel="stylesheet" href="//play.pokemonshowdown.com/style/battle.css?0.8753245789963631" />
<link rel="stylesheet" href="//play.pokemonshowdown.com/style/utilichart.css?0.8627959624976733" />

<!-- Global site tag (gtag.js) - Google Analytics -->
<script async src="https://www.googletagmanager.com/gtag/js?id=UA-26211653-1"></script>
<script>
  window.dataLayer = window.dataLayer || [];
  function gtag(){dataLayer.push(arguments);}
  gtag('js', new Date());

  gtag('config', 'UA-26211653-1');
</script>
<!-- End Google Analytics -->
<!-- Venatus Ad Manager - Install in <HEAD> of page -->
	<script src="https://hb.vntsm.com/v3/live/ad-manager.min.js" type="text/javascript" data-site-id="642aba63ec9a7b11c3c9c1be" data-mode="scan" async></script>
<!-- / Venatus Ad Manager -->

<style>
	@media (max-width:820px) {
		.battle {
			margin: 0 auto;
		}
		.battle-log {
			margin: 7px auto 0;
			max-width: 640px;
			height: 300px;
			position: static;
		}
	}
	.optgroup {
		display: inline-block;
		line-height: 22px;
		font-size: 10pt;
	}
	.optgroup .button {
		height: 25px;
		padding-top: 0;
		padding-bottom: 0;
	}
	.optgroup button.button {
		padding-left: 12px;
		padding-right: 12px;
	}
	.linklist {
		list-style: none;
		margin: 0.5em 0;
		padding: 0;
	}
	.linklist li {
		padding: 2px 0;
	}
	.sidebar {
		float: left;
		width: 320px;
	}
	.bar-wrapper {
		max-width: 1100px;
		margin: 0 auto;
	}
	.bar-wrapper.has-sidebar {
		max-width: 1430px;
	}
	.mainbar {
		margin: 0;
		padding-right: 1px;
	}
	.mainbar.has-sidebar {
		margin-left: 330px;
	}
	@media (min-width: 1511px) {
		.sidebar {
			width: 400px;
		}
		.bar-wrapper.has-sidebar {
			max-width: 1510px;
		}
		.mainbar.has-sidebar {
			margin-left: 410px;
		}
	}
	.section.first-section {
		margin-top: 9px;
	}
	.blocklink small {
		white-space: normal;
	}
	.button {
		vertical-align: middle;
	}
	.replay-controls {
		padding-top: 10px;
	}
	.replay-controls h1 {
		font-size: 16pt;
		font-weight: normal;
		color: #CCC;
	}
	.pagelink {
		text-align: center;
	}
	.pagelink a {
		width: 150px;
	}
	.textbox, .button {
		font-size: 11pt;
		vertical-align: middle;
	}
	@media (max-width: 450px) {
		.button {
			font-size: 9pt;
		}
	}
</style>

<div>

	<header>
		<div class="nav-wrapper"><ul class="nav">
			<li><a class="button nav-first" href="//pokemonshowdown.com/"><img src="//pokemonshowdown.com/images/pokemonshowdownbeta.png" srcset="//pokemonshowdown.com/images/pokemonshowdownbeta.png 1x, //pokemonshowdown.com/images/pokemonshowdownbeta@2x.png 2x" alt="Pok&eacute;mon Showdown" width="146" height="44" /> Home</a></li>
			<li><a class="button" href="//pokemonshowdown.com/dex/">Pok&eacute;dex</a></li>
			<li><a class="button cur" href="/">Replays</a></li>
			<li><a class="button" href="//pokemonshowdown.com/ladder/">Ladder</a></li>
			<li><a class="button nav-last" href="//pokemonshowdown.com/forums/">Forum</a></li>
			<li><a class="button greenbutton nav-first nav-last" href="//play.pokemonshowdown.com/">Play</a></li>
		</ul></div>
	</header>

	<div class="main" id="main">

		<noscript><section class="section">You need to enable JavaScript to use this page; sorry!</section></noscript>

	</div>

</div>

<script defer nomodule src="//play.pokemonshowdown.com/js/lib/ps-polyfill.js"></script>
<script defer src="//play.pokemonshowdown.com/js/lib/preact.min.js"></script>

<script defer src="//play.pokemonshowdown.com/config/config.js?2bddbc15"></script>
<script defer src="//play.pokemonshowdown.com/js/lib/jquery-1.11.0.min.js"></script>
<script defer src="//play.pokemonshowdown.com/js/lib/html-sanitizer-minified.js"></script>
<script defer src="//play.pokemonshowdown.com/js/battle-sound.js"></script>
<script defer src="//play.pokemonshowdown.com/js/battledata.js?0.7209276989879541"></script>
<script defer src="//play.pokemonshowdown.com/data/pokedex-mini.js?0.6111056340867951"></script>
<script defer src="//play.pokemonshowdown.com/data/pokedex-mini-bw.js?0.3532142036491459"></script>
<script defer src="//play.pokemonshowdown.com/data/graphics.js?0.24223875632456182"></script>
<script defer src="//play.pokemonshowdown.com/data/pokedex.js?0.38839984266356864"></script>
<script defer src="//play.pokemonshowdown.com/data/moves.js?0.21866028504024015"></script>
<script defer src="//play.pokemonshowdown.com/data/abilities.js?0.2005157953846628"></script>
<script defer src="//play.pokemonshowdown.com/data/items.js?0.9894211263848525"></script>
<script defer src="//play.pokemonshowdown.com/data/teambuilder-tables.js?0.6008791140282215"></script>
<script defer src="//play.pokemonshowdown.com/js/battle-tooltips.js?0.7580118955022959"></script>
<script defer src="//play.pokemonshowdown.com/js/battle.js?0.6057722274234274"></script>

<script defer src="js/utils.js?e31f9a17"></script>
<script defer src="js/replays-battle.js?7008c182"></script>

<!-- don't scrape this data! just add .json or .log after the URL!
Full API docs: https://github.com/smogon/pokemon-showdown-client/blob/master/WEB-API.md -->
<script type="text/plain" class="log" id="replaylog-smogtours-gen3ou-796659">
|inactive|Battle timer is ON: inactive players will automatically lose when time's up.
|t:|1728492762
|gametype|singles
|player|p1|less19chara|policeman-gen4|
|player|p2|EhtishamEX|az|
|teamsize|p1|6
|teamsize|p2|6
|gen|3
|tier|[Gen 3] OU
|rule|Sleep Clause Mod: Limit one foe put to sleep
|rule|Switch Priority Clause Mod: Faster Pokémon switch first
|rule|Species Clause: Limit one of each Pokémon
|rule|OHKO Clause: OHKO moves are banned
|rule|Evasion Items Clause: Evasion items are banned
|rule|Evasion Moves Clause: Evasion moves are banned
|rule|Endless Battle Clause: Forcing endless battles is banned
|rule|HP Percentage Mod: HP is shown in percentages
|rule|One Boost Passer Clause: Limit one Baton Passer that has a way to boost its stats
|rule|Freeze Clause Mod: Limit one foe frozen
|
|t:|1728492762
|start
|switch|p1a: Charizard|Charizard, F|100/100
|switch|p2a: Metagross|Metagross|100/100
|turn|1
|inactive|EhtishamEX has 270 seconds left.
|
|t:|1728492818
|move|p1a: Charizard|Substitute|p1a: Charizard
|-start|p1a: Charizard|Substitute
|-damage|p1a: Charizard|76/100
|move|p2a: Metagross|Rock Slide|p1a: Charizard
|-supereffective|p1a: Charizard
|-end|p1a: Charizard|Substitute
|
|-heal|p1a: Charizard|82/100|[from] item: Leftovers
|upkeep
|turn|2
|inactive|EhtishamEX has 270 seconds left.
|
|t:|1728492870
|switch|p2a: Suicune|Suicune, shiny|100/100
|move|p1a: Charizard|Substitute|p1a: Charizard
|-start|p1a: Charizard|Substitute
|-damage|p1a: Charizard|57/100
|
|-heal|p1a: Charizard|63/100|[from] item: Leftovers
|upkeep
|turn|3
|inactive|less19chara has 270 seconds left.
|
|t:|1728492904
|switch|p1a: Blissey|Blissey, F|100/100
|move|p2a: Suicune|Surf|p1a: Blissey
|-damage|p1a: Blissey|83/100
|
|-heal|p1a: Blissey|90/100|[from] item: Leftovers
|upkeep
|turn|4
|
|t:|1728492917
|switch|p2a: Gengar|Gengar, M, shiny|100/100
|move|p1a: Blissey|Thunder Wave|p2a: Gengar
|-status|p2a: Gengar|par
|
|-heal|p1a: Blissey|96/100|[from] item: Leftovers
|upkeep
|turn|5
|
|t:|1728492929
|switch|p1a: Gengar|Gengar, F|100/100
|move|p2a: Gengar|Mean Look|p1a: Gengar
|-activate|p1a: Gengar|trapped
|
|upkeep
|turn|6
|
|t:|1728492935
|move|p1a: Gengar|Thunderbolt|p2a: Gengar
|-damage|p2a: Gengar|64/100 par
|move|p2a: Gengar|Perish Song|p2a: Gengar
|-start|p1a: Gengar|perish3|[silent]
|-start|p2a: Gengar|perish3|[silent]
|-fieldactivate|move: Perish Song
|
|-heal|p2a: Gengar|70/100 par|[from] item: Leftovers
|-start|p1a: Gengar|perish3
|-start|p2a: Gengar|perish3
|upkeep
|turn|7
|
|t:|1728492948
|move|p1a: Gengar|Thunderbolt|p2a: Gengar
|-damage|p2a: Gengar|36/100 par
|cant|p2a: Gengar|par
|
|-heal|p2a: Gengar|43/100 par|[from] item: Leftovers
|-start|p1a: Gengar|perish2
|-start|p2a: Gengar|perish2
|upkeep
|turn|8
|
|t:|1728492953
|move|p1a: Gengar|Thunderbolt|p2a: Gengar
|-damage|p2a: Gengar|10/100 par
|cant|p2a: Gengar|par
|
|-heal|p2a: Gengar|16/100 par|[from] item: Leftovers
|-start|p1a: Gengar|perish1
|-start|p2a: Gengar|perish1
|upkeep
|turn|9
|
|t:|1728492962
|switch|p2a: Fils-Aimé|Regirock, shiny|100/100
|move|p1a: Gengar|Thunderbolt|p2a: Fils-Aimé
|-damage|p2a: Fils-Aimé|77/100
|
|-heal|p2a: Fils-Aimé|83/100|[from] item: Leftovers
|-start|p1a: Gengar|perish0
|upkeep
|faint|p1a: Gengar
|
|t:|1728492969
|switch|p1a: Smeargle|Smeargle, F|100/100
|turn|10
|
|t:|1728492993
|switch|p2a: Gengar|Gengar, M, shiny|16/100 par
|move|p1a: Smeargle|Substitute|p1a: Smeargle
|-start|p1a: Smeargle|Substitute
|-damage|p1a: Smeargle|76/100
|
|-heal|p1a: Smeargle|82/100|[from] item: Leftovers
|-heal|p2a: Gengar|22/100 par|[from] item: Leftovers
|upkeep
|turn|11
|
|t:|1728492998
|move|p1a: Smeargle|Dragon Dance|p1a: Smeargle
|-boost|p1a: Smeargle|atk|1
|-boost|p1a: Smeargle|spe|1
|move|p2a: Gengar|Perish Song|p2a: Gengar
|-start|p1a: Smeargle|perish3|[silent]
|-start|p2a: Gengar|perish3|[silent]
|-fieldactivate|move: Perish Song
|
|-heal|p1a: Smeargle|88/100|[from] item: Leftovers
|-heal|p2a: Gengar|29/100 par|[from] item: Leftovers
|-start|p1a: Smeargle|perish3
|-start|p2a: Gengar|perish3
|upkeep
|turn|12
|inactive|less19chara has 270 seconds left.
|inactive|EhtishamEX has 270 seconds left.
|inactive|less19chara has 240 seconds left.
|
|t:|1728493068
|switch|p1a: Charizard|Charizard, F|63/100
|move|p2a: Gengar|Destiny Bond|p2a: Gengar
|-singlemove|p2a: Gengar|Destiny Bond
|
|-heal|p1a: Charizard|69/100|[from] item: Leftovers
|-heal|p2a: Gengar|35/100 par|[from] item: Leftovers
|-start|p2a: Gengar|perish2
|upkeep
|turn|13
|inactive|less19chara has 240 seconds left.
|inactive|EhtishamEX has 270 seconds left.
|
|t:|1728493082
|move|p1a: Charizard|Substitute|p1a: Charizard
|-start|p1a: Charizard|Substitute
|-damage|p1a: Charizard|44/100
|move|p2a: Gengar|Perish Song|p2a: Gengar
|-start|p1a: Charizard|perish3|[silent]
|-fieldactivate|move: Perish Song
|
|-heal|p1a: Charizard|50/100|[from] item: Leftovers
|-heal|p2a: Gengar|41/100 par|[from] item: Leftovers
|-start|p1a: Charizard|perish3
|-start|p2a: Gengar|perish1
|upkeep
|turn|14
|inactive|EhtishamEX has 270 seconds left.
|
|t:|1728493095
|switch|p2a: Suicune|Suicune, shiny|100/100
|move|p1a: Charizard|Fire Blast|p2a: Suicune
|-resisted|p2a: Suicune
|-damage|p2a: Suicune|80/100
|
|-heal|p1a: Charizard|56/100|[from] item: Leftovers
|-heal|p2a: Suicune|87/100|[from] item: Leftovers
|-start|p1a: Charizard|perish2
|upkeep
|turn|15
|inactive|EhtishamEX has 270 seconds left.
|inactive|EhtishamEX has 240 seconds left.
|
|t:|1728493144
|move|p1a: Charizard|Hidden Power|p2a: Suicune
|-supereffective|p2a: Suicune
|-damage|p2a: Suicune|55/100
|move|p2a: Suicune|Calm Mind|p2a: Suicune
|-boost|p2a: Suicune|spa|1
|-boost|p2a: Suicune|spd|1
|
|-heal|p1a: Charizard|62/100|[from] item: Leftovers
|-heal|p2a: Suicune|61/100|[from] item: Leftovers
|-start|p1a: Charizard|perish1
|upkeep
|turn|16
|
|t:|1728493167
|switch|p1a: Heracross|Heracross, M|100/100
|switch|p2a: Jynx|Jynx, F|100/100
|
|upkeep
|turn|17
|inactive|less19chara has 240 seconds left.
|inactive|less19chara has 210 seconds left.
|
|t:|1728493237
|move|p2a: Jynx|Substitute|p2a: Jynx
|-start|p2a: Jynx|Substitute
|-damage|p2a: Jynx|76/100
|move|p1a: Heracross|Swords Dance|p1a: Heracross
|-boost|p1a: Heracross|atk|2
|
|-heal|p2a: Jynx|82/100|[from] item: Leftovers
|upkeep
|turn|18
|
|t:|1728493243
|move|p2a: Jynx|Lovely Kiss|p1a: Heracross
|-status|p1a: Heracross|slp|[from] move: Lovely Kiss
|cant|p1a: Heracross|slp
|
|-heal|p2a: Jynx|88/100|[from] item: Leftovers
|upkeep
|turn|19
|
|t:|1728493249
|move|p2a: Jynx|Ice Beam|p1a: Heracross
|-damage|p1a: Heracross|42/100 slp
|-curestatus|p1a: Heracross|slp|[msg]
|move|p1a: Heracross|Megahorn|p2a: Jynx
|-supereffective|p2a: Jynx
|-end|p2a: Jynx|Substitute
|
|-heal|p2a: Jynx|93/100|[from] item: Leftovers
|upkeep
|turn|20
|inactive|EhtishamEX has 240 seconds left.
|
|t:|1728493262
|switch|p1a: Charizard|Charizard, F|62/100
|move|p2a: Jynx|Ice Beam|p1a: Charizard
|-damage|p1a: Charizard|3/100
|
|-heal|p1a: Charizard|9/100|[from] item: Leftovers
|-heal|p2a: Jynx|99/100|[from] item: Leftovers
|upkeep
|turn|21
|inactive|EhtishamEX has 240 seconds left.
|inactive|EhtishamEX has 210 seconds left.
|inactive|EhtishamEX has 180 seconds left.
|inactive|EhtishamEX has 150 seconds left.
|inactive|less19chara has 180 seconds left.
|inactive|EhtishamEX has 120 seconds left.
|inactive|less19chara has 150 seconds left.
|inactive|EhtishamEX has 90 seconds left.
|inactive|less19chara has 120 seconds left.
|
|t:|1728493463
|switch|p2a: Suicune|Suicune, shiny|61/100
|move|p1a: Charizard|Fire Blast|p2a: Suicune|[miss]
|-miss|p1a: Charizard|p2a: Suicune
|
|-heal|p1a: Charizard|15/100|[from] item: Leftovers
|-heal|p2a: Suicune|67/100|[from] item: Leftovers
|upkeep
|turn|22
|
|t:|1728493482
|switch|p1a: Blissey|Blissey, F|96/100
|switch|p2a: Fils-Aimé|Regirock, shiny|83/100
|
|-heal|p1a: Blissey|100/100|[from] item: Leftovers
|-heal|p2a: Fils-Aimé|89/100|[from] item: Leftovers
|upkeep
|turn|23
|
|t:|1728493494
|-singleturn|p2a: Fils-Aimé|move: Focus Punch
|move|p1a: Blissey|Thunder Wave|p2a: Fils-Aimé
|-status|p2a: Fils-Aimé|par
|move|p2a: Fils-Aimé|Focus Punch|p1a: Blissey
|-supereffective|p1a: Blissey
|-damage|p1a: Blissey|8/100
|
|-heal|p1a: Blissey|14/100|[from] item: Leftovers
|-heal|p2a: Fils-Aimé|95/100 par|[from] item: Leftovers
|upkeep
|turn|24
|
|t:|1728493509
|-singleturn|p2a: Fils-Aimé|move: Focus Punch
|move|p1a: Blissey|Seismic Toss|p2a: Fils-Aimé
|-damage|p2a: Fils-Aimé|67/100 par
|cant|p2a: Fils-Aimé|par
|
|-heal|p1a: Blissey|21/100|[from] item: Leftovers
|-heal|p2a: Fils-Aimé|73/100 par|[from] item: Leftovers
|upkeep
|turn|25
|
|t:|1728493517
|-singleturn|p2a: Fils-Aimé|move: Focus Punch
|move|p1a: Blissey|Soft-Boiled|p1a: Blissey
|-heal|p1a: Blissey|71/100
|move|p2a: Fils-Aimé|Focus Punch|p1a: Blissey
|-supereffective|p1a: Blissey
|-damage|p1a: Blissey|0 fnt
|faint|p1a: Blissey
|inactive|less19chara has 90 seconds left.
|
|t:|1728493558
|switch|p1a: Smeargle|Smeargle, F|88/100
|
|-heal|p1a: Smeargle|94/100|[from] item: Leftovers
|-heal|p2a: Fils-Aimé|79/100 par|[from] item: Leftovers
|upkeep
|turn|26
|inactive|EhtishamEX has 90 seconds left.
|
|t:|1728493574
|switch|p2a: Gengar|Gengar, M, shiny|41/100 par
|move|p1a: Smeargle|Substitute|p1a: Smeargle
|-start|p1a: Smeargle|Substitute
|-damage|p1a: Smeargle|69/100
|
|-heal|p1a: Smeargle|75/100|[from] item: Leftovers
|-heal|p2a: Gengar|47/100 par|[from] item: Leftovers
|upkeep
|turn|27
|inactive|less19chara has 90 seconds left.
|
|t:|1728493589
|switch|p1a: Heracross|Heracross, M|42/100
|move|p2a: Gengar|Perish Song|p2a: Gengar
|-start|p1a: Heracross|perish3|[silent]
|-start|p2a: Gengar|perish3|[silent]
|-fieldactivate|move: Perish Song
|
|-heal|p2a: Gengar|53/100 par|[from] item: Leftovers
|-start|p1a: Heracross|perish3
|-start|p2a: Gengar|perish3
|upkeep
|turn|28
|inactive|EhtishamEX has 90 seconds left.
|
|t:|1728493638
|switch|p1a: Tyranitar|Tyranitar, F|100/100
|-weather|Sandstorm|[from] ability: Sand Stream|[of] p1a: Tyranitar
|switch|p2a: Fils-Aimé|Regirock, shiny|79/100 par
|
|-weather|Sandstorm|[upkeep]
|-heal|p2a: Fils-Aimé|85/100 par|[from] item: Leftovers
|upkeep
|turn|29
|inactive|EhtishamEX has 60 seconds left.
|
|t:|1728493667
|switch|p1a: Heracross|Heracross, M|42/100
|move|p2a: Fils-Aimé|Explosion|p1a: Heracross
|-damage|p1a: Heracross|0 fnt
|faint|p2a: Fils-Aimé
|faint|p1a: Heracross
|
|t:|1728493685
|switch|p1a: Charizard|Charizard, F|15/100
|switch|p2a: Suicune|Suicune, shiny|67/100
|
|-weather|Sandstorm|[upkeep]
|-damage|p1a: Charizard|9/100|[from] Sandstorm
|-damage|p2a: Suicune|61/100|[from] Sandstorm
|-heal|p1a: Charizard|15/100|[from] item: Leftovers
|-heal|p2a: Suicune|67/100|[from] item: Leftovers
|upkeep
|turn|30
|
|t:|1728493699
|switch|p1a: Smeargle|Smeargle, F|75/100
|move|p2a: Suicune|Surf|p1a: Smeargle
|-damage|p1a: Smeargle|0 fnt
|faint|p1a: Smeargle
|
|t:|1728493706
|switch|p1a: Charizard|Charizard, F|15/100
|
|-weather|Sandstorm|[upkeep]
|-damage|p1a: Charizard|9/100|[from] Sandstorm
|-damage|p2a: Suicune|61/100|[from] Sandstorm
|-heal|p1a: Charizard|15/100|[from] item: Leftovers
|-heal|p2a: Suicune|67/100|[from] item: Leftovers
|upkeep
|turn|31
|
|t:|1728493710
|move|p1a: Charizard|Hidden Power|p2a: Suicune
|-supereffective|p2a: Suicune
|-damage|p2a: Suicune|35/100
|move|p2a: Suicune|Surf|p1a: Charizard
|-supereffective|p1a: Charizard
|-damage|p1a: Charizard|0 fnt
|faint|p1a: Charizard
|
|t:|1728493715
|switch|p1a: Tyranitar|Tyranitar, F|100/100
|
|-weather|Sandstorm|[upkeep]
|-damage|p2a: Suicune|29/100|[from] Sandstorm
|-heal|p2a: Suicune|35/100|[from] item: Leftovers
|upkeep
|turn|32
|
|t:|1728493724
|move|p2a: Suicune|Surf|p1a: Tyranitar
|-supereffective|p1a: Tyranitar
|-damage|p1a: Tyranitar|32/100
|move|p1a: Tyranitar|Dragon Dance|p1a: Tyranitar
|-boost|p1a: Tyranitar|atk|1
|-boost|p1a: Tyranitar|spe|1
|
|-weather|Sandstorm|[upkeep]
|-damage|p2a: Suicune|29/100|[from] Sandstorm
|-heal|p2a: Suicune|35/100|[from] item: Leftovers
|upkeep
|turn|33
|inactive|EhtishamEX has 90 seconds left.
|
|t:|1728493730
|move|p1a: Tyranitar|Rock Slide|p2a: Suicune
|-damage|p2a: Suicune|0 fnt
|faint|p2a: Suicune
|inactive|EhtishamEX has 90 seconds left.
|
|t:|1728493736
|switch|p2a: Claydol|Claydol|100/100
|
|-weather|Sandstorm|[upkeep]
|upkeep
|turn|34
|
|t:|1728493742
|move|p1a: Tyranitar|Hidden Power|p2a: Claydol
|-supereffective|p2a: Claydol
|-crit|p2a: Claydol
|-damage|p2a: Claydol|0 fnt
|faint|p2a: Claydol
|inactive|EhtishamEX has 90 seconds left.
|
|t:|1728493753
|switch|p2a: Metagross|Metagross|100/100
|
|-weather|Sandstorm|[upkeep]
|upkeep
|turn|35
|
|t:|1728493757
|move|p1a: Tyranitar|Earthquake|p2a: Metagross
|-supereffective|p2a: Metagross
|-damage|p2a: Metagross|10/100
|move|p2a: Metagross|Earthquake|p1a: Tyranitar
|-supereffective|p1a: Tyranitar
|-crit|p1a: Tyranitar
|-damage|p1a: Tyranitar|0 fnt
|faint|p1a: Tyranitar
|
|win|EhtishamEX
|c|☆less19chara|gg
|c|☆EhtishamEX|ggwp
|c|☆less19chara|im so bad lol

</script>
<script type="application/json" class="data" id="replaydata-smogtours-gen3ou-796659">
{"id":"smogtours-gen3ou-796659","format":"[Gen 3] OU","players":["less19chara","EhtishamEX"],"uploadtime":1728493757,"views":108,"formatid":"gen3ou","rating":null,"private":0,"password":null}
</script>

<script defer src="js/replays.js?9d40a366"></script>
