<!DOCTYPE html>
<meta charset="utf-8" />
<meta name="viewport" content="width=device-width" />

<title>[Gen 3] OU: ViciousCricket vs. jlev - Replays - Pok&eacute;mon Showdown!</title>

<meta name="description" content="Watch a replay of a Pok&eacute;mon battle between ViciousCricket and jlev! Format: [Gen 3] OU; Date: Oct 13, 2024" />
<!--

Hey, you! Looking in the source for the replay log?

You can find them in JSON format, just add `.json` at the end of a replay URL.

https://replay.pokemonshowdown.com/gen7randomdoublesbattle-865046831.json

Or, if you only need the log itself, add `.log` instead:

https://replay.pokemonshowdown.com/gen7randomdoublesbattle-865046831.log

-->

<link rel="stylesheet" href="//pokemonshowdown.com/style/global.css?0.023195364461161105" />
<link rel="stylesheet" href="//play.pokemonshowdown.com/style/font-awesome.css?0.13261647063804238" />
<link rel="stylesheet" href="//play.pokemonshowdown.com/style/battle.css?0.8753245789963631" />
<link rel="stylesheet" href="//play.pokemonshowdown.com/style/utilichart.css?0.8627959624976733" />

<!-- Global site tag (gtag.js) - Google Analytics -->
<script async src="https://www.googletagmanager.com/gtag/js?id=UA-26211653-1"></script>
<script>
  window.dataLayer = window.dataLayer || [];
  function gtag(){dataLayer.push(arguments);}
  gtag('js', new Date());

  gtag('config', 'UA-26211653-1');
</script>
<!-- End Google Analytics -->
<!-- Venatus Ad Manager - Install in <HEAD> of page -->
	<script src="https://hb.vntsm.com/v3/live/ad-manager.min.js" type="text/javascript" data-site-id="642aba63ec9a7b11c3c9c1be" data-mode="scan" async></script>
<!-- / Venatus Ad Manager -->

<style>
	@media (max-width:820px) {
		.battle {
			margin: 0 auto;
		}
		.battle-log {
			margin: 7px auto 0;
			max-width: 640px;
			height: 300px;
			position: static;
		}
	}
	.optgroup {
		display: inline-block;
		line-height: 22px;
		font-size: 10pt;
	}
	.optgroup .button {
		height: 25px;
		padding-top: 0;
		padding-bottom: 0;
	}
	.optgroup button.button {
		padding-left: 12px;
		padding-right: 12px;
	}
	.linklist {
		list-style: none;
		margin: 0.5em 0;
		padding: 0;
	}
	.linklist li {
		padding: 2px 0;
	}
	.sidebar {
		float: left;
		width: 320px;
	}
	.bar-wrapper {
		max-width: 1100px;
		margin: 0 auto;
	}
	.bar-wrapper.has-sidebar {
		max-width: 1430px;
	}
	.mainbar {
		margin: 0;
		padding-right: 1px;
	}
	.mainbar.has-sidebar {
		margin-left: 330px;
	}
	@media (min-width: 1511px) {
		.sidebar {
			width: 400px;
		}
		.bar-wrapper.has-sidebar {
			max-width: 1510px;
		}
		.mainbar.has-sidebar {
			margin-left: 410px;
		}
	}
	.section.first-section {
		margin-top: 9px;
	}
	.blocklink small {
		white-space: normal;
	}
	.button {
		vertical-align: middle;
	}
	.replay-controls {
		padding-top: 10px;
	}
	.replay-controls h1 {
		font-size: 16pt;
		font-weight: normal;
		color: #CCC;
	}
	.pagelink {
		text-align: center;
	}
	.pagelink a {
		width: 150px;
	}
	.textbox, .button {
		font-size: 11pt;
		vertical-align: middle;
	}
	@media (max-width: 450px) {
		.button {
			font-size: 9pt;
		}
	}
</style>

<div>

	<header>
		<div class="nav-wrapper"><ul class="nav">
			<li><a class="button nav-first" href="//pokemonshowdown.com/"><img src="//pokemonshowdown.com/images/pokemonshowdownbeta.png" srcset="//pokemonshowdown.com/images/pokemonshowdownbeta.png 1x, //pokemonshowdown.com/images/pokemonshowdownbeta@2x.png 2x" alt="Pok&eacute;mon Showdown" width="146" height="44" /> Home</a></li>
			<li><a class="button" href="//pokemonshowdown.com/dex/">Pok&eacute;dex</a></li>
			<li><a class="button cur" href="/">Replays</a></li>
			<li><a class="button" href="//pokemonshowdown.com/ladder/">Ladder</a></li>
			<li><a class="button nav-last" href="//pokemonshowdown.com/forums/">Forum</a></li>
			<li><a class="button greenbutton nav-first nav-last" href="//play.pokemonshowdown.com/">Play</a></li>
		</ul></div>
	</header>

	<div class="main" id="main">

		<noscript><section class="section">You need to enable JavaScript to use this page; sorry!</section></noscript>

	</div>

</div>

<script defer nomodule src="//play.pokemonshowdown.com/js/lib/ps-polyfill.js"></script>
<script defer src="//play.pokemonshowdown.com/js/lib/preact.min.js"></script>

<script defer src="//play.pokemonshowdown.com/config/config.js?2bddbc15"></script>
<script defer src="//play.pokemonshowdown.com/js/lib/jquery-1.11.0.min.js"></script>
<script defer src="//play.pokemonshowdown.com/js/lib/html-sanitizer-minified.js"></script>
<script defer src="//play.pokemonshowdown.com/js/battle-sound.js"></script>
<script defer src="//play.pokemonshowdown.com/js/battledata.js?0.7209276989879541"></script>
<script defer src="//play.pokemonshowdown.com/data/pokedex-mini.js?0.6111056340867951"></script>
<script defer src="//play.pokemonshowdown.com/data/pokedex-mini-bw.js?0.3532142036491459"></script>
<script defer src="//play.pokemonshowdown.com/data/graphics.js?0.24223875632456182"></script>
<script defer src="//play.pokemonshowdown.com/data/pokedex.js?0.38839984266356864"></script>
<script defer src="//play.pokemonshowdown.com/data/moves.js?0.21866028504024015"></script>
<script defer src="//play.pokemonshowdown.com/data/abilities.js?0.2005157953846628"></script>
<script defer src="//play.pokemonshowdown.com/data/items.js?0.9894211263848525"></script>
<script defer src="//play.pokemonshowdown.com/data/teambuilder-tables.js?0.6008791140282215"></script>
<script defer src="//play.pokemonshowdown.com/js/battle-tooltips.js?0.7580118955022959"></script>
<script defer src="//play.pokemonshowdown.com/js/battle.js?0.6057722274234274"></script>

<script defer src="js/utils.js?e31f9a17"></script>
<script defer src="js/replays-battle.js?7008c182"></script>

<!-- don't scrape this data! just add .json or .log after the URL!
Full API docs: https://github.com/smogon/pokemon-showdown-client/blob/master/WEB-API.md -->
<script type="text/plain" class="log" id="replaylog-smogtours-gen3ou-798251">
|inactive|Battle timer is ON: inactive players will automatically lose when time's up.
|t:|1728844105
|gametype|singles
|player|p1|ViciousCricket|266|
|player|p2|jlev|102|
|teamsize|p1|6
|teamsize|p2|6
|gen|3
|tier|[Gen 3] OU
|rule|Sleep Clause Mod: Limit one foe put to sleep
|rule|Switch Priority Clause Mod: Faster Pokémon switch first
|rule|Species Clause: Limit one of each Pokémon
|rule|OHKO Clause: OHKO moves are banned
|rule|Evasion Items Clause: Evasion items are banned
|rule|Evasion Moves Clause: Evasion moves are banned
|rule|Endless Battle Clause: Forcing endless battles is banned
|rule|HP Percentage Mod: HP is shown in percentages
|rule|One Boost Passer Clause: Limit one Baton Passer that has a way to boost its stats
|rule|Freeze Clause Mod: Limit one foe frozen
|
|t:|1728844105
|start
|switch|p1a: Medicham|Medicham, F|100/100
|switch|p2a: Forretress|Forretress, F|100/100
|turn|1
|
|t:|1728844128
|move|p1a: Medicham|Brick Break|p2a: Forretress
|-damage|p2a: Forretress|46/100
|move|p2a: Forretress|Spikes|p1a: Medicham
|-sidestart|p1: ViciousCricket|Spikes
|
|-heal|p2a: Forretress|52/100|[from] item: Leftovers
|upkeep
|turn|2
|inactive|ViciousCricket has 270 seconds left.
|
|t:|1728844160
|switch|p1a: Gardevoir|Gardevoir, F|100/100
|-damage|p1a: Gardevoir|88/100|[from] Spikes
|-ability|p1a: Gardevoir|Sturdy|[from] ability: Trace|[of] p2a: Forretress
|switch|p2a: Zapdos|Zapdos|100/100
|
|-heal|p1a: Gardevoir|94/100|[from] item: Leftovers
|upkeep
|turn|3
|inactive|jlev has 270 seconds left.
|
|t:|1728844188
|move|p1a: Gardevoir|Hypnosis|p2a: Zapdos|[miss]
|-miss|p1a: Gardevoir|p2a: Zapdos
|move|p2a: Zapdos|Thunderbolt|p1a: Gardevoir
|-damage|p1a: Gardevoir|60/100
|
|-heal|p1a: Gardevoir|66/100|[from] item: Leftovers
|upkeep
|turn|4
|inactive|jlev has 270 seconds left.
|
|t:|1728844219
|switch|p2a: Blissey|Blissey, F|100/100
|move|p1a: Gardevoir|Hypnosis|p2a: Blissey
|-status|p2a: Blissey|slp|[from] move: Hypnosis
|
|-heal|p1a: Gardevoir|72/100|[from] item: Leftovers
|upkeep
|turn|5
|
|t:|1728844227
|-curestatus|p2a: Blissey|slp|[from] ability: Natural Cure
|switch|p2a: Tyranitar|Tyranitar, M|100/100
|-weather|Sandstorm|[from] ability: Sand Stream|[of] p2a: Tyranitar
|move|p1a: Gardevoir|Reflect|p1a: Gardevoir
|-sidestart|p1: ViciousCricket|Reflect
|
|-weather|Sandstorm|[upkeep]
|-damage|p1a: Gardevoir|66/100|[from] Sandstorm
|-heal|p1a: Gardevoir|72/100|[from] item: Leftovers
|upkeep
|turn|6
|inactive|jlev has 240 seconds left.
|
|t:|1728844267
|move|p1a: Gardevoir|Hypnosis|p2a: Tyranitar
|-status|p2a: Tyranitar|slp|[from] move: Hypnosis
|cant|p2a: Tyranitar|slp
|
|-weather|Sandstorm|[upkeep]
|-damage|p1a: Gardevoir|66/100|[from] Sandstorm
|-heal|p1a: Gardevoir|72/100|[from] item: Leftovers
|upkeep
|turn|7
|
|t:|1728844279
|switch|p1a: Metagross|Metagross|100/100
|-damage|p1a: Metagross|88/100|[from] Spikes
|switch|p2a: Zapdos|Zapdos|100/100
|
|-weather|Sandstorm|[upkeep]
|-damage|p2a: Zapdos|94/100|[from] Sandstorm
|-heal|p2a: Zapdos|100/100|[from] item: Leftovers
|upkeep
|turn|8
|inactive|jlev has 210 seconds left.
|
|t:|1728844310
|move|p1a: Metagross|Meteor Mash|p2a: Zapdos|[miss]
|-miss|p1a: Metagross|p2a: Zapdos
|move|p2a: Zapdos|Thunderbolt|p1a: Metagross
|-damage|p1a: Metagross|40/100
|
|-weather|Sandstorm|[upkeep]
|-damage|p2a: Zapdos|94/100|[from] Sandstorm
|-heal|p2a: Zapdos|100/100|[from] item: Leftovers
|upkeep
|turn|9
|inactive|jlev has 210 seconds left.
|
|t:|1728844335
|switch|p2a: Tyranitar|Tyranitar, M|100/100 slp
|move|p1a: Metagross|Explosion|p2a: Tyranitar
|-resisted|p2a: Tyranitar
|-damage|p2a: Tyranitar|36/100 slp
|faint|p1a: Metagross
|
|t:|1728844360
|switch|p1a: Heracross|Heracross, F|100/100
|-damage|p1a: Heracross|88/100|[from] Spikes
|
|-sideend|p1: ViciousCricket|Reflect
|-weather|Sandstorm|[upkeep]
|-damage|p1a: Heracross|82/100|[from] Sandstorm
|-heal|p1a: Heracross|88/100|[from] item: Leftovers
|-heal|p2a: Tyranitar|42/100 slp|[from] item: Leftovers
|upkeep
|turn|10
|inactive|ViciousCricket has 270 seconds left.
|inactive|jlev has 180 seconds left.
|
|t:|1728844394
|switch|p2a: Zapdos|Zapdos|100/100
|move|p1a: Heracross|Brick Break|p2a: Zapdos
|-resisted|p2a: Zapdos
|-damage|p2a: Zapdos|82/100
|
|-weather|Sandstorm|[upkeep]
|-damage|p1a: Heracross|82/100|[from] Sandstorm
|-damage|p2a: Zapdos|76/100|[from] Sandstorm
|-heal|p1a: Heracross|88/100|[from] item: Leftovers
|-heal|p2a: Zapdos|82/100|[from] item: Leftovers
|upkeep
|turn|11
|inactive|jlev has 180 seconds left.
|
|t:|1728844415
|move|p1a: Heracross|Rock Slide|p2a: Zapdos
|-supereffective|p2a: Zapdos
|-damage|p2a: Zapdos|34/100
|move|p2a: Zapdos|Thunderbolt|p1a: Heracross
|-damage|p1a: Heracross|44/100
|
|-weather|Sandstorm|[upkeep]
|-damage|p1a: Heracross|38/100|[from] Sandstorm
|-damage|p2a: Zapdos|27/100|[from] Sandstorm
|-heal|p1a: Heracross|44/100|[from] item: Leftovers
|-heal|p2a: Zapdos|34/100|[from] item: Leftovers
|upkeep
|turn|12
|
|t:|1728844436
|switch|p2a: Tyranitar|Tyranitar, M|42/100 slp
|move|p1a: Heracross|Megahorn|p2a: Tyranitar
|-supereffective|p2a: Tyranitar
|-damage|p2a: Tyranitar|0 fnt
|faint|p2a: Tyranitar
|
|t:|1728844445
|switch|p2a: Aerodactyl|Aerodactyl, F|100/100
|
|-weather|Sandstorm|[upkeep]
|-damage|p1a: Heracross|38/100|[from] Sandstorm
|-heal|p1a: Heracross|44/100|[from] item: Leftovers
|upkeep
|turn|13
|
|t:|1728844459
|move|p2a: Aerodactyl|Double-Edge|p1a: Heracross
|-damage|p1a: Heracross|0 fnt
|faint|p1a: Heracross
|
|t:|1728844481
|switch|p1a: Snorlax|Snorlax, F|100/100
|-damage|p1a: Snorlax|88/100|[from] Spikes
|
|-weather|Sandstorm|[upkeep]
|-damage|p1a: Snorlax|82/100|[from] Sandstorm
|-heal|p1a: Snorlax|88/100|[from] item: Leftovers
|upkeep
|turn|14
|
|t:|1728844489
|switch|p2a: Forretress|Forretress, F|52/100
|move|p1a: Snorlax|Counter|p2a: Forretress
|
|-weather|Sandstorm|[upkeep]
|-damage|p1a: Snorlax|82/100|[from] Sandstorm
|-heal|p2a: Forretress|58/100|[from] item: Leftovers
|-heal|p1a: Snorlax|88/100|[from] item: Leftovers
|upkeep
|turn|15
|
|t:|1728844499
|-singleturn|p1a: Snorlax|move: Focus Punch
|move|p2a: Forretress|Spikes|p1a: Snorlax
|-sidestart|p1: ViciousCricket|Spikes
|move|p1a: Snorlax|Focus Punch|p2a: Forretress
|-damage|p2a: Forretress|24/100
|
|-weather|Sandstorm|[upkeep]
|-damage|p1a: Snorlax|82/100|[from] Sandstorm
|-heal|p2a: Forretress|30/100|[from] item: Leftovers
|-heal|p1a: Snorlax|88/100|[from] item: Leftovers
|upkeep
|turn|16
|inactive|jlev has 180 seconds left.
|
|t:|1728844514
|switch|p1a: Medicham|Medicham, F|100/100
|-damage|p1a: Medicham|84/100|[from] Spikes
|move|p2a: Forretress|Hidden Power|p1a: Medicham
|-damage|p1a: Medicham|45/100
|
|-weather|Sandstorm|[upkeep]
|-damage|p1a: Medicham|39/100|[from] Sandstorm
|-heal|p2a: Forretress|36/100|[from] item: Leftovers
|upkeep
|turn|17
|inactive|jlev has 180 seconds left.
|
|t:|1728844531
|move|p1a: Medicham|Brick Break|p2a: Forretress
|-damage|p2a: Forretress|0 fnt
|faint|p2a: Forretress
|
|t:|1728844536
|switch|p2a: Aerodactyl|Aerodactyl, F|100/100
|
|-weather|Sandstorm|[upkeep]
|-damage|p1a: Medicham|33/100|[from] Sandstorm
|upkeep
|turn|18
|
|t:|1728844541
|move|p2a: Aerodactyl|Double-Edge|p1a: Medicham
|-damage|p1a: Medicham|0 fnt
|faint|p1a: Medicham
|
|t:|1728844544
|switch|p1a: Snorlax|Snorlax, F|88/100
|-damage|p1a: Snorlax|71/100|[from] Spikes
|
|-weather|Sandstorm|[upkeep]
|-damage|p1a: Snorlax|65/100|[from] Sandstorm
|-heal|p1a: Snorlax|71/100|[from] item: Leftovers
|upkeep
|turn|19
|
|t:|1728844557
|move|p2a: Aerodactyl|Double-Edge|p1a: Snorlax
|-damage|p1a: Snorlax|29/100
|move|p1a: Snorlax|Counter|p2a: Aerodactyl
|-damage|p2a: Aerodactyl|0 fnt
|faint|p2a: Aerodactyl
|
|t:|1728844564
|switch|p2a: Zapdos|Zapdos|34/100
|
|-weather|Sandstorm|[upkeep]
|-damage|p2a: Zapdos|27/100|[from] Sandstorm
|-damage|p1a: Snorlax|23/100|[from] Sandstorm
|-heal|p2a: Zapdos|34/100|[from] item: Leftovers
|-heal|p1a: Snorlax|29/100|[from] item: Leftovers
|upkeep
|turn|20
|
|t:|1728844569
|move|p2a: Zapdos|Thunderbolt|p1a: Snorlax
|-damage|p1a: Snorlax|6/100
|move|p1a: Snorlax|Self-Destruct|p2a: Zapdos
|-damage|p2a: Zapdos|0 fnt
|faint|p1a: Snorlax
|faint|p2a: Zapdos
|inactive|jlev has 180 seconds left.
|
|t:|1728844597
|switch|p2a: Blissey|Blissey, F|100/100
|switch|p1a: Gardevoir|Gardevoir, F|72/100
|-damage|p1a: Gardevoir|56/100|[from] Spikes
|-ability|p1a: Gardevoir|Natural Cure|[from] ability: Trace|[of] p2a: Blissey
|
|-weather|Sandstorm|[upkeep]
|-damage|p1a: Gardevoir|50/100|[from] Sandstorm
|-damage|p2a: Blissey|94/100|[from] Sandstorm
|-heal|p1a: Gardevoir|56/100|[from] item: Leftovers
|-heal|p2a: Blissey|100/100|[from] item: Leftovers
|upkeep
|turn|21
|inactive|jlev has 180 seconds left.
|
|t:|1728844611
|move|p1a: Gardevoir|Hypnosis|p2a: Blissey
|-status|p2a: Blissey|slp|[from] move: Hypnosis
|cant|p2a: Blissey|slp
|
|-weather|Sandstorm|[upkeep]
|-damage|p1a: Gardevoir|50/100|[from] Sandstorm
|-damage|p2a: Blissey|94/100 slp|[from] Sandstorm
|-heal|p1a: Gardevoir|56/100|[from] item: Leftovers
|-heal|p2a: Blissey|100/100 slp|[from] item: Leftovers
|upkeep
|turn|22
|inactive|jlev has 180 seconds left.
|
|t:|1728844622
|move|p1a: Gardevoir|Safeguard|p1a: Gardevoir
|-sidestart|p1: ViciousCricket|Safeguard
|cant|p2a: Blissey|slp
|
|-weather|Sandstorm|[upkeep]
|-damage|p1a: Gardevoir|50/100|[from] Sandstorm
|-damage|p2a: Blissey|94/100 slp|[from] Sandstorm
|-heal|p1a: Gardevoir|56/100|[from] item: Leftovers
|-heal|p2a: Blissey|100/100 slp|[from] item: Leftovers
|upkeep
|turn|23
|
|t:|1728844630
|move|p1a: Gardevoir|Memento|p2a: Blissey
|-unboost|p2a: Blissey|atk|2
|-unboost|p2a: Blissey|spa|2
|faint|p1a: Gardevoir
|
|t:|1728844632
|switch|p1a: Linoone|Linoone, F|100/100
|-damage|p1a: Linoone|84/100|[from] Spikes
|
|-weather|Sandstorm|[upkeep]
|-damage|p1a: Linoone|78/100|[from] Sandstorm
|-damage|p2a: Blissey|94/100 slp|[from] Sandstorm
|-heal|p1a: Linoone|84/100|[from] item: Leftovers
|-heal|p2a: Blissey|100/100 slp|[from] item: Leftovers
|upkeep
|turn|24
|
|t:|1728844641
|move|p1a: Linoone|Belly Drum|p1a: Linoone
|-damage|p1a: Linoone|34/100
|-setboost|p1a: Linoone|atk|6|[from] move: Belly Drum
|-curestatus|p2a: Blissey|slp|[msg]
|move|p2a: Blissey|Thunderbolt|p1a: Linoone
|-damage|p1a: Linoone|14/100
|
|-weather|Sandstorm|[upkeep]
|-damage|p1a: Linoone|8/100|[from] Sandstorm
|-damage|p2a: Blissey|94/100|[from] Sandstorm
|-heal|p1a: Linoone|14/100|[from] item: Leftovers
|-heal|p2a: Blissey|100/100|[from] item: Leftovers
|upkeep
|turn|25
|
|t:|1728844653
|move|p1a: Linoone|Extreme Speed|p2a: Blissey
|-damage|p2a: Blissey|0 fnt
|faint|p2a: Blissey
|
|t:|1728844655
|switch|p2a: Swampert|Swampert, M|100/100
|
|-weather|Sandstorm|[upkeep]
|-damage|p1a: Linoone|8/100|[from] Sandstorm
|-heal|p1a: Linoone|14/100|[from] item: Leftovers
|upkeep
|turn|26
|
|t:|1728844661
|move|p1a: Linoone|Extreme Speed|p2a: Swampert
|-damage|p2a: Swampert|21/100
|move|p2a: Swampert|Surf|p1a: Linoone
|-damage|p1a: Linoone|0 fnt
|faint|p1a: Linoone
|
|win|jlev
|c|☆jlev|gg
|c|☆ViciousCricket|damn
|c|☆ViciousCricket|gg
|c|☆jlev|close one
|c|☆ViciousCricket|ye
|player|p1|
|player|p2|

</script>
<script type="application/json" class="data" id="replaydata-smogtours-gen3ou-798251">
{"id":"smogtours-gen3ou-798251","format":"[Gen 3] OU","players":["ViciousCricket","jlev"],"uploadtime":1728844661,"views":111,"formatid":"gen3ou","rating":null,"private":0,"password":null}
</script>

<script defer src="js/replays.js?9d40a366"></script>
