<!DOCTYPE html>
<meta charset="utf-8" />
<meta name="viewport" content="width=device-width" />

<title>[Gen 3] OU: RenegadeVictini vs. duckstroyer - Replays - Pok&eacute;mon Showdown!</title>

<meta name="description" content="Watch a replay of a Pok&eacute;mon battle between RenegadeVictini and duckstroyer! Format: [Gen 3] OU; Date: Oct 10, 2024" />
<!--

Hey, you! Looking in the source for the replay log?

You can find them in JSON format, just add `.json` at the end of a replay URL.

https://replay.pokemonshowdown.com/gen7randomdoublesbattle-865046831.json

Or, if you only need the log itself, add `.log` instead:

https://replay.pokemonshowdown.com/gen7randomdoublesbattle-865046831.log

-->

<link rel="stylesheet" href="//pokemonshowdown.com/style/global.css?0.023195364461161105" />
<link rel="stylesheet" href="//play.pokemonshowdown.com/style/font-awesome.css?0.13261647063804238" />
<link rel="stylesheet" href="//play.pokemonshowdown.com/style/battle.css?0.8753245789963631" />
<link rel="stylesheet" href="//play.pokemonshowdown.com/style/utilichart.css?0.8627959624976733" />

<!-- Global site tag (gtag.js) - Google Analytics -->
<script async src="https://www.googletagmanager.com/gtag/js?id=UA-26211653-1"></script>
<script>
  window.dataLayer = window.dataLayer || [];
  function gtag(){dataLayer.push(arguments);}
  gtag('js', new Date());

  gtag('config', 'UA-26211653-1');
</script>
<!-- End Google Analytics -->
<!-- Venatus Ad Manager - Install in <HEAD> of page -->
	<script src="https://hb.vntsm.com/v3/live/ad-manager.min.js" type="text/javascript" data-site-id="642aba63ec9a7b11c3c9c1be" data-mode="scan" async></script>
<!-- / Venatus Ad Manager -->

<style>
	@media (max-width:820px) {
		.battle {
			margin: 0 auto;
		}
		.battle-log {
			margin: 7px auto 0;
			max-width: 640px;
			height: 300px;
			position: static;
		}
	}
	.optgroup {
		display: inline-block;
		line-height: 22px;
		font-size: 10pt;
	}
	.optgroup .button {
		height: 25px;
		padding-top: 0;
		padding-bottom: 0;
	}
	.optgroup button.button {
		padding-left: 12px;
		padding-right: 12px;
	}
	.linklist {
		list-style: none;
		margin: 0.5em 0;
		padding: 0;
	}
	.linklist li {
		padding: 2px 0;
	}
	.sidebar {
		float: left;
		width: 320px;
	}
	.bar-wrapper {
		max-width: 1100px;
		margin: 0 auto;
	}
	.bar-wrapper.has-sidebar {
		max-width: 1430px;
	}
	.mainbar {
		margin: 0;
		padding-right: 1px;
	}
	.mainbar.has-sidebar {
		margin-left: 330px;
	}
	@media (min-width: 1511px) {
		.sidebar {
			width: 400px;
		}
		.bar-wrapper.has-sidebar {
			max-width: 1510px;
		}
		.mainbar.has-sidebar {
			margin-left: 410px;
		}
	}
	.section.first-section {
		margin-top: 9px;
	}
	.blocklink small {
		white-space: normal;
	}
	.button {
		vertical-align: middle;
	}
	.replay-controls {
		padding-top: 10px;
	}
	.replay-controls h1 {
		font-size: 16pt;
		font-weight: normal;
		color: #CCC;
	}
	.pagelink {
		text-align: center;
	}
	.pagelink a {
		width: 150px;
	}
	.textbox, .button {
		font-size: 11pt;
		vertical-align: middle;
	}
	@media (max-width: 450px) {
		.button {
			font-size: 9pt;
		}
	}
</style>

<div>

	<header>
		<div class="nav-wrapper"><ul class="nav">
			<li><a class="button nav-first" href="//pokemonshowdown.com/"><img src="//pokemonshowdown.com/images/pokemonshowdownbeta.png" srcset="//pokemonshowdown.com/images/pokemonshowdownbeta.png 1x, //pokemonshowdown.com/images/pokemonshowdownbeta@2x.png 2x" alt="Pok&eacute;mon Showdown" width="146" height="44" /> Home</a></li>
			<li><a class="button" href="//pokemonshowdown.com/dex/">Pok&eacute;dex</a></li>
			<li><a class="button cur" href="/">Replays</a></li>
			<li><a class="button" href="//pokemonshowdown.com/ladder/">Ladder</a></li>
			<li><a class="button nav-last" href="//pokemonshowdown.com/forums/">Forum</a></li>
			<li><a class="button greenbutton nav-first nav-last" href="//play.pokemonshowdown.com/">Play</a></li>
		</ul></div>
	</header>

	<div class="main" id="main">

		<noscript><section class="section">You need to enable JavaScript to use this page; sorry!</section></noscript>

	</div>

</div>

<script defer nomodule src="//play.pokemonshowdown.com/js/lib/ps-polyfill.js"></script>
<script defer src="//play.pokemonshowdown.com/js/lib/preact.min.js"></script>

<script defer src="//play.pokemonshowdown.com/config/config.js?2bddbc15"></script>
<script defer src="//play.pokemonshowdown.com/js/lib/jquery-1.11.0.min.js"></script>
<script defer src="//play.pokemonshowdown.com/js/lib/html-sanitizer-minified.js"></script>
<script defer src="//play.pokemonshowdown.com/js/battle-sound.js"></script>
<script defer src="//play.pokemonshowdown.com/js/battledata.js?0.7209276989879541"></script>
<script defer src="//play.pokemonshowdown.com/data/pokedex-mini.js?0.6111056340867951"></script>
<script defer src="//play.pokemonshowdown.com/data/pokedex-mini-bw.js?0.3532142036491459"></script>
<script defer src="//play.pokemonshowdown.com/data/graphics.js?0.24223875632456182"></script>
<script defer src="//play.pokemonshowdown.com/data/pokedex.js?0.38839984266356864"></script>
<script defer src="//play.pokemonshowdown.com/data/moves.js?0.21866028504024015"></script>
<script defer src="//play.pokemonshowdown.com/data/abilities.js?0.2005157953846628"></script>
<script defer src="//play.pokemonshowdown.com/data/items.js?0.9894211263848525"></script>
<script defer src="//play.pokemonshowdown.com/data/teambuilder-tables.js?0.6008791140282215"></script>
<script defer src="//play.pokemonshowdown.com/js/battle-tooltips.js?0.7580118955022959"></script>
<script defer src="//play.pokemonshowdown.com/js/battle.js?0.6057722274234274"></script>

<script defer src="js/utils.js?e31f9a17"></script>
<script defer src="js/replays-battle.js?7008c182"></script>

<!-- don't scrape this data! just add .json or .log after the URL!
Full API docs: https://github.com/smogon/pokemon-showdown-client/blob/master/WEB-API.md -->
<script type="text/plain" class="log" id="replaylog-smogtours-gen3ou-796868">
|inactive|Battle timer is ON: inactive players will automatically lose when time's up.
|t:|1728535691
|gametype|singles
|player|p1|RenegadeVictini|gambler|
|player|p2|duckstroyer|wallace|
|teamsize|p1|6
|teamsize|p2|6
|gen|3
|tier|[Gen 3] OU
|rule|Sleep Clause Mod: Limit one foe put to sleep
|rule|Switch Priority Clause Mod: Faster Pokémon switch first
|rule|Species Clause: Limit one of each Pokémon
|rule|OHKO Clause: OHKO moves are banned
|rule|Evasion Items Clause: Evasion items are banned
|rule|Evasion Moves Clause: Evasion moves are banned
|rule|Endless Battle Clause: Forcing endless battles is banned
|rule|HP Percentage Mod: HP is shown in percentages
|rule|One Boost Passer Clause: Limit one Baton Passer that has a way to boost its stats
|rule|Freeze Clause Mod: Limit one foe frozen
|
|t:|1728535691
|start
|switch|p1a: Tyranitar|Tyranitar, F|100/100
|switch|p2a: Salamence|Salamence, M|100/100
|-ability|p2a: Salamence|Intimidate|boost
|-unboost|p1a: Tyranitar|atk|1
|-weather|Sandstorm|[from] ability: Sand Stream|[of] p1a: Tyranitar
|turn|1
|
|t:|1728535706
|switch|p1a: Skarmory|Skarmory, M|100/100
|move|p2a: Salamence|Brick Break|p1a: Skarmory
|-damage|p1a: Skarmory|84/100
|
|-weather|Sandstorm|[upkeep]
|-damage|p2a: Salamence|95/100|[from] Sandstorm
|-heal|p2a: Salamence|100/100|[from] item: Leftovers
|-heal|p1a: Skarmory|90/100|[from] item: Leftovers
|upkeep
|turn|2
|
|t:|1728535720
|move|p1a: Skarmory|Protect|p1a: Skarmory
|-singleturn|p1a: Skarmory|Protect
|move|p2a: Salamence|Fire Blast|p1a: Skarmory
|-activate|p1a: Skarmory|Protect
|
|-weather|Sandstorm|[upkeep]
|-damage|p2a: Salamence|95/100|[from] Sandstorm
|-heal|p2a: Salamence|100/100|[from] item: Leftovers
|-heal|p1a: Skarmory|96/100|[from] item: Leftovers
|upkeep
|turn|3
|
|t:|1728535728
|switch|p1a: Moltres|Moltres|100/100
|move|p2a: Salamence|Fire Blast|p1a: Moltres
|-resisted|p1a: Moltres
|-damage|p1a: Moltres|78/100
|
|-weather|Sandstorm|[upkeep]
|-damage|p1a: Moltres|72/100|[from] Sandstorm
|-damage|p2a: Salamence|95/100|[from] Sandstorm
|-heal|p1a: Moltres|78/100|[from] item: Leftovers
|-heal|p2a: Salamence|100/100|[from] item: Leftovers
|upkeep
|turn|4
|
|t:|1728535746
|switch|p2a: Blissey|Blissey, F|100/100
|move|p1a: Moltres|Will-O-Wisp|p2a: Blissey
|-status|p2a: Blissey|brn
|
|-weather|Sandstorm|[upkeep]
|-damage|p1a: Moltres|72/100|[from] Sandstorm
|-damage|p2a: Blissey|94/100 brn|[from] Sandstorm
|-heal|p1a: Moltres|78/100|[from] item: Leftovers
|-heal|p2a: Blissey|100/100 brn|[from] item: Leftovers
|-damage|p2a: Blissey|88/100 brn|[from] brn
|upkeep
|turn|5
|
|t:|1728535764
|switch|p1a: Skarmory|Skarmory, M|96/100
|move|p2a: Blissey|Thunder Wave|p1a: Skarmory
|-status|p1a: Skarmory|par
|
|-weather|Sandstorm|[upkeep]
|-damage|p2a: Blissey|82/100 brn|[from] Sandstorm
|-heal|p2a: Blissey|88/100 brn|[from] item: Leftovers
|-damage|p2a: Blissey|76/100 brn|[from] brn
|-heal|p1a: Skarmory|100/100 par|[from] item: Leftovers
|upkeep
|turn|6
|
|t:|1728535778
|-curestatus|p2a: Blissey|brn|[from] ability: Natural Cure
|switch|p2a: Forretress|Forretress, F|100/100
|move|p1a: Skarmory|Spikes|p2a: Forretress
|-sidestart|p2: duckstroyer|Spikes
|
|-weather|Sandstorm|[upkeep]
|upkeep
|turn|7
|
|t:|1728535792
|move|p2a: Forretress|Rapid Spin|p1a: Skarmory
|-resisted|p1a: Skarmory
|-damage|p1a: Skarmory|99/100 par
|-sideend|p2: duckstroyer|Spikes|[from] move: Rapid Spin|[of] p2a: Forretress
|move|p1a: Skarmory|Spikes|p2a: Forretress
|-sidestart|p2: duckstroyer|Spikes
|
|-weather|Sandstorm|[upkeep]
|-heal|p1a: Skarmory|100/100 par|[from] item: Leftovers
|upkeep
|turn|8
|
|t:|1728535807
|move|p1a: Skarmory|Protect|p1a: Skarmory
|-singleturn|p1a: Skarmory|Protect
|move|p2a: Forretress|Rapid Spin|p1a: Skarmory
|-activate|p1a: Skarmory|Protect
|
|-weather|Sandstorm|[upkeep]
|upkeep
|turn|9
|
|t:|1728535820
|switch|p1a: Moltres|Moltres|78/100
|move|p2a: Forretress|Rapid Spin|p1a: Moltres
|-damage|p1a: Moltres|73/100
|-sideend|p2: duckstroyer|Spikes|[from] move: Rapid Spin|[of] p2a: Forretress
|
|-weather|Sandstorm|[upkeep]
|-damage|p1a: Moltres|67/100|[from] Sandstorm
|-heal|p1a: Moltres|73/100|[from] item: Leftovers
|upkeep
|turn|10
|
|t:|1728535833
|switch|p2a: Blissey|Blissey, F|76/100
|move|p1a: Moltres|Roar|p2a: Blissey
|drag|p2a: Jirachi|Jirachi|100/100
|
|-weather|Sandstorm|[upkeep]
|-damage|p1a: Moltres|67/100|[from] Sandstorm
|-heal|p1a: Moltres|73/100|[from] item: Leftovers
|upkeep
|turn|11
|
|t:|1728535846
|switch|p2a: Blissey|Blissey, F|76/100
|move|p1a: Moltres|Flamethrower|p2a: Blissey
|-damage|p2a: Blissey|58/100
|
|-weather|Sandstorm|[upkeep]
|-damage|p1a: Moltres|67/100|[from] Sandstorm
|-damage|p2a: Blissey|51/100|[from] Sandstorm
|-heal|p1a: Moltres|73/100|[from] item: Leftovers
|-heal|p2a: Blissey|58/100|[from] item: Leftovers
|upkeep
|turn|12
|
|t:|1728535856
|switch|p1a: Skarmory|Skarmory, M|100/100 par
|move|p2a: Blissey|Soft-Boiled|p2a: Blissey
|-heal|p2a: Blissey|100/100
|
|-weather|Sandstorm|[upkeep]
|-damage|p2a: Blissey|94/100|[from] Sandstorm
|-heal|p2a: Blissey|100/100|[from] item: Leftovers
|upkeep
|turn|13
|
|t:|1728535864
|move|p2a: Blissey|Seismic Toss|p1a: Skarmory
|-damage|p1a: Skarmory|71/100 par
|cant|p1a: Skarmory|par
|
|-weather|Sandstorm|[upkeep]
|-damage|p2a: Blissey|94/100|[from] Sandstorm
|-heal|p2a: Blissey|100/100|[from] item: Leftovers
|-heal|p1a: Skarmory|77/100 par|[from] item: Leftovers
|upkeep
|turn|14
|
|t:|1728535872
|move|p2a: Blissey|Seismic Toss|p1a: Skarmory
|-damage|p1a: Skarmory|47/100 par
|move|p1a: Skarmory|Spikes|p2a: Blissey
|-sidestart|p2: duckstroyer|Spikes
|
|-weather|Sandstorm|[upkeep]
|-damage|p2a: Blissey|94/100|[from] Sandstorm
|-heal|p2a: Blissey|100/100|[from] item: Leftovers
|-heal|p1a: Skarmory|53/100 par|[from] item: Leftovers
|upkeep
|turn|15
|
|t:|1728535882
|move|p2a: Blissey|Thunder Wave|p1a: Skarmory
|-fail|p1a: Skarmory|par
|move|p1a: Skarmory|Spikes|p2a: Blissey
|-sidestart|p2: duckstroyer|Spikes
|
|-weather|Sandstorm|[upkeep]
|-damage|p2a: Blissey|94/100|[from] Sandstorm
|-heal|p2a: Blissey|100/100|[from] item: Leftovers
|-heal|p1a: Skarmory|59/100 par|[from] item: Leftovers
|upkeep
|turn|16
|
|t:|1728535891
|switch|p2a: Forretress|Forretress, F|100/100
|-damage|p2a: Forretress|84/100|[from] Spikes
|move|p1a: Skarmory|Protect||[still]
|-fail|p1a: Skarmory
|
|-weather|Sandstorm|[upkeep]
|-heal|p2a: Forretress|90/100|[from] item: Leftovers
|-heal|p1a: Skarmory|65/100 par|[from] item: Leftovers
|upkeep
|turn|17
|
|t:|1728535895
|switch|p1a: Gengar|Gengar, M|100/100
|move|p2a: Forretress|Rapid Spin|p1a: Gengar
|-immune|p1a: Gengar
|
|-weather|Sandstorm|[upkeep]
|-damage|p1a: Gengar|94/100|[from] Sandstorm
|-heal|p1a: Gengar|100/100|[from] item: Leftovers
|-heal|p2a: Forretress|96/100|[from] item: Leftovers
|upkeep
|turn|18
|
|t:|1728535900
|move|p1a: Gengar|Will-O-Wisp|p2a: Forretress
|-status|p2a: Forretress|brn
|move|p2a: Forretress|Spikes|p1a: Gengar
|-sidestart|p1: RenegadeVictini|Spikes
|
|-weather|Sandstorm|[upkeep]
|-damage|p1a: Gengar|94/100|[from] Sandstorm
|-heal|p1a: Gengar|100/100|[from] item: Leftovers
|-heal|p2a: Forretress|100/100 brn|[from] item: Leftovers
|-damage|p2a: Forretress|88/100 brn|[from] brn
|upkeep
|turn|19
|
|t:|1728535914
|switch|p2a: Blissey|Blissey, F|100/100
|-damage|p2a: Blissey|84/100|[from] Spikes
|move|p1a: Gengar|Thunderbolt|p2a: Blissey
|-damage|p2a: Blissey|73/100
|
|-weather|Sandstorm|[upkeep]
|-damage|p1a: Gengar|94/100|[from] Sandstorm
|-damage|p2a: Blissey|67/100|[from] Sandstorm
|-heal|p1a: Gengar|100/100|[from] item: Leftovers
|-heal|p2a: Blissey|73/100|[from] item: Leftovers
|upkeep
|turn|20
|
|t:|1728535928
|switch|p1a: Flygon|Flygon, M|100/100
|move|p2a: Blissey|Thunder Wave|p1a: Flygon
|-immune|p1a: Flygon
|
|-weather|Sandstorm|[upkeep]
|-damage|p2a: Blissey|67/100|[from] Sandstorm
|-heal|p2a: Blissey|73/100|[from] item: Leftovers
|upkeep
|turn|21
|
|t:|1728535942
|move|p1a: Flygon|Earthquake|p2a: Blissey
|-damage|p2a: Blissey|44/100
|move|p2a: Blissey|Counter|p1a: Flygon
|-damage|p1a: Flygon|0 fnt
|faint|p1a: Flygon
|
|t:|1728535953
|switch|p1a: Tyranitar|Tyranitar, F|100/100
|-damage|p1a: Tyranitar|88/100|[from] Spikes
|
|-weather|Sandstorm|[upkeep]
|-damage|p2a: Blissey|38/100|[from] Sandstorm
|-heal|p1a: Tyranitar|94/100|[from] item: Leftovers
|-heal|p2a: Blissey|44/100|[from] item: Leftovers
|upkeep
|turn|22
|
|t:|1728535967
|-singleturn|p1a: Tyranitar|move: Focus Punch
|switch|p2a: Forretress|Forretress, F|88/100 brn
|-damage|p2a: Forretress|71/100 brn|[from] Spikes
|move|p1a: Tyranitar|Focus Punch|p2a: Forretress
|-damage|p2a: Forretress|32/100 brn
|
|-weather|Sandstorm|[upkeep]
|-heal|p1a: Tyranitar|100/100|[from] item: Leftovers
|-heal|p2a: Forretress|38/100 brn|[from] item: Leftovers
|-damage|p2a: Forretress|26/100 brn|[from] brn
|upkeep
|turn|23
|
|t:|1728535975
|move|p1a: Tyranitar|Rock Slide|p2a: Forretress
|-damage|p2a: Forretress|0 fnt
|faint|p2a: Forretress
|
|t:|1728535999
|switch|p2a: Salamence|Salamence, M|100/100
|-ability|p2a: Salamence|Intimidate|boost
|-unboost|p1a: Tyranitar|atk|1
|
|-weather|Sandstorm|[upkeep]
|-damage|p2a: Salamence|95/100|[from] Sandstorm
|-heal|p2a: Salamence|100/100|[from] item: Leftovers
|upkeep
|turn|24
|
|t:|1728536005
|switch|p1a: Gengar|Gengar, M|100/100
|move|p2a: Salamence|Dragon Claw|p1a: Gengar
|-damage|p1a: Gengar|51/100
|
|-weather|Sandstorm|[upkeep]
|-damage|p1a: Gengar|45/100|[from] Sandstorm
|-damage|p2a: Salamence|95/100|[from] Sandstorm
|-heal|p1a: Gengar|51/100|[from] item: Leftovers
|-heal|p2a: Salamence|100/100|[from] item: Leftovers
|upkeep
|turn|25
|
|t:|1728536021
|switch|p2a: Blissey|Blissey, F|44/100
|-damage|p2a: Blissey|28/100|[from] Spikes
|move|p1a: Gengar|Ice Punch|p2a: Blissey
|-damage|p2a: Blissey|20/100
|
|-weather|Sandstorm|[upkeep]
|-damage|p1a: Gengar|45/100|[from] Sandstorm
|-damage|p2a: Blissey|14/100|[from] Sandstorm
|-heal|p1a: Gengar|51/100|[from] item: Leftovers
|-heal|p2a: Blissey|20/100|[from] item: Leftovers
|upkeep
|turn|26
|
|t:|1728536038
|move|p1a: Gengar|Thunderbolt|p2a: Blissey
|-damage|p2a: Blissey|9/100
|move|p2a: Blissey|Soft-Boiled|p2a: Blissey
|-heal|p2a: Blissey|59/100
|
|-weather|Sandstorm|[upkeep]
|-damage|p1a: Gengar|45/100|[from] Sandstorm
|-damage|p2a: Blissey|53/100|[from] Sandstorm
|-heal|p1a: Gengar|51/100|[from] item: Leftovers
|-heal|p2a: Blissey|59/100|[from] item: Leftovers
|upkeep
|turn|27
|
|t:|1728536051
|switch|p1a: Tyranitar|Tyranitar, F|100/100
|-damage|p1a: Tyranitar|88/100|[from] Spikes
|move|p2a: Blissey|Thunder Wave|p1a: Tyranitar
|-status|p1a: Tyranitar|par
|
|-weather|Sandstorm|[upkeep]
|-damage|p2a: Blissey|53/100|[from] Sandstorm
|-heal|p2a: Blissey|59/100|[from] item: Leftovers
|-heal|p1a: Tyranitar|94/100 par|[from] item: Leftovers
|upkeep
|turn|28
|
|t:|1728536069
|switch|p2a: Salamence|Salamence, M|100/100
|-ability|p2a: Salamence|Intimidate|boost
|-unboost|p1a: Tyranitar|atk|1
|switch|p1a: Skarmory|Skarmory, M|65/100 par
|
|-weather|Sandstorm|[upkeep]
|-damage|p2a: Salamence|95/100|[from] Sandstorm
|-heal|p2a: Salamence|100/100|[from] item: Leftovers
|-heal|p1a: Skarmory|71/100 par|[from] item: Leftovers
|upkeep
|turn|29
|
|t:|1728536076
|move|p1a: Skarmory|Protect|p1a: Skarmory
|-singleturn|p1a: Skarmory|Protect
|move|p2a: Salamence|Fire Blast|p1a: Skarmory|[miss]
|-miss|p2a: Salamence|p1a: Skarmory
|
|-weather|Sandstorm|[upkeep]
|-damage|p2a: Salamence|95/100|[from] Sandstorm
|-heal|p2a: Salamence|100/100|[from] item: Leftovers
|-heal|p1a: Skarmory|77/100 par|[from] item: Leftovers
|upkeep
|turn|30
|
|t:|1728536083
|switch|p1a: Moltres|Moltres|73/100
|move|p2a: Salamence|Dragon Claw|p1a: Moltres
|-damage|p1a: Moltres|24/100
|
|-weather|Sandstorm|[upkeep]
|-damage|p1a: Moltres|17/100|[from] Sandstorm
|-damage|p2a: Salamence|95/100|[from] Sandstorm
|-heal|p1a: Moltres|24/100|[from] item: Leftovers
|-heal|p2a: Salamence|100/100|[from] item: Leftovers
|upkeep
|turn|31
|
|t:|1728536095
|switch|p1a: Jirachi|Jirachi|100/100
|-damage|p1a: Jirachi|88/100|[from] Spikes
|switch|p2a: Blissey|Blissey, F|59/100
|-damage|p2a: Blissey|43/100|[from] Spikes
|
|-weather|Sandstorm|[upkeep]
|-damage|p2a: Blissey|37/100|[from] Sandstorm
|-heal|p1a: Jirachi|94/100|[from] item: Leftovers
|-heal|p2a: Blissey|43/100|[from] item: Leftovers
|upkeep
|turn|32
|
|t:|1728536105
|move|p1a: Jirachi|Body Slam|p2a: Blissey
|-crit|p2a: Blissey
|-damage|p2a: Blissey|7/100
|-status|p2a: Blissey|par
|move|p2a: Blissey|Soft-Boiled|p2a: Blissey
|-heal|p2a: Blissey|57/100 par
|
|-weather|Sandstorm|[upkeep]
|-damage|p2a: Blissey|50/100 par|[from] Sandstorm
|-heal|p1a: Jirachi|100/100|[from] item: Leftovers
|-heal|p2a: Blissey|57/100 par|[from] item: Leftovers
|upkeep
|turn|33
|inactive|duckstroyer has 270 seconds left.
|
|t:|1728536144
|-curestatus|p2a: Blissey|par|[from] ability: Natural Cure
|switch|p2a: Jirachi|Jirachi|100/100
|-damage|p2a: Jirachi|84/100|[from] Spikes
|move|p1a: Jirachi|Fire Punch|p2a: Jirachi
|-supereffective|p2a: Jirachi
|-damage|p2a: Jirachi|55/100
|-status|p2a: Jirachi|brn
|
|-weather|Sandstorm|[upkeep]
|-heal|p2a: Jirachi|61/100 brn|[from] item: Leftovers
|-damage|p2a: Jirachi|49/100 brn|[from] brn
|upkeep
|turn|34
|c|☆RenegadeVictini|rachi moment
|c|☆duckstroyer|epic
|inactive|RenegadeVictini has 270 seconds left.
|
|t:|1728536170
|move|p2a: Jirachi|Wish|p2a: Jirachi
|move|p1a: Jirachi|Fire Punch|p2a: Jirachi
|-supereffective|p2a: Jirachi
|-damage|p2a: Jirachi|20/100 brn
|
|-weather|Sandstorm|[upkeep]
|-heal|p2a: Jirachi|26/100 brn|[from] item: Leftovers
|-damage|p2a: Jirachi|14/100 brn|[from] brn
|upkeep
|turn|35
|c|☆duckstroyer|all our wishes gonna come true fr
|inactive|RenegadeVictini has 270 seconds left.
|
|t:|1728536185
|move|p2a: Jirachi|Protect|p2a: Jirachi
|-singleturn|p2a: Jirachi|Protect
|move|p1a: Jirachi|Wish|p1a: Jirachi
|
|-heal|p2a: Jirachi|64/100 brn|[from] move: Wish|[wisher] Jirachi
|-weather|Sandstorm|[upkeep]
|-heal|p2a: Jirachi|70/100 brn|[from] item: Leftovers
|-damage|p2a: Jirachi|58/100 brn|[from] brn
|upkeep
|turn|36
|
|t:|1728536197
|switch|p1a: Moltres|Moltres|24/100
|move|p2a: Jirachi|Toxic|p1a: Moltres
|-status|p1a: Moltres|tox
|
|-heal|p1a: Moltres|73/100 tox|[from] move: Wish|[wisher] Jirachi
|-weather|Sandstorm|[upkeep]
|-damage|p1a: Moltres|67/100 tox|[from] Sandstorm
|-heal|p1a: Moltres|73/100 tox|[from] item: Leftovers
|-damage|p1a: Moltres|67/100 tox|[from] psn
|-heal|p2a: Jirachi|64/100 brn|[from] item: Leftovers
|-damage|p2a: Jirachi|51/100 brn|[from] brn
|upkeep
|turn|37
|inactive|RenegadeVictini has 270 seconds left.
|
|t:|1728536209
|move|p2a: Jirachi|Protect|p2a: Jirachi
|-singleturn|p2a: Jirachi|Protect
|move|p1a: Moltres|Roar|p2a: Jirachi
|-activate|p2a: Jirachi|Protect
|
|-weather|Sandstorm|[upkeep]
|-damage|p1a: Moltres|61/100 tox|[from] Sandstorm
|-heal|p1a: Moltres|67/100 tox|[from] item: Leftovers
|-damage|p1a: Moltres|55/100 tox|[from] psn
|-heal|p2a: Jirachi|58/100 brn|[from] item: Leftovers
|-damage|p2a: Jirachi|45/100 brn|[from] brn
|upkeep
|turn|38
|
|t:|1728536221
|switch|p2a: Blissey|Blissey, F|57/100
|-damage|p2a: Blissey|40/100|[from] Spikes
|move|p1a: Moltres|Flamethrower|p2a: Blissey
|-damage|p2a: Blissey|22/100
|
|-weather|Sandstorm|[upkeep]
|-damage|p1a: Moltres|48/100 tox|[from] Sandstorm
|-damage|p2a: Blissey|16/100|[from] Sandstorm
|-heal|p1a: Moltres|55/100 tox|[from] item: Leftovers
|-damage|p1a: Moltres|36/100 tox|[from] psn
|-heal|p2a: Blissey|22/100|[from] item: Leftovers
|upkeep
|turn|39
|inactive|RenegadeVictini has 270 seconds left.
|
|t:|1728536236
|move|p1a: Moltres|Will-O-Wisp|p2a: Blissey
|-status|p2a: Blissey|brn
|move|p2a: Blissey|Soft-Boiled|p2a: Blissey
|-heal|p2a: Blissey|72/100 brn
|
|-weather|Sandstorm|[upkeep]
|-damage|p1a: Moltres|30/100 tox|[from] Sandstorm
|-damage|p2a: Blissey|66/100 brn|[from] Sandstorm
|-heal|p1a: Moltres|36/100 tox|[from] item: Leftovers
|-damage|p1a: Moltres|11/100 tox|[from] psn
|-heal|p2a: Blissey|72/100 brn|[from] item: Leftovers
|-damage|p2a: Blissey|59/100 brn|[from] brn
|upkeep
|turn|40
|
|t:|1728536247
|switch|p1a: Gengar|Gengar, M|51/100
|move|p2a: Blissey|Soft-Boiled|p2a: Blissey
|-heal|p2a: Blissey|100/100 brn
|
|-weather|Sandstorm|[upkeep]
|-damage|p1a: Gengar|45/100|[from] Sandstorm
|-damage|p2a: Blissey|94/100 brn|[from] Sandstorm
|-heal|p1a: Gengar|51/100|[from] item: Leftovers
|-heal|p2a: Blissey|100/100 brn|[from] item: Leftovers
|-damage|p2a: Blissey|88/100 brn|[from] brn
|upkeep
|turn|41
|inactive|RenegadeVictini has 270 seconds left.
|
|t:|1728536275
|switch|p1a: Skarmory|Skarmory, M|77/100 par
|move|p2a: Blissey|Thunder Wave|p1a: Skarmory
|-fail|p1a: Skarmory|par
|
|-weather|Sandstorm|[upkeep]
|-damage|p2a: Blissey|82/100 brn|[from] Sandstorm
|-heal|p2a: Blissey|88/100 brn|[from] item: Leftovers
|-damage|p2a: Blissey|76/100 brn|[from] brn
|-heal|p1a: Skarmory|83/100 par|[from] item: Leftovers
|upkeep
|turn|42
|
|t:|1728536285
|move|p2a: Blissey|Seismic Toss|p1a: Skarmory
|-damage|p1a: Skarmory|53/100 par
|move|p1a: Skarmory|Roar|p2a: Blissey
|-curestatus|p2a: Blissey|brn|[from] ability: Natural Cure
|drag|p2a: Aerodactyl|Aerodactyl, F|100/100
|
|-weather|Sandstorm|[upkeep]
|-heal|p1a: Skarmory|59/100 par|[from] item: Leftovers
|upkeep
|turn|43
|
|t:|1728536295
|move|p2a: Aerodactyl|Rock Slide|p1a: Skarmory
|-damage|p1a: Skarmory|22/100 par
|move|p1a: Skarmory|Toxic|p2a: Aerodactyl
|-status|p2a: Aerodactyl|tox
|
|-weather|Sandstorm|[upkeep]
|-damage|p2a: Aerodactyl|95/100 tox|[from] psn
|-heal|p1a: Skarmory|28/100 par|[from] item: Leftovers
|upkeep
|turn|44
|
|t:|1728536303
|move|p1a: Skarmory|Protect|p1a: Skarmory
|-singleturn|p1a: Skarmory|Protect
|move|p2a: Aerodactyl|Rock Slide|p1a: Skarmory
|-activate|p1a: Skarmory|Protect
|
|-weather|Sandstorm|[upkeep]
|-damage|p2a: Aerodactyl|83/100 tox|[from] psn
|-heal|p1a: Skarmory|34/100 par|[from] item: Leftovers
|upkeep
|turn|45
|
|t:|1728536314
|switch|p2a: Salamence|Salamence, M|100/100
|-ability|p2a: Salamence|Intimidate|boost
|-unboost|p1a: Skarmory|atk|1
|switch|p1a: Jirachi|Jirachi|100/100
|-damage|p1a: Jirachi|88/100|[from] Spikes
|
|-weather|Sandstorm|[upkeep]
|-damage|p2a: Salamence|95/100|[from] Sandstorm
|-heal|p2a: Salamence|100/100|[from] item: Leftovers
|-heal|p1a: Jirachi|94/100|[from] item: Leftovers
|upkeep
|turn|46
|
|t:|1728536324
|move|p1a: Jirachi|Protect|p1a: Jirachi
|-singleturn|p1a: Jirachi|Protect
|move|p2a: Salamence|Fire Blast|p1a: Jirachi
|-activate|p1a: Jirachi|Protect
|
|-weather|Sandstorm|[upkeep]
|-damage|p2a: Salamence|95/100|[from] Sandstorm
|-heal|p2a: Salamence|100/100|[from] item: Leftovers
|-heal|p1a: Jirachi|100/100|[from] item: Leftovers
|upkeep
|turn|47
|
|t:|1728536333
|switch|p1a: Moltres|Moltres|11/100 tox
|move|p2a: Salamence|Fire Blast|p1a: Moltres
|-resisted|p1a: Moltres
|-damage|p1a: Moltres|0 fnt
|faint|p1a: Moltres
|
|t:|1728536345
|switch|p1a: Gengar|Gengar, M|51/100
|
|-weather|Sandstorm|[upkeep]
|-damage|p1a: Gengar|45/100|[from] Sandstorm
|-damage|p2a: Salamence|95/100|[from] Sandstorm
|-heal|p1a: Gengar|51/100|[from] item: Leftovers
|-heal|p2a: Salamence|100/100|[from] item: Leftovers
|upkeep
|turn|48
|
|t:|1728536363
|switch|p2a: Blissey|Blissey, F|76/100
|-damage|p2a: Blissey|59/100|[from] Spikes
|move|p1a: Gengar|Ice Punch|p2a: Blissey
|-damage|p2a: Blissey|51/100
|
|-weather|Sandstorm|[upkeep]
|-damage|p1a: Gengar|45/100|[from] Sandstorm
|-damage|p2a: Blissey|45/100|[from] Sandstorm
|-heal|p1a: Gengar|51/100|[from] item: Leftovers
|-heal|p2a: Blissey|51/100|[from] item: Leftovers
|upkeep
|turn|49
|
|t:|1728536372
|switch|p1a: Tyranitar|Tyranitar, F|94/100 par
|-damage|p1a: Tyranitar|82/100 par|[from] Spikes
|move|p2a: Blissey|Soft-Boiled|p2a: Blissey
|-heal|p2a: Blissey|100/100
|
|-weather|Sandstorm|[upkeep]
|-damage|p2a: Blissey|94/100|[from] Sandstorm
|-heal|p2a: Blissey|100/100|[from] item: Leftovers
|-heal|p1a: Tyranitar|88/100 par|[from] item: Leftovers
|upkeep
|turn|50
|
|t:|1728536386
|-singleturn|p1a: Tyranitar|move: Focus Punch
|move|p2a: Blissey|Seismic Toss|p1a: Tyranitar
|-damage|p1a: Tyranitar|63/100 par
|cant|p1a: Tyranitar|par
|
|-weather|Sandstorm|[upkeep]
|-damage|p2a: Blissey|94/100|[from] Sandstorm
|-heal|p2a: Blissey|100/100|[from] item: Leftovers
|-heal|p1a: Tyranitar|69/100 par|[from] item: Leftovers
|upkeep
|turn|51
|
|t:|1728536398
|move|p2a: Blissey|Seismic Toss|p1a: Tyranitar
|-damage|p1a: Tyranitar|45/100 par
|move|p1a: Tyranitar|Rock Slide|p2a: Blissey
|-damage|p2a: Blissey|65/100
|
|-weather|Sandstorm|[upkeep]
|-damage|p2a: Blissey|58/100|[from] Sandstorm
|-heal|p2a: Blissey|65/100|[from] item: Leftovers
|-heal|p1a: Tyranitar|51/100 par|[from] item: Leftovers
|upkeep
|turn|52
|
|t:|1728536410
|move|p2a: Blissey|Seismic Toss|p1a: Tyranitar
|-damage|p1a: Tyranitar|26/100 par
|cant|p1a: Tyranitar|par
|
|-weather|Sandstorm|[upkeep]
|-damage|p2a: Blissey|58/100|[from] Sandstorm
|-heal|p2a: Blissey|65/100|[from] item: Leftovers
|-heal|p1a: Tyranitar|32/100 par|[from] item: Leftovers
|upkeep
|turn|53
|inactive|RenegadeVictini disconnected and has 300 seconds to reconnect!
|player|p1|
|inactive|RenegadeVictini has 270 seconds to reconnect!
|inactive|RenegadeVictini has 240 seconds to reconnect!
|inactive|RenegadeVictini has 210 seconds to reconnect!
|c|☆duckstroyer|uh oh
|inactive|RenegadeVictini has 180 seconds to reconnect!
|inactive|duckstroyer disconnected and has 300 seconds to reconnect!
|player|p2|
|inactive|RenegadeVictini has 150 seconds to reconnect!
|inactive|RenegadeVictini has 120 seconds to reconnect!
|inactive|RenegadeVictini has 90 seconds to reconnect!
|inactive|RenegadeVictini has 60 seconds to reconnect!
|inactive|RenegadeVictini has 30 seconds to reconnect!
|inactive|RenegadeVictini has 20 seconds to reconnect!
|inactive|RenegadeVictini has 15 seconds to reconnect!
|inactive|RenegadeVictini has 10 seconds to reconnect!
|inactive|RenegadeVictini has 5 seconds to reconnect!
|-message|RenegadeVictini lost due to inactivity.
|
|win|duckstroyer
|player|p2|duckstroyer|wallace|

</script>
<script type="application/json" class="data" id="replaydata-smogtours-gen3ou-796868">
{"id":"smogtours-gen3ou-796868","format":"[Gen 3] OU","players":["RenegadeVictini","duckstroyer"],"uploadtime":1728536735,"views":103,"formatid":"gen3ou","rating":null,"private":0,"password":null}
</script>

<script defer src="js/replays.js?9d40a366"></script>
