<!DOCTYPE html>
<meta charset="utf-8" />
<meta name="viewport" content="width=device-width" />

<title>[Gen 3] OU: crustaceus vs. lacoot - Replays - Pok&eacute;mon Showdown!</title>

<meta name="description" content="Watch a replay of a Pok&eacute;mon battle between crustaceus and lacoot! Format: [Gen 3] OU; Date: Oct 9, 2024" />
<!--

Hey, you! Looking in the source for the replay log?

You can find them in JSON format, just add `.json` at the end of a replay URL.

https://replay.pokemonshowdown.com/gen7randomdoublesbattle-865046831.json

Or, if you only need the log itself, add `.log` instead:

https://replay.pokemonshowdown.com/gen7randomdoublesbattle-865046831.log

-->

<link rel="stylesheet" href="//pokemonshowdown.com/style/global.css?0.767286132409787" />
<link rel="stylesheet" href="//play.pokemonshowdown.com/style/font-awesome.css?0.9266228007934947" />
<link rel="stylesheet" href="//play.pokemonshowdown.com/style/battle.css?0.7924700842790926" />
<link rel="stylesheet" href="//play.pokemonshowdown.com/style/utilichart.css?0.8777417872839479" />

<!-- Global site tag (gtag.js) - Google Analytics -->
<script async src="https://www.googletagmanager.com/gtag/js?id=UA-26211653-1"></script>
<script>
  window.dataLayer = window.dataLayer || [];
  function gtag(){dataLayer.push(arguments);}
  gtag('js', new Date());

  gtag('config', 'UA-26211653-1');
</script>
<!-- End Google Analytics -->
<!-- Venatus Ad Manager - Install in <HEAD> of page -->
	<script src="https://hb.vntsm.com/v3/live/ad-manager.min.js" type="text/javascript" data-site-id="642aba63ec9a7b11c3c9c1be" data-mode="scan" async></script>
<!-- / Venatus Ad Manager -->

<style>
	@media (max-width:820px) {
		.battle {
			margin: 0 auto;
		}
		.battle-log {
			margin: 7px auto 0;
			max-width: 640px;
			height: 300px;
			position: static;
		}
	}
	.optgroup {
		display: inline-block;
		line-height: 22px;
		font-size: 10pt;
	}
	.optgroup .button {
		height: 25px;
		padding-top: 0;
		padding-bottom: 0;
	}
	.optgroup button.button {
		padding-left: 12px;
		padding-right: 12px;
	}
	.linklist {
		list-style: none;
		margin: 0.5em 0;
		padding: 0;
	}
	.linklist li {
		padding: 2px 0;
	}
	.sidebar {
		float: left;
		width: 320px;
	}
	.bar-wrapper {
		max-width: 1100px;
		margin: 0 auto;
	}
	.bar-wrapper.has-sidebar {
		max-width: 1430px;
	}
	.mainbar {
		margin: 0;
		padding-right: 1px;
	}
	.mainbar.has-sidebar {
		margin-left: 330px;
	}
	@media (min-width: 1511px) {
		.sidebar {
			width: 400px;
		}
		.bar-wrapper.has-sidebar {
			max-width: 1510px;
		}
		.mainbar.has-sidebar {
			margin-left: 410px;
		}
	}
	.section.first-section {
		margin-top: 9px;
	}
	.blocklink small {
		white-space: normal;
	}
	.button {
		vertical-align: middle;
	}
	.replay-controls {
		padding-top: 10px;
	}
	.replay-controls h1 {
		font-size: 16pt;
		font-weight: normal;
		color: #CCC;
	}
	.pagelink {
		text-align: center;
	}
	.pagelink a {
		width: 150px;
	}
	.textbox, .button {
		font-size: 11pt;
		vertical-align: middle;
	}
	@media (max-width: 450px) {
		.button {
			font-size: 9pt;
		}
	}
</style>

<div>

	<header>
		<div class="nav-wrapper"><ul class="nav">
			<li><a class="button nav-first" href="//pokemonshowdown.com/"><img src="//pokemonshowdown.com/images/pokemonshowdownbeta.png" srcset="//pokemonshowdown.com/images/pokemonshowdownbeta.png 1x, //pokemonshowdown.com/images/pokemonshowdownbeta@2x.png 2x" alt="Pok&eacute;mon Showdown" width="146" height="44" /> Home</a></li>
			<li><a class="button" href="//pokemonshowdown.com/dex/">Pok&eacute;dex</a></li>
			<li><a class="button cur" href="/">Replays</a></li>
			<li><a class="button" href="//pokemonshowdown.com/ladder/">Ladder</a></li>
			<li><a class="button nav-last" href="//pokemonshowdown.com/forums/">Forum</a></li>
			<li><a class="button greenbutton nav-first nav-last" href="//play.pokemonshowdown.com/">Play</a></li>
		</ul></div>
	</header>

	<div class="main" id="main">

		<noscript><section class="section">You need to enable JavaScript to use this page; sorry!</section></noscript>

	</div>

</div>

<script defer nomodule src="//play.pokemonshowdown.com/js/lib/ps-polyfill.js"></script>
<script defer src="//play.pokemonshowdown.com/js/lib/preact.min.js"></script>

<script defer src="//play.pokemonshowdown.com/config/config.js?6dec07f6"></script>
<script defer src="//play.pokemonshowdown.com/js/lib/jquery-1.11.0.min.js"></script>
<script defer src="//play.pokemonshowdown.com/js/lib/html-sanitizer-minified.js"></script>
<script defer src="//play.pokemonshowdown.com/js/battle-sound.js"></script>
<script defer src="//play.pokemonshowdown.com/js/battledata.js?0.6315294753075389"></script>
<script defer src="//play.pokemonshowdown.com/data/pokedex-mini.js?0.7603743185311358"></script>
<script defer src="//play.pokemonshowdown.com/data/pokedex-mini-bw.js?0.030888842834281283"></script>
<script defer src="//play.pokemonshowdown.com/data/graphics.js?0.05593094747507488"></script>
<script defer src="//play.pokemonshowdown.com/data/pokedex.js?0.47064822249611904"></script>
<script defer src="//play.pokemonshowdown.com/data/moves.js?0.8583693120512459"></script>
<script defer src="//play.pokemonshowdown.com/data/abilities.js?0.16017181182386842"></script>
<script defer src="//play.pokemonshowdown.com/data/items.js?0.4163379185673943"></script>
<script defer src="//play.pokemonshowdown.com/data/teambuilder-tables.js?0.31075597372830477"></script>
<script defer src="//play.pokemonshowdown.com/js/battle-tooltips.js?0.6536193500708172"></script>
<script defer src="//play.pokemonshowdown.com/js/battle.js?0.1916591943277901"></script>

<script defer src="js/utils.js?e31f9a17"></script>
<script defer src="js/replays-battle.js?7008c182"></script>

<!-- don't scrape this data! just add .json or .log after the URL!
Full API docs: https://github.com/smogon/pokemon-showdown-client/blob/master/WEB-API.md -->
<script type="text/plain" class="log" id="replaylog-smogtours-gen3ou-796736">
|inactive|Battle timer is ON: inactive players will automatically lose when time's up.
|t:|1728504358
|gametype|singles
|player|p1|crustaceus|2|
|player|p2|lacoot|medium|
|teamsize|p1|6
|teamsize|p2|6
|gen|3
|tier|[Gen 3] OU
|rule|Sleep Clause Mod: Limit one foe put to sleep
|rule|Switch Priority Clause Mod: Faster Pokémon switch first
|rule|Species Clause: Limit one of each Pokémon
|rule|OHKO Clause: OHKO moves are banned
|rule|Evasion Items Clause: Evasion items are banned
|rule|Evasion Moves Clause: Evasion moves are banned
|rule|Endless Battle Clause: Forcing endless battles is banned
|rule|HP Percentage Mod: HP is shown in percentages
|rule|One Boost Passer Clause: Limit one Baton Passer that has a way to boost its stats
|rule|Freeze Clause Mod: Limit one foe frozen
|
|t:|1728504358
|start
|switch|p1a: Dundurs|Skarmory, M|100/100
|switch|p2a: Tyranocif|Tyranitar, M|100/100
|-weather|Sandstorm|[from] ability: Sand Stream|[of] p2a: Tyranocif
|turn|1
|c|☆lacoot|glhf
|c|☆crustaceus|u2 
|inactive|lacoot has 270 seconds left.
|
|t:|1728504391
|-singleturn|p2a: Tyranocif|move: Focus Punch
|move|p1a: Dundurs|Protect|p1a: Dundurs
|-singleturn|p1a: Dundurs|Protect
|move|p2a: Tyranocif|Focus Punch|p1a: Dundurs
|-activate|p1a: Dundurs|Protect
|
|-weather|Sandstorm|[upkeep]
|upkeep
|turn|2
|
|t:|1728504412
|switch|p1a: Zivs|Swampert, F|100/100
|switch|p2a: Srmory|Skarmory, F|100/100
|
|-weather|Sandstorm|[upkeep]
|upkeep
|turn|3
|
|t:|1728504417
|switch|p1a: Dundurs|Skarmory, M|100/100
|move|p2a: Srmory|Spikes|p1a: Dundurs
|-sidestart|p1: crustaceus|Spikes
|
|-weather|Sandstorm|[upkeep]
|upkeep
|turn|4
|
|t:|1728504421
|move|p2a: Srmory|Taunt|p1a: Dundurs
|-start|p1a: Dundurs|move: Taunt
|move|p1a: Dundurs|Thief|p2a: Srmory
|-resisted|p2a: Srmory
|-damage|p2a: Srmory|99/100
|-enditem|p2a: Srmory|Leftovers|[silent]|[from] move: Thief|[of] p1a: Dundurs
|-item|p1a: Dundurs|Leftovers|[from] move: Thief|[of] p2a: Srmory
|
|-weather|Sandstorm|[upkeep]
|upkeep
|turn|5
|
|t:|1728504430
|switch|p1a: Saule|Jirachi|100/100
|-damage|p1a: Saule|88/100|[from] Spikes
|move|p2a: Srmory|Spikes|p1a: Saule
|-sidestart|p1: crustaceus|Spikes
|
|-weather|Sandstorm|[upkeep]
|-heal|p1a: Saule|94/100|[from] item: Leftovers
|upkeep
|turn|6
|
|t:|1728504450
|switch|p1a: Bumbas|Claydol|100/100
|move|p2a: Srmory|Spikes|p1a: Bumbas
|-sidestart|p1: crustaceus|Spikes
|
|-weather|Sandstorm|[upkeep]
|upkeep
|turn|7
|
|t:|1728504457
|move|p2a: Srmory|Toxic|p1a: Bumbas
|-status|p1a: Bumbas|tox
|move|p1a: Bumbas|Rapid Spin|p2a: Srmory
|-resisted|p2a: Srmory
|-damage|p2a: Srmory|97/100
|-sideend|p1: crustaceus|Spikes|[from] move: Rapid Spin|[of] p1a: Bumbas
|
|-weather|Sandstorm|[upkeep]
|-damage|p1a: Bumbas|94/100 tox|[from] psn
|upkeep
|turn|8
|
|t:|1728504469
|switch|p1a: Saule|Jirachi|94/100
|move|p2a: Srmory|Spikes|p1a: Saule
|-sidestart|p1: crustaceus|Spikes
|
|-weather|Sandstorm|[upkeep]
|-heal|p1a: Saule|100/100|[from] item: Leftovers
|upkeep
|turn|9
|inactive|lacoot has 270 seconds left.
|
|t:|1728504513
|switch|p2a: ATAT|Starmie, shiny|100/100
|move|p1a: Saule|Thunderbolt|p2a: ATAT
|-supereffective|p2a: ATAT
|-damage|p2a: ATAT|38/100
|
|-weather|Sandstorm|[upkeep]
|-damage|p2a: ATAT|32/100|[from] Sandstorm
|-heal|p2a: ATAT|38/100|[from] item: Leftovers
|upkeep
|turn|10
|
|t:|1728504525
|switch|p2a: Biselebi|Celebi|100/100
|move|p1a: Saule|Thunderbolt|p2a: Biselebi
|-resisted|p2a: Biselebi
|-damage|p2a: Biselebi|90/100
|
|-weather|Sandstorm|[upkeep]
|-damage|p2a: Biselebi|84/100|[from] Sandstorm
|-heal|p2a: Biselebi|90/100|[from] item: Leftovers
|upkeep
|turn|11
|
|t:|1728504534
|switch|p1a: Dundurs|Skarmory, M|100/100
|move|p2a: Biselebi|Leech Seed|p1a: Dundurs
|-start|p1a: Dundurs|move: Leech Seed
|
|-weather|Sandstorm|[upkeep]
|-damage|p2a: Biselebi|84/100|[from] Sandstorm
|-heal|p2a: Biselebi|90/100|[from] item: Leftovers
|-damage|p1a: Dundurs|88/100|[from] Leech Seed|[of] p2a: Biselebi
|-heal|p2a: Biselebi|100/100|[silent]
|upkeep
|turn|12
|
|t:|1728504541
|move|p2a: Biselebi|Hidden Power|p1a: Dundurs
|-supereffective|p1a: Dundurs
|-damage|p1a: Dundurs|46/100
|move|p1a: Dundurs|Spikes|p2a: Biselebi
|-sidestart|p2: lacoot|Spikes
|
|-weather|Sandstorm|[upkeep]
|-damage|p2a: Biselebi|94/100|[from] Sandstorm
|-heal|p2a: Biselebi|100/100|[from] item: Leftovers
|-heal|p1a: Dundurs|52/100|[from] item: Leftovers
|-damage|p1a: Dundurs|39/100|[from] Leech Seed|[of] p2a: Biselebi
|upkeep
|turn|13
|
|t:|1728504546
|switch|p2a: ATAT|Starmie, shiny|38/100
|-damage|p2a: ATAT|26/100|[from] Spikes
|switch|p1a: Olas|Blissey, F|100/100
|-damage|p1a: Olas|88/100|[from] Spikes
|
|-weather|Sandstorm|[upkeep]
|-damage|p2a: ATAT|20/100|[from] Sandstorm
|-damage|p1a: Olas|82/100|[from] Sandstorm
|-heal|p2a: ATAT|26/100|[from] item: Leftovers
|-heal|p1a: Olas|88/100|[from] item: Leftovers
|upkeep
|turn|14
|
|t:|1728504555
|move|p2a: ATAT|Rapid Spin|p1a: Olas
|-damage|p1a: Olas|85/100
|-sideend|p2: lacoot|Spikes|[from] move: Rapid Spin|[of] p2a: ATAT
|move|p1a: Olas|Seismic Toss|p2a: ATAT
|-damage|p2a: ATAT|0 fnt
|faint|p2a: ATAT
|inactive|lacoot has 270 seconds left.
|inactive|lacoot has 240 seconds left.
|inactive|lacoot has 210 seconds left.
|
|t:|1728504657
|switch|p2a: Tyranocif|Tyranitar, M|100/100
|
|-weather|Sandstorm|[upkeep]
|-damage|p1a: Olas|79/100|[from] Sandstorm
|-heal|p1a: Olas|85/100|[from] item: Leftovers
|upkeep
|turn|15
|inactive|lacoot has 180 seconds left.
|
|t:|1728504699
|move|p2a: Tyranocif|Hidden Power|p1a: Olas
|-damage|p1a: Olas|61/100
|move|p1a: Olas|Ice Beam|p2a: Tyranocif
|-damage|p2a: Tyranocif|81/100
|
|-weather|Sandstorm|[upkeep]
|-damage|p1a: Olas|55/100|[from] Sandstorm
|-heal|p2a: Tyranocif|88/100|[from] item: Leftovers
|-heal|p1a: Olas|61/100|[from] item: Leftovers
|upkeep
|turn|16
|
|t:|1728504709
|-singleturn|p2a: Tyranocif|move: Focus Punch
|switch|p1a: Zivs|Swampert, F|100/100
|-damage|p1a: Zivs|88/100|[from] Spikes
|move|p2a: Tyranocif|Focus Punch|p1a: Zivs
|-damage|p1a: Zivs|48/100
|
|-weather|Sandstorm|[upkeep]
|-heal|p2a: Tyranocif|94/100|[from] item: Leftovers
|-heal|p1a: Zivs|54/100|[from] item: Leftovers
|upkeep
|turn|17
|
|t:|1728504725
|switch|p2a: Biselebi|Celebi|100/100
|move|p1a: Zivs|Toxic|p2a: Biselebi
|-status|p2a: Biselebi|tox
|
|-weather|Sandstorm|[upkeep]
|-damage|p2a: Biselebi|94/100 tox|[from] Sandstorm
|-heal|p2a: Biselebi|100/100 tox|[from] item: Leftovers
|-damage|p2a: Biselebi|94/100 tox|[from] psn
|-heal|p1a: Zivs|61/100|[from] item: Leftovers
|upkeep
|turn|18
|
|t:|1728504732
|switch|p1a: Olas|Blissey, F|61/100
|-damage|p1a: Olas|48/100|[from] Spikes
|move|p2a: Biselebi|Leech Seed|p1a: Olas
|-start|p1a: Olas|move: Leech Seed
|
|-weather|Sandstorm|[upkeep]
|-damage|p2a: Biselebi|88/100 tox|[from] Sandstorm
|-damage|p1a: Olas|42/100|[from] Sandstorm
|-heal|p2a: Biselebi|94/100 tox|[from] item: Leftovers
|-damage|p2a: Biselebi|82/100 tox|[from] psn
|-heal|p1a: Olas|48/100|[from] item: Leftovers
|-damage|p1a: Olas|36/100|[from] Leech Seed|[of] p2a: Biselebi
|-heal|p2a: Biselebi|100/100 tox|[silent]
|upkeep
|turn|19
|inactive|lacoot has 150 seconds left.
|
|t:|1728504765
|-curestatus|p2a: Biselebi|tox|[from] ability: Natural Cure
|switch|p2a: Tyranocif|Tyranitar, M|94/100
|move|p1a: Olas|Soft-Boiled|p1a: Olas
|-heal|p1a: Olas|86/100
|
|-weather|Sandstorm|[upkeep]
|-damage|p1a: Olas|80/100|[from] Sandstorm
|-heal|p2a: Tyranocif|99/100|[from] item: Leftovers
|-heal|p1a: Olas|86/100|[from] item: Leftovers
|-damage|p1a: Olas|73/100|[from] Leech Seed|[of] p2a: Tyranocif
|-heal|p2a: Tyranocif|100/100|[silent]
|upkeep
|turn|20
|inactive|lacoot has 150 seconds left.
|
|t:|1728504781
|-singleturn|p2a: Tyranocif|move: Focus Punch
|switch|p1a: Bumbas|Claydol|94/100 tox
|move|p2a: Tyranocif|Focus Punch|p1a: Bumbas
|-resisted|p1a: Bumbas
|-damage|p1a: Bumbas|69/100 tox
|
|-weather|Sandstorm|[upkeep]
|-heal|p1a: Bumbas|75/100 tox|[from] item: Leftovers
|-damage|p1a: Bumbas|69/100 tox|[from] psn
|upkeep
|turn|21
|inactive|lacoot has 150 seconds left.
|
|t:|1728504797
|switch|p2a: Srmory|Skarmory, F|97/100
|move|p1a: Bumbas|Earthquake|p2a: Srmory
|-immune|p2a: Srmory
|
|-weather|Sandstorm|[upkeep]
|-heal|p1a: Bumbas|75/100 tox|[from] item: Leftovers
|-damage|p1a: Bumbas|63/100 tox|[from] psn
|upkeep
|turn|22
|inactive|lacoot has 150 seconds left.
|inactive|lacoot has 120 seconds left.
|inactive|lacoot has 90 seconds left.
|
|t:|1728504865
|switch|p1a: Saule|Jirachi|100/100
|-damage|p1a: Saule|88/100|[from] Spikes
|move|p2a: Srmory|Drill Peck|p1a: Saule
|-resisted|p1a: Saule
|-damage|p1a: Saule|81/100
|
|-weather|Sandstorm|[upkeep]
|-heal|p1a: Saule|87/100|[from] item: Leftovers
|upkeep
|turn|23
|inactive|lacoot has 90 seconds left.
|
|t:|1728504879
|switch|p2a: Tyranocif|Tyranitar, M|100/100
|move|p1a: Saule|Wish|p1a: Saule
|
|-weather|Sandstorm|[upkeep]
|-heal|p1a: Saule|94/100|[from] item: Leftovers
|upkeep
|turn|24
|inactive|lacoot has 90 seconds left.
|
|t:|1728504907
|-singleturn|p2a: Tyranocif|move: Focus Punch
|switch|p1a: Bumbas|Claydol|63/100 tox
|move|p2a: Tyranocif|Focus Punch|p1a: Bumbas
|-resisted|p1a: Bumbas
|-damage|p1a: Bumbas|40/100 tox
|
|-heal|p1a: Bumbas|90/100 tox|[from] move: Wish|[wisher] Saule
|-weather|Sandstorm|[upkeep]
|-heal|p1a: Bumbas|96/100 tox|[from] item: Leftovers
|-damage|p1a: Bumbas|90/100 tox|[from] psn
|upkeep
|turn|25
|
|t:|1728504920
|move|p2a: Tyranocif|Hidden Power|p1a: Bumbas
|-supereffective|p1a: Bumbas
|-damage|p1a: Bumbas|38/100 tox
|move|p1a: Bumbas|Rapid Spin|p2a: Tyranocif
|-resisted|p2a: Tyranocif
|-damage|p2a: Tyranocif|99/100
|-sideend|p1: crustaceus|Spikes|[from] move: Rapid Spin|[of] p1a: Bumbas
|
|-weather|Sandstorm|[upkeep]
|-heal|p1a: Bumbas|44/100 tox|[from] item: Leftovers
|-heal|p2a: Tyranocif|100/100|[from] item: Leftovers
|-damage|p1a: Bumbas|32/100 tox|[from] psn
|upkeep
|turn|26
|inactive|crustaceus has 270 seconds left.
|inactive|lacoot has 60 seconds left.
|
|t:|1728504949
|switch|p1a: Zivs|Swampert, F|61/100
|move|p2a: Tyranocif|Hidden Power|p1a: Zivs
|-damage|p1a: Zivs|44/100
|
|-weather|Sandstorm|[upkeep]
|-heal|p1a: Zivs|50/100|[from] item: Leftovers
|upkeep
|turn|27
|
|t:|1728504955
|switch|p2a: Biselebi|Celebi|100/100
|move|p1a: Zivs|Surf|p2a: Biselebi
|-resisted|p2a: Biselebi
|-damage|p2a: Biselebi|87/100
|
|-weather|Sandstorm|[upkeep]
|-damage|p2a: Biselebi|81/100|[from] Sandstorm
|-heal|p2a: Biselebi|87/100|[from] item: Leftovers
|-heal|p1a: Zivs|56/100|[from] item: Leftovers
|upkeep
|turn|28
|
|t:|1728504963
|move|p1a: Zivs|Protect|p1a: Zivs
|-singleturn|p1a: Zivs|Protect
|move|p2a: Biselebi|Leech Seed|p1a: Zivs
|-activate|p1a: Zivs|Protect
|
|-weather|Sandstorm|[upkeep]
|-damage|p2a: Biselebi|81/100|[from] Sandstorm
|-heal|p2a: Biselebi|87/100|[from] item: Leftovers
|-heal|p1a: Zivs|63/100|[from] item: Leftovers
|upkeep
|turn|29
|inactive|crustaceus has 270 seconds left.
|
|t:|1728504992
|switch|p1a: Olas|Blissey, F|73/100
|move|p2a: Biselebi|Leech Seed|p1a: Olas
|-start|p1a: Olas|move: Leech Seed
|
|-weather|Sandstorm|[upkeep]
|-damage|p2a: Biselebi|81/100|[from] Sandstorm
|-damage|p1a: Olas|67/100|[from] Sandstorm
|-heal|p2a: Biselebi|87/100|[from] item: Leftovers
|-heal|p1a: Olas|73/100|[from] item: Leftovers
|-damage|p1a: Olas|61/100|[from] Leech Seed|[of] p2a: Biselebi
|-heal|p2a: Biselebi|100/100|[silent]
|upkeep
|turn|30
|
|t:|1728505013
|switch|p2a: Srmory|Skarmory, F|97/100
|switch|p1a: Dundurs|Skarmory, M|39/100
|
|-weather|Sandstorm|[upkeep]
|-heal|p1a: Dundurs|45/100|[from] item: Leftovers
|upkeep
|turn|31
|
|t:|1728505024
|switch|p1a: Saule|Jirachi|94/100
|move|p2a: Srmory|Spikes|p1a: Saule
|-sidestart|p1: crustaceus|Spikes
|
|-weather|Sandstorm|[upkeep]
|-heal|p1a: Saule|99/100|[from] item: Leftovers
|upkeep
|turn|32
|inactive|lacoot has 60 seconds left.
|
|t:|1728505072
|switch|p2a: Biselebi|Celebi|100/100
|move|p1a: Saule|Wish|p1a: Saule
|
|-weather|Sandstorm|[upkeep]
|-damage|p2a: Biselebi|94/100|[from] Sandstorm
|-heal|p2a: Biselebi|100/100|[from] item: Leftovers
|-heal|p1a: Saule|100/100|[from] item: Leftovers
|upkeep
|turn|33
|inactive|lacoot has 30 seconds left.
|
|t:|1728505099
|move|p2a: Biselebi|Leech Seed|p1a: Saule|[miss]
|-miss|p2a: Biselebi|p1a: Saule
|move|p1a: Saule|Calm Mind|p1a: Saule
|-boost|p1a: Saule|spa|1
|-boost|p1a: Saule|spd|1
|
|-weather|Sandstorm|[upkeep]
|-damage|p2a: Biselebi|94/100|[from] Sandstorm
|-heal|p2a: Biselebi|100/100|[from] item: Leftovers
|upkeep
|turn|34
|
|t:|1728505106
|move|p2a: Biselebi|Leech Seed|p1a: Saule
|-start|p1a: Saule|move: Leech Seed
|move|p1a: Saule|Ice Punch|p2a: Biselebi
|-supereffective|p2a: Biselebi
|-damage|p2a: Biselebi|54/100
|
|-weather|Sandstorm|[upkeep]
|-damage|p2a: Biselebi|48/100|[from] Sandstorm
|-heal|p2a: Biselebi|54/100|[from] item: Leftovers
|-damage|p1a: Saule|88/100|[from] Leech Seed|[of] p2a: Biselebi
|-heal|p2a: Biselebi|68/100|[silent]
|upkeep
|turn|35
|inactive|lacoot has 30 seconds left.
|
|t:|1728505128
|move|p2a: Biselebi|Hidden Power|p1a: Saule
|-supereffective|p1a: Saule
|-damage|p1a: Saule|64/100
|move|p1a: Saule|Wish|p1a: Saule
|
|-weather|Sandstorm|[upkeep]
|-damage|p2a: Biselebi|62/100|[from] Sandstorm
|-heal|p2a: Biselebi|68/100|[from] item: Leftovers
|-heal|p1a: Saule|70/100|[from] item: Leftovers
|-damage|p1a: Saule|58/100|[from] Leech Seed|[of] p2a: Biselebi
|-heal|p2a: Biselebi|82/100|[silent]
|upkeep
|turn|36
|inactive|lacoot has 30 seconds left.
|
|t:|1728505140
|move|p2a: Biselebi|Hidden Power|p1a: Saule
|-supereffective|p1a: Saule
|-damage|p1a: Saule|32/100
|move|p1a: Saule|Ice Punch|p2a: Biselebi
|-supereffective|p2a: Biselebi
|-damage|p2a: Biselebi|29/100
|
|-heal|p1a: Saule|82/100|[from] move: Wish|[wisher] Saule
|-weather|Sandstorm|[upkeep]
|-damage|p2a: Biselebi|23/100|[from] Sandstorm
|-heal|p2a: Biselebi|29/100|[from] item: Leftovers
|-heal|p1a: Saule|88/100|[from] item: Leftovers
|-damage|p1a: Saule|76/100|[from] Leech Seed|[of] p2a: Biselebi
|-heal|p2a: Biselebi|43/100|[silent]
|upkeep
|turn|37
|inactive|lacoot has 30 seconds left.
|
|t:|1728505151
|switch|p2a: Aerosmacksyo|Aerodactyl, F|100/100
|move|p1a: Saule|Wish|p1a: Saule
|
|-weather|Sandstorm|[upkeep]
|-heal|p1a: Saule|82/100|[from] item: Leftovers
|-damage|p1a: Saule|70/100|[from] Leech Seed|[of] p2a: Aerosmacksyo
|upkeep
|turn|38
|inactive|lacoot has 30 seconds left.
|
|t:|1728505175
|switch|p2a: Biselebi|Celebi|43/100
|switch|p1a: Dundurs|Skarmory, M|45/100
|
|-heal|p1a: Dundurs|95/100|[from] move: Wish|[wisher] Saule
|-weather|Sandstorm|[upkeep]
|-damage|p2a: Biselebi|37/100|[from] Sandstorm
|-heal|p2a: Biselebi|43/100|[from] item: Leftovers
|-heal|p1a: Dundurs|100/100|[from] item: Leftovers
|upkeep
|turn|39
|inactive|lacoot has 30 seconds left.
|
|t:|1728505182
|move|p2a: Biselebi|Leech Seed|p1a: Dundurs
|-start|p1a: Dundurs|move: Leech Seed
|move|p1a: Dundurs|Spikes|p2a: Biselebi
|-sidestart|p2: lacoot|Spikes
|
|-weather|Sandstorm|[upkeep]
|-damage|p2a: Biselebi|37/100|[from] Sandstorm
|-heal|p2a: Biselebi|43/100|[from] item: Leftovers
|-damage|p1a: Dundurs|88/100|[from] Leech Seed|[of] p2a: Biselebi
|-heal|p2a: Biselebi|54/100|[silent]
|upkeep
|turn|40
|inactive|lacoot has 30 seconds left.
|
|t:|1728505192
|switch|p1a: Zemene|Dugtrio, M|100/100
|-damage|p1a: Zemene|88/100|[from] Spikes
|move|p2a: Biselebi|Leech Seed|p1a: Zemene|[miss]
|-miss|p2a: Biselebi|p1a: Zemene
|
|-weather|Sandstorm|[upkeep]
|-damage|p2a: Biselebi|48/100|[from] Sandstorm
|-heal|p2a: Biselebi|54/100|[from] item: Leftovers
|upkeep
|turn|41
|
|t:|1728505198
|move|p1a: Zemene|Hidden Power|p2a: Biselebi
|-supereffective|p2a: Biselebi
|-damage|p2a: Biselebi|0 fnt
|faint|p2a: Biselebi
|inactive|lacoot has 30 seconds left.
|inactive|lacoot has 20 seconds left.
|inactive|lacoot has 15 seconds left.
|
|t:|1728505227
|switch|p2a: Aerosmacksyo|Aerodactyl, F|100/100
|
|-weather|Sandstorm|[upkeep]
|upkeep
|turn|42
|inactive|lacoot has 25 seconds left this turn.
|
|t:|1728505232
|switch|p1a: Dundurs|Skarmory, M|88/100
|move|p2a: Aerosmacksyo|Substitute|p2a: Aerosmacksyo
|-start|p2a: Aerosmacksyo|Substitute
|-damage|p2a: Aerosmacksyo|76/100
|
|-weather|Sandstorm|[upkeep]
|-heal|p1a: Dundurs|94/100|[from] item: Leftovers
|upkeep
|turn|43
|
|t:|1728505238
|move|p2a: Aerosmacksyo|Rock Slide|p1a: Dundurs
|-damage|p1a: Dundurs|69/100
|cant|p1a: Dundurs|flinch
|
|-weather|Sandstorm|[upkeep]
|-heal|p1a: Dundurs|75/100|[from] item: Leftovers
|upkeep
|turn|44
|
|t:|1728505243
|move|p2a: Aerosmacksyo|Double-Edge|p1a: Dundurs
|-resisted|p1a: Dundurs
|-crit|p1a: Dundurs
|-damage|p1a: Dundurs|47/100
|move|p1a: Dundurs|Spikes|p2a: Aerosmacksyo
|-sidestart|p2: lacoot|Spikes
|
|-weather|Sandstorm|[upkeep]
|-heal|p1a: Dundurs|53/100|[from] item: Leftovers
|upkeep
|turn|45
|
|t:|1728505247
|move|p1a: Dundurs|Protect|p1a: Dundurs
|-singleturn|p1a: Dundurs|Protect
|move|p2a: Aerosmacksyo|Rock Slide|p1a: Dundurs
|-activate|p1a: Dundurs|Protect
|
|-weather|Sandstorm|[upkeep]
|-heal|p1a: Dundurs|59/100|[from] item: Leftovers
|upkeep
|turn|46
|
|t:|1728505252
|move|p2a: Aerosmacksyo|Rock Slide|p1a: Dundurs
|-damage|p1a: Dundurs|34/100
|move|p1a: Dundurs|Spikes|p2a: Aerosmacksyo
|-sidestart|p2: lacoot|Spikes
|
|-weather|Sandstorm|[upkeep]
|-heal|p1a: Dundurs|40/100|[from] item: Leftovers
|upkeep
|turn|47
|
|t:|1728505259
|move|p1a: Dundurs|Protect|p1a: Dundurs
|-singleturn|p1a: Dundurs|Protect
|move|p2a: Aerosmacksyo|Rock Slide|p1a: Dundurs
|-activate|p1a: Dundurs|Protect
|
|-weather|Sandstorm|[upkeep]
|-heal|p1a: Dundurs|46/100|[from] item: Leftovers
|upkeep
|turn|48
|
|t:|1728505272
|move|p2a: Aerosmacksyo|Rock Slide|p1a: Dundurs
|-damage|p1a: Dundurs|19/100
|move|p1a: Dundurs|Roar|p2a: Aerosmacksyo
|drag|p2a: Srmory|Skarmory, F|97/100
|
|-weather|Sandstorm|[upkeep]
|-heal|p1a: Dundurs|25/100|[from] item: Leftovers
|upkeep
|turn|49
|
|t:|1728505285
|switch|p1a: Bumbas|Claydol|32/100 tox
|move|p2a: Srmory|Spikes|p1a: Bumbas
|-sidestart|p1: crustaceus|Spikes
|
|-weather|Sandstorm|[upkeep]
|-heal|p1a: Bumbas|38/100 tox|[from] item: Leftovers
|-damage|p1a: Bumbas|32/100 tox|[from] psn
|upkeep
|turn|50
|
|t:|1728505294
|move|p2a: Srmory|Drill Peck|p1a: Bumbas
|-damage|p1a: Bumbas|14/100 tox
|move|p1a: Bumbas|Rapid Spin|p2a: Srmory
|-resisted|p2a: Srmory
|-damage|p2a: Srmory|96/100
|-sideend|p1: crustaceus|Spikes|[from] move: Rapid Spin|[of] p1a: Bumbas
|
|-weather|Sandstorm|[upkeep]
|-heal|p1a: Bumbas|20/100 tox|[from] item: Leftovers
|-damage|p1a: Bumbas|8/100 tox|[from] psn
|upkeep
|turn|51
|
|t:|1728505305
|move|p2a: Srmory|Spikes|p1a: Bumbas
|-sidestart|p1: crustaceus|Spikes
|move|p1a: Bumbas|Rest|p1a: Bumbas
|-status|p1a: Bumbas|slp|[from] move: Rest
|-heal|p1a: Bumbas|100/100 slp|[silent]
|
|-weather|Sandstorm|[upkeep]
|upkeep
|turn|52
|
|t:|1728505317
|switch|p2a: Perty my boy|Swampert, M|100/100
|-damage|p2a: Perty my boy|76/100|[from] Spikes
|switch|p1a: Saule|Jirachi|70/100
|-damage|p1a: Saule|57/100|[from] Spikes
|
|-weather|Sandstorm|[upkeep]
|-heal|p1a: Saule|64/100|[from] item: Leftovers
|-heal|p2a: Perty my boy|82/100|[from] item: Leftovers
|upkeep
|turn|53
|inactive|lacoot has 90 seconds left.
|
|t:|1728505333
|switch|p1a: Dundurs|Skarmory, M|25/100
|move|p2a: Perty my boy|Surf|p1a: Dundurs
|-damage|p1a: Dundurs|0 fnt
|faint|p1a: Dundurs
|
|t:|1728505357
|switch|p1a: Zivs|Swampert, F|63/100
|-damage|p1a: Zivs|50/100|[from] Spikes
|
|-weather|Sandstorm|[upkeep]
|-heal|p2a: Perty my boy|88/100|[from] item: Leftovers
|-heal|p1a: Zivs|56/100|[from] item: Leftovers
|upkeep
|turn|54
|
|t:|1728505365
|switch|p2a: Srmory|Skarmory, F|96/100
|move|p1a: Zivs|Toxic|p2a: Srmory
|-immune|p2a: Srmory
|
|-weather|Sandstorm|[upkeep]
|-heal|p1a: Zivs|63/100|[from] item: Leftovers
|upkeep
|turn|55
|
|t:|1728505386
|switch|p1a: Olas|Blissey, F|61/100
|-damage|p1a: Olas|49/100|[from] Spikes
|move|p2a: Srmory|Spikes|p1a: Olas
|-sidestart|p1: crustaceus|Spikes
|
|-weather|Sandstorm|[upkeep]
|-damage|p1a: Olas|42/100|[from] Sandstorm
|-heal|p1a: Olas|49/100|[from] item: Leftovers
|upkeep
|turn|56
|
|t:|1728505405
|move|p2a: Srmory|Drill Peck|p1a: Olas
|-damage|p1a: Olas|31/100
|move|p1a: Olas|Aromatherapy|p1a: Olas
|-cureteam|p1a: Olas|[from] move: Aromatherapy
|
|-weather|Sandstorm|[upkeep]
|-damage|p1a: Olas|24/100|[from] Sandstorm
|-heal|p1a: Olas|31/100|[from] item: Leftovers
|upkeep
|turn|57
|
|t:|1728505413
|move|p2a: Srmory|Taunt|p1a: Olas
|-start|p1a: Olas|move: Taunt
|cant|p1a: Olas|move: Taunt|Soft-Boiled
|
|-weather|Sandstorm|[upkeep]
|-damage|p1a: Olas|24/100|[from] Sandstorm
|-heal|p1a: Olas|31/100|[from] item: Leftovers
|upkeep
|turn|58
|
|t:|1728505427
|switch|p1a: Bumbas|Claydol|100/100
|move|p2a: Srmory|Toxic|p1a: Bumbas
|-status|p1a: Bumbas|tox
|
|-weather|Sandstorm|[upkeep]
|-damage|p1a: Bumbas|94/100 tox|[from] psn
|upkeep
|turn|59
|
|t:|1728505436
|move|p2a: Srmory|Drill Peck|p1a: Bumbas
|-damage|p1a: Bumbas|76/100 tox
|move|p1a: Bumbas|Rapid Spin|p2a: Srmory
|-resisted|p2a: Srmory
|-damage|p2a: Srmory|95/100
|-sideend|p1: crustaceus|Spikes|[from] move: Rapid Spin|[of] p1a: Bumbas
|
|-weather|Sandstorm|[upkeep]
|-heal|p1a: Bumbas|83/100 tox|[from] item: Leftovers
|-damage|p1a: Bumbas|70/100 tox|[from] psn
|upkeep
|turn|60
|
|t:|1728505442
|switch|p1a: Saule|Jirachi|64/100
|move|p2a: Srmory|Taunt|p1a: Saule
|-start|p1a: Saule|move: Taunt
|
|-weather|Sandstorm|[upkeep]
|-heal|p1a: Saule|70/100|[from] item: Leftovers
|upkeep
|turn|61
|inactive|lacoot has 90 seconds left.
|
|t:|1728505474
|switch|p2a: Perty my boy|Swampert, M|88/100
|-damage|p2a: Perty my boy|63/100|[from] Spikes
|move|p1a: Saule|Ice Punch|p2a: Perty my boy
|-damage|p2a: Perty my boy|49/100
|
|-weather|Sandstorm|[upkeep]
|-heal|p1a: Saule|76/100|[from] item: Leftovers
|-end|p1a: Saule|move: Taunt|[silent]
|-heal|p2a: Perty my boy|55/100|[from] item: Leftovers
|upkeep
|turn|62
|inactive|lacoot has 90 seconds left.
|
|t:|1728505491
|-singleturn|p2a: Perty my boy|move: Focus Punch
|switch|p1a: Olas|Blissey, F|31/100
|move|p2a: Perty my boy|Focus Punch|p1a: Olas
|-supereffective|p1a: Olas
|-damage|p1a: Olas|0 fnt
|faint|p1a: Olas
|
|t:|1728505494
|switch|p1a: Zivs|Swampert, F|63/100
|
|-weather|Sandstorm|[upkeep]
|-heal|p2a: Perty my boy|61/100|[from] item: Leftovers
|-heal|p1a: Zivs|69/100|[from] item: Leftovers
|upkeep
|turn|63
|inactive|lacoot has 90 seconds left.
|
|t:|1728505516
|move|p2a: Perty my boy|Protect|p2a: Perty my boy
|-singleturn|p2a: Perty my boy|Protect
|move|p1a: Zivs|Surf|p2a: Perty my boy
|-activate|p2a: Perty my boy|Protect
|
|-weather|Sandstorm|[upkeep]
|-heal|p2a: Perty my boy|67/100|[from] item: Leftovers
|-heal|p1a: Zivs|75/100|[from] item: Leftovers
|upkeep
|turn|64
|inactive|lacoot has 90 seconds left.
|
|t:|1728505530
|switch|p2a: Srmory|Skarmory, F|95/100
|move|p1a: Zivs|Roar|p2a: Srmory
|drag|p2a: Tyranocif|Tyranitar, M|100/100
|-damage|p2a: Tyranocif|75/100|[from] Spikes
|
|-weather|Sandstorm|[upkeep]
|-heal|p2a: Tyranocif|82/100|[from] item: Leftovers
|-heal|p1a: Zivs|81/100|[from] item: Leftovers
|upkeep
|turn|65
|
|t:|1728505539
|switch|p2a: Srmory|Skarmory, F|95/100
|move|p1a: Zivs|Surf|p2a: Srmory
|-damage|p2a: Srmory|70/100
|
|-weather|Sandstorm|[upkeep]
|-heal|p1a: Zivs|88/100|[from] item: Leftovers
|upkeep
|turn|66
|
|t:|1728505549
|switch|p1a: Saule|Jirachi|76/100
|move|p2a: Srmory|Spikes|p1a: Saule
|-sidestart|p1: crustaceus|Spikes
|
|-weather|Sandstorm|[upkeep]
|-heal|p1a: Saule|82/100|[from] item: Leftovers
|upkeep
|turn|67
|inactive|crustaceus has 270 seconds left.
|inactive|lacoot has 90 seconds left.
|inactive|crustaceus has 240 seconds left.
|inactive|lacoot has 60 seconds left.
|
|t:|1728505616
|switch|p2a: Aerosmacksyo|Aerodactyl, F|76/100
|move|p1a: Saule|Calm Mind|p1a: Saule
|-boost|p1a: Saule|spa|1
|-boost|p1a: Saule|spd|1
|
|-weather|Sandstorm|[upkeep]
|-heal|p1a: Saule|88/100|[from] item: Leftovers
|upkeep
|turn|68
|inactive|crustaceus has 240 seconds left.
|
|t:|1728505626
|move|p2a: Aerosmacksyo|Substitute|p2a: Aerosmacksyo
|-start|p2a: Aerosmacksyo|Substitute
|-damage|p2a: Aerosmacksyo|51/100
|move|p1a: Saule|Thunderbolt|p2a: Aerosmacksyo
|-supereffective|p2a: Aerosmacksyo
|-end|p2a: Aerosmacksyo|Substitute
|
|-weather|Sandstorm|[upkeep]
|-heal|p1a: Saule|95/100|[from] item: Leftovers
|upkeep
|turn|69
|
|t:|1728505629
|move|p2a: Aerosmacksyo|Substitute|p2a: Aerosmacksyo
|-start|p2a: Aerosmacksyo|Substitute
|-damage|p2a: Aerosmacksyo|26/100
|move|p1a: Saule|Ice Punch|p2a: Aerosmacksyo
|-supereffective|p2a: Aerosmacksyo
|-end|p2a: Aerosmacksyo|Substitute
|
|-weather|Sandstorm|[upkeep]
|-heal|p1a: Saule|100/100|[from] item: Leftovers
|upkeep
|turn|70
|
|t:|1728505633
|move|p2a: Aerosmacksyo|Substitute|p2a: Aerosmacksyo
|-start|p2a: Aerosmacksyo|Substitute
|-damage|p2a: Aerosmacksyo|1/100
|move|p1a: Saule|Ice Punch|p2a: Aerosmacksyo
|-supereffective|p2a: Aerosmacksyo
|-end|p2a: Aerosmacksyo|Substitute
|
|-weather|Sandstorm|[upkeep]
|-enditem|p2a: Aerosmacksyo|Liechi Berry|[eat]
|-boost|p2a: Aerosmacksyo|atk|1|[from] item: Liechi Berry
|upkeep
|turn|71
|
|t:|1728505636
|move|p2a: Aerosmacksyo|Earthquake|p1a: Saule
|-supereffective|p1a: Saule
|-damage|p1a: Saule|45/100
|move|p1a: Saule|Ice Punch|p2a: Aerosmacksyo
|-supereffective|p2a: Aerosmacksyo
|-damage|p2a: Aerosmacksyo|0 fnt
|faint|p2a: Aerosmacksyo
|
|t:|1728505640
|switch|p2a: Tyranocif|Tyranitar, M|82/100
|-damage|p2a: Tyranocif|57/100|[from] Spikes
|
|-weather|Sandstorm|[upkeep]
|-heal|p1a: Saule|51/100|[from] item: Leftovers
|-heal|p2a: Tyranocif|63/100|[from] item: Leftovers
|upkeep
|turn|72
|inactive|crustaceus has 270 seconds left.
|inactive|lacoot has 90 seconds left.
|
|t:|1728505675
|switch|p1a: Bumbas|Claydol|70/100 tox
|move|p2a: Tyranocif|Hidden Power|p1a: Bumbas
|-supereffective|p1a: Bumbas
|-damage|p1a: Bumbas|24/100 tox
|
|-weather|Sandstorm|[upkeep]
|-heal|p1a: Bumbas|30/100 tox|[from] item: Leftovers
|-heal|p2a: Tyranocif|69/100|[from] item: Leftovers
|-damage|p1a: Bumbas|24/100 tox|[from] psn
|upkeep
|turn|73
|
|t:|1728505679
|move|p1a: Bumbas|Earthquake|p2a: Tyranocif
|-supereffective|p2a: Tyranocif
|-damage|p2a: Tyranocif|25/100
|move|p2a: Tyranocif|Hidden Power|p1a: Bumbas
|-supereffective|p1a: Bumbas
|-damage|p1a: Bumbas|0 fnt
|faint|p1a: Bumbas
|
|t:|1728505684
|switch|p1a: Zemene|Dugtrio, M|88/100
|-damage|p1a: Zemene|76/100|[from] Spikes
|
|-weather|Sandstorm|[upkeep]
|-heal|p2a: Tyranocif|32/100|[from] item: Leftovers
|upkeep
|turn|74
|
|t:|1728505690
|move|p1a: Zemene|Earthquake|p2a: Tyranocif
|-supereffective|p2a: Tyranocif
|-damage|p2a: Tyranocif|0 fnt
|faint|p2a: Tyranocif
|inactive|lacoot has 90 seconds left.
|inactive|lacoot has 60 seconds left.
|
|t:|1728505769
|switch|p2a: Perty my boy|Swampert, M|67/100
|-damage|p2a: Perty my boy|42/100|[from] Spikes
|
|-weather|Sandstorm|[upkeep]
|-heal|p2a: Perty my boy|49/100|[from] item: Leftovers
|upkeep
|turn|75
|
|t:|1728505779
|move|p2a: Perty my boy|Protect|p2a: Perty my boy
|-singleturn|p2a: Perty my boy|Protect
|move|p1a: Zemene|Earthquake|p2a: Perty my boy
|-activate|p2a: Perty my boy|Protect
|
|-weather|Sandstorm|[upkeep]
|-heal|p2a: Perty my boy|55/100|[from] item: Leftovers
|upkeep
|turn|76
|
|t:|1728505782
|move|p1a: Zemene|Earthquake|p2a: Perty my boy
|-crit|p2a: Perty my boy
|-damage|p2a: Perty my boy|0 fnt
|faint|p2a: Perty my boy
|-message|lacoot forfeited.
|
|win|crustaceus
|c|☆lacoot|gg
|c|☆crustaceus|gg

</script>
<script type="application/json" class="data" id="replaydata-smogtours-gen3ou-796736">
{"id":"smogtours-gen3ou-796736","format":"[Gen 3] OU","players":["crustaceus","lacoot"],"uploadtime":1728505790,"views":108,"formatid":"gen3ou","rating":null,"private":0,"password":null}
</script>

<script defer src="js/replays.js?9d40a366"></script>
