<!DOCTYPE html>
<meta charset="utf-8" />
<meta name="viewport" content="width=device-width" />

<title>[Gen 3] OU: mobjamin vs. Levy&#039;s Chair - Replays - Pok&eacute;mon Showdown!</title>

<meta name="description" content="Watch a replay of a Pok&eacute;mon battle between mobjamin and Levy&#039;s Chair! Format: [Gen 3] OU; Date: Oct 22, 2024" />
<!--

Hey, you! Looking in the source for the replay log?

You can find them in JSON format, just add `.json` at the end of a replay URL.

https://replay.pokemonshowdown.com/gen7randomdoublesbattle-865046831.json

Or, if you only need the log itself, add `.log` instead:

https://replay.pokemonshowdown.com/gen7randomdoublesbattle-865046831.log

-->

<link rel="stylesheet" href="//pokemonshowdown.com/style/global.css?0.767286132409787" />
<link rel="stylesheet" href="//play.pokemonshowdown.com/style/font-awesome.css?0.9266228007934947" />
<link rel="stylesheet" href="//play.pokemonshowdown.com/style/battle.css?0.7924700842790926" />
<link rel="stylesheet" href="//play.pokemonshowdown.com/style/utilichart.css?0.8777417872839479" />

<!-- Global site tag (gtag.js) - Google Analytics -->
<script async src="https://www.googletagmanager.com/gtag/js?id=UA-26211653-1"></script>
<script>
  window.dataLayer = window.dataLayer || [];
  function gtag(){dataLayer.push(arguments);}
  gtag('js', new Date());

  gtag('config', 'UA-26211653-1');
</script>
<!-- End Google Analytics -->
<!-- Venatus Ad Manager - Install in <HEAD> of page -->
	<script src="https://hb.vntsm.com/v3/live/ad-manager.min.js" type="text/javascript" data-site-id="642aba63ec9a7b11c3c9c1be" data-mode="scan" async></script>
<!-- / Venatus Ad Manager -->

<style>
	@media (max-width:820px) {
		.battle {
			margin: 0 auto;
		}
		.battle-log {
			margin: 7px auto 0;
			max-width: 640px;
			height: 300px;
			position: static;
		}
	}
	.optgroup {
		display: inline-block;
		line-height: 22px;
		font-size: 10pt;
	}
	.optgroup .button {
		height: 25px;
		padding-top: 0;
		padding-bottom: 0;
	}
	.optgroup button.button {
		padding-left: 12px;
		padding-right: 12px;
	}
	.linklist {
		list-style: none;
		margin: 0.5em 0;
		padding: 0;
	}
	.linklist li {
		padding: 2px 0;
	}
	.sidebar {
		float: left;
		width: 320px;
	}
	.bar-wrapper {
		max-width: 1100px;
		margin: 0 auto;
	}
	.bar-wrapper.has-sidebar {
		max-width: 1430px;
	}
	.mainbar {
		margin: 0;
		padding-right: 1px;
	}
	.mainbar.has-sidebar {
		margin-left: 330px;
	}
	@media (min-width: 1511px) {
		.sidebar {
			width: 400px;
		}
		.bar-wrapper.has-sidebar {
			max-width: 1510px;
		}
		.mainbar.has-sidebar {
			margin-left: 410px;
		}
	}
	.section.first-section {
		margin-top: 9px;
	}
	.blocklink small {
		white-space: normal;
	}
	.button {
		vertical-align: middle;
	}
	.replay-controls {
		padding-top: 10px;
	}
	.replay-controls h1 {
		font-size: 16pt;
		font-weight: normal;
		color: #CCC;
	}
	.pagelink {
		text-align: center;
	}
	.pagelink a {
		width: 150px;
	}
	.textbox, .button {
		font-size: 11pt;
		vertical-align: middle;
	}
	@media (max-width: 450px) {
		.button {
			font-size: 9pt;
		}
	}
</style>

<div>

	<header>
		<div class="nav-wrapper"><ul class="nav">
			<li><a class="button nav-first" href="//pokemonshowdown.com/"><img src="//pokemonshowdown.com/images/pokemonshowdownbeta.png" srcset="//pokemonshowdown.com/images/pokemonshowdownbeta.png 1x, //pokemonshowdown.com/images/pokemonshowdownbeta@2x.png 2x" alt="Pok&eacute;mon Showdown" width="146" height="44" /> Home</a></li>
			<li><a class="button" href="//pokemonshowdown.com/dex/">Pok&eacute;dex</a></li>
			<li><a class="button cur" href="/">Replays</a></li>
			<li><a class="button" href="//pokemonshowdown.com/ladder/">Ladder</a></li>
			<li><a class="button nav-last" href="//pokemonshowdown.com/forums/">Forum</a></li>
			<li><a class="button greenbutton nav-first nav-last" href="//play.pokemonshowdown.com/">Play</a></li>
		</ul></div>
	</header>

	<div class="main" id="main">

		<noscript><section class="section">You need to enable JavaScript to use this page; sorry!</section></noscript>

	</div>

</div>

<script defer nomodule src="//play.pokemonshowdown.com/js/lib/ps-polyfill.js"></script>
<script defer src="//play.pokemonshowdown.com/js/lib/preact.min.js"></script>

<script defer src="//play.pokemonshowdown.com/config/config.js?6dec07f6"></script>
<script defer src="//play.pokemonshowdown.com/js/lib/jquery-1.11.0.min.js"></script>
<script defer src="//play.pokemonshowdown.com/js/lib/html-sanitizer-minified.js"></script>
<script defer src="//play.pokemonshowdown.com/js/battle-sound.js"></script>
<script defer src="//play.pokemonshowdown.com/js/battledata.js?0.6315294753075389"></script>
<script defer src="//play.pokemonshowdown.com/data/pokedex-mini.js?0.7603743185311358"></script>
<script defer src="//play.pokemonshowdown.com/data/pokedex-mini-bw.js?0.030888842834281283"></script>
<script defer src="//play.pokemonshowdown.com/data/graphics.js?0.05593094747507488"></script>
<script defer src="//play.pokemonshowdown.com/data/pokedex.js?0.47064822249611904"></script>
<script defer src="//play.pokemonshowdown.com/data/moves.js?0.8583693120512459"></script>
<script defer src="//play.pokemonshowdown.com/data/abilities.js?0.16017181182386842"></script>
<script defer src="//play.pokemonshowdown.com/data/items.js?0.4163379185673943"></script>
<script defer src="//play.pokemonshowdown.com/data/teambuilder-tables.js?0.31075597372830477"></script>
<script defer src="//play.pokemonshowdown.com/js/battle-tooltips.js?0.6536193500708172"></script>
<script defer src="//play.pokemonshowdown.com/js/battle.js?0.1916591943277901"></script>

<script defer src="js/utils.js?e31f9a17"></script>
<script defer src="js/replays-battle.js?7008c182"></script>

<!-- don't scrape this data! just add .json or .log after the URL!
Full API docs: https://github.com/smogon/pokemon-showdown-client/blob/master/WEB-API.md -->
<script type="text/plain" class="log" id="replaylog-smogtours-gen3ou-801273">
|inactive|Battle timer is ON: inactive players will automatically lose when time's up.
|t:|1729632302
|gametype|singles
|player|p1|mobjamin|265|
|player|p2|Levy's Chair|1|
|teamsize|p1|6
|teamsize|p2|6
|gen|3
|tier|[Gen 3] OU
|rule|Sleep Clause Mod: Limit one foe put to sleep
|rule|Switch Priority Clause Mod: Faster Pokémon switch first
|rule|Species Clause: Limit one of each Pokémon
|rule|OHKO Clause: OHKO moves are banned
|rule|Evasion Items Clause: Evasion items are banned
|rule|Evasion Moves Clause: Evasion moves are banned
|rule|Endless Battle Clause: Forcing endless battles is banned
|rule|HP Percentage Mod: HP is shown in percentages
|rule|One Boost Passer Clause: Limit one Baton Passer that has a way to boost its stats
|rule|Freeze Clause Mod: Limit one foe frozen
|
|t:|1729632302
|start
|switch|p1a: Medicham|Medicham, F|100/100
|switch|p2a: Z2|Zapdos|100/100
|turn|1
|c|☆Levy's Chair|hf
|
|t:|1729632324
|switch|p2a: Get Out of My|Swampert, F|100/100
|move|p1a: Medicham|Rock Slide|p2a: Get Out of My
|-resisted|p2a: Get Out of My
|-damage|p2a: Get Out of My|89/100
|
|-heal|p2a: Get Out of My|95/100|[from] item: Leftovers
|upkeep
|turn|2
|
|t:|1729632344
|move|p1a: Medicham|Brick Break|p2a: Get Out of My
|-damage|p2a: Get Out of My|65/100
|move|p2a: Get Out of My|Earthquake|p1a: Medicham
|-damage|p1a: Medicham|41/100
|
|-heal|p2a: Get Out of My|71/100|[from] item: Leftovers
|upkeep
|turn|3
|
|t:|1729632356
|switch|p1a: Suicune|Suicune|100/100
|move|p2a: Get Out of My|Earthquake|p1a: Suicune
|-damage|p1a: Suicune|75/100
|
|-heal|p1a: Suicune|81/100|[from] item: Leftovers
|-heal|p2a: Get Out of My|77/100|[from] item: Leftovers
|upkeep
|turn|4
|
|t:|1729632373
|switch|p2a: Z2|Zapdos|100/100
|move|p1a: Suicune|Ice Beam|p2a: Z2
|-supereffective|p2a: Z2
|-damage|p2a: Z2|69/100
|
|-heal|p2a: Z2|75/100|[from] item: Leftovers
|-heal|p1a: Suicune|88/100|[from] item: Leftovers
|upkeep
|turn|5
|
|t:|1729632384
|switch|p1a: Magneton|Magneton|100/100
|move|p2a: Z2|Thunder Wave|p1a: Magneton
|-status|p1a: Magneton|par
|
|-heal|p2a: Z2|81/100|[from] item: Leftovers
|upkeep
|turn|6
|inactive|Levy's Chair has 270 seconds left.
|
|t:|1729632422
|switch|p2a: Get Out of My|Swampert, F|77/100
|move|p1a: Magneton|Toxic|p2a: Get Out of My
|-status|p2a: Get Out of My|tox
|
|-heal|p2a: Get Out of My|83/100 tox|[from] item: Leftovers
|-damage|p2a: Get Out of My|77/100 tox|[from] psn
|upkeep
|turn|7
|
|t:|1729632434
|switch|p1a: Salamence|Salamence, M|100/100
|-ability|p1a: Salamence|Intimidate|boost
|-unboost|p2a: Get Out of My|atk|1
|move|p2a: Get Out of My|Earthquake|p1a: Salamence
|-immune|p1a: Salamence
|
|-heal|p2a: Get Out of My|83/100 tox|[from] item: Leftovers
|-damage|p2a: Get Out of My|71/100 tox|[from] psn
|upkeep
|turn|8
|inactive|Levy's Chair has 270 seconds left.
|
|t:|1729632445
|switch|p1a: Suicune|Suicune|88/100
|switch|p2a: G2|Gyarados, M|100/100
|-ability|p2a: G2|Intimidate|boost
|-unboost|p1a: Suicune|atk|1
|
|-heal|p1a: Suicune|94/100|[from] item: Leftovers
|upkeep
|turn|9
|inactive|Levy's Chair has 270 seconds left.
|
|t:|1729632453
|switch|p2a: Z2|Zapdos|81/100
|switch|p1a: Salamence|Salamence, M|100/100
|-ability|p1a: Salamence|Intimidate|boost
|-unboost|p2a: Z2|atk|1
|
|-heal|p2a: Z2|88/100|[from] item: Leftovers
|upkeep
|turn|10
|inactive|Levy's Chair has 270 seconds left.
|
|t:|1729632464
|switch|p1a: Magneton|Magneton|100/100 par
|move|p2a: Z2|Thunder Wave|p1a: Magneton
|-fail|p1a: Magneton|par
|
|-heal|p2a: Z2|94/100|[from] item: Leftovers
|upkeep
|turn|11
|
|t:|1729632475
|switch|p2a: Get Out of My|Swampert, F|71/100 tox
|switch|p1a: Suicune|Suicune|94/100
|
|-heal|p1a: Suicune|99/100|[from] item: Leftovers
|-heal|p2a: Get Out of My|77/100 tox|[from] item: Leftovers
|-damage|p2a: Get Out of My|71/100 tox|[from] psn
|upkeep
|turn|12
|
|t:|1729632481
|switch|p2a: Z2|Zapdos|94/100
|move|p1a: Suicune|Calm Mind|p1a: Suicune
|-boost|p1a: Suicune|spa|1
|-boost|p1a: Suicune|spd|1
|
|-heal|p2a: Z2|99/100|[from] item: Leftovers
|-heal|p1a: Suicune|100/100|[from] item: Leftovers
|upkeep
|turn|13
|
|t:|1729632486
|move|p2a: Z2|Thunderbolt|p1a: Suicune
|-supereffective|p1a: Suicune
|-damage|p1a: Suicune|69/100
|move|p1a: Suicune|Ice Beam|p2a: Z2
|-supereffective|p2a: Z2
|-damage|p2a: Z2|53/100
|
|-heal|p2a: Z2|59/100|[from] item: Leftovers
|-heal|p1a: Suicune|75/100|[from] item: Leftovers
|upkeep
|turn|14
|
|t:|1729632512
|switch|p2a: G2|Gyarados, M|100/100
|-ability|p2a: G2|Intimidate|boost
|-unboost|p1a: Suicune|atk|1
|move|p1a: Suicune|Ice Beam|p2a: G2
|-damage|p2a: G2|72/100
|
|-heal|p2a: G2|78/100|[from] item: Leftovers
|-heal|p1a: Suicune|81/100|[from] item: Leftovers
|upkeep
|turn|15
|
|t:|1729632519
|move|p2a: G2|Toxic|p1a: Suicune
|-status|p1a: Suicune|tox
|move|p1a: Suicune|Calm Mind|p1a: Suicune
|-boost|p1a: Suicune|spa|1
|-boost|p1a: Suicune|spd|1
|
|-heal|p2a: G2|85/100|[from] item: Leftovers
|-heal|p1a: Suicune|88/100 tox|[from] item: Leftovers
|-damage|p1a: Suicune|81/100 tox|[from] psn
|upkeep
|turn|16
|
|t:|1729632531
|move|p2a: G2|Hidden Power|p1a: Suicune
|-damage|p1a: Suicune|57/100 tox
|move|p1a: Suicune|Ice Beam|p2a: G2
|-damage|p2a: G2|47/100
|-status|p2a: G2|frz
|
|-heal|p2a: G2|53/100 frz|[from] item: Leftovers
|-heal|p1a: Suicune|63/100 tox|[from] item: Leftovers
|-damage|p1a: Suicune|50/100 tox|[from] psn
|upkeep
|turn|17
|
|t:|1729632546
|switch|p2a: Z2|Zapdos|59/100
|move|p1a: Suicune|Calm Mind|p1a: Suicune
|-boost|p1a: Suicune|spa|1
|-boost|p1a: Suicune|spd|1
|
|-heal|p2a: Z2|65/100|[from] item: Leftovers
|-heal|p1a: Suicune|57/100 tox|[from] item: Leftovers
|-damage|p1a: Suicune|38/100 tox|[from] psn
|upkeep
|turn|18
|
|t:|1729632553
|move|p2a: Z2|Thunderbolt|p1a: Suicune
|-supereffective|p1a: Suicune
|-damage|p1a: Suicune|17/100 tox
|move|p1a: Suicune|Rest|p1a: Suicune
|-status|p1a: Suicune|slp|[from] move: Rest
|-heal|p1a: Suicune|100/100 slp|[silent]
|
|-heal|p2a: Z2|72/100|[from] item: Leftovers
|upkeep
|turn|19
|
|t:|1729632558
|cant|p1a: Suicune|slp
|move|p2a: Z2|Roar|p1a: Suicune
|drag|p1a: Salamence|Salamence, M|100/100
|-ability|p1a: Salamence|Intimidate|boost
|-unboost|p2a: Z2|atk|1
|
|-heal|p2a: Z2|78/100|[from] item: Leftovers
|upkeep
|turn|20
|inactive|Levy's Chair has 270 seconds left.
|
|t:|1729632593
|switch|p1a: Suicune|Suicune|100/100 slp
|switch|p2a: Yucky|Metagross|100/100
|
|upkeep
|turn|21
|inactive|Levy's Chair has 270 seconds left.
|
|t:|1729632603
|move|p2a: Yucky|Earthquake|p1a: Suicune
|-damage|p1a: Suicune|60/100 slp
|cant|p1a: Suicune|slp
|
|-heal|p1a: Suicune|66/100 slp|[from] item: Leftovers
|upkeep
|turn|22
|
|t:|1729632608
|switch|p1a: Salamence|Salamence, M|100/100
|-ability|p1a: Salamence|Intimidate|boost
|-fail|p2a: Yucky|unboost|[from] ability: Clear Body|[of] p2a: Yucky
|move|p2a: Yucky|Earthquake|p1a: Salamence
|-immune|p1a: Salamence
|
|upkeep
|turn|23
|
|t:|1729632614
|switch|p2a: G2|Gyarados, M|53/100 frz
|-ability|p2a: G2|Intimidate|boost
|-unboost|p1a: Salamence|atk|1
|move|p1a: Salamence|Rock Slide|p2a: G2|[miss]
|-miss|p1a: Salamence|p2a: G2
|
|-heal|p2a: G2|60/100 frz|[from] item: Leftovers
|upkeep
|turn|24
|
|t:|1729632623
|switch|p2a: Get Out of My|Swampert, F|71/100 tox
|move|p1a: Salamence|Rock Slide|p2a: Get Out of My
|-resisted|p2a: Get Out of My
|-damage|p2a: Get Out of My|65/100 tox
|
|-heal|p2a: Get Out of My|71/100 tox|[from] item: Leftovers
|-damage|p2a: Get Out of My|65/100 tox|[from] psn
|upkeep
|turn|25
|inactive|Levy's Chair has 270 seconds left.
|
|t:|1729632651
|switch|p1a: Magneton|Magneton|100/100 par
|switch|p2a: Get Crossed|Heracross, F|100/100
|
|upkeep
|turn|26
|
|t:|1729632658
|switch|p1a: Salamence|Salamence, M|100/100
|-ability|p1a: Salamence|Intimidate|boost
|-unboost|p2a: Get Crossed|atk|1
|move|p2a: Get Crossed|Substitute|p2a: Get Crossed
|-start|p2a: Get Crossed|Substitute
|-damage|p2a: Get Crossed|75/100
|
|upkeep
|turn|27
|
|t:|1729632661
|move|p1a: Salamence|Hidden Power|p2a: Get Crossed
|-supereffective|p2a: Get Crossed
|-end|p2a: Get Crossed|Substitute
|move|p2a: Get Crossed|Rock Slide|p1a: Salamence
|-supereffective|p1a: Salamence
|-damage|p1a: Salamence|56/100
|
|-heal|p1a: Salamence|62/100|[from] item: Leftovers
|upkeep
|turn|28
|
|t:|1729632670
|switch|p2a: Yucky|Metagross|100/100
|move|p1a: Salamence|Dragon Dance|p1a: Salamence
|-boost|p1a: Salamence|atk|1
|-boost|p1a: Salamence|spe|1
|
|-heal|p1a: Salamence|68/100|[from] item: Leftovers
|upkeep
|turn|29
|
|t:|1729632691
|switch|p1a: Magneton|Magneton|100/100 par
|move|p2a: Yucky|Meteor Mash|p1a: Magneton
|-resisted|p1a: Magneton
|-damage|p1a: Magneton|66/100 par
|
|upkeep
|turn|30
|
|t:|1729632698
|move|p2a: Yucky|Meteor Mash|p1a: Magneton
|-resisted|p1a: Magneton
|-damage|p1a: Magneton|31/100 par
|-boost|p2a: Yucky|atk|1
|move|p1a: Magneton|Thunderbolt|p2a: Yucky
|-damage|p2a: Yucky|30/100
|-status|p2a: Yucky|par
|
|upkeep
|turn|31
|
|t:|1729632704
|move|p1a: Magneton|Thunderbolt|p2a: Yucky
|-damage|p2a: Yucky|0 fnt
|faint|p2a: Yucky
|
|t:|1729632712
|switch|p2a: Get Out of My|Swampert, F|65/100 tox
|
|-heal|p2a: Get Out of My|71/100 tox|[from] item: Leftovers
|-damage|p2a: Get Out of My|65/100 tox|[from] psn
|upkeep
|turn|32
|
|t:|1729632716
|switch|p2a: Z2|Zapdos|78/100
|move|p1a: Magneton|Thunderbolt|p2a: Z2
|-damage|p2a: Z2|39/100
|
|-heal|p2a: Z2|45/100|[from] item: Leftovers
|upkeep
|turn|33
|
|t:|1729632721
|move|p2a: Z2|Thunderbolt|p1a: Magneton
|-resisted|p1a: Magneton
|-damage|p1a: Magneton|0 fnt
|faint|p1a: Magneton
|
|t:|1729632727
|switch|p1a: Snorlax|Snorlax, F|100/100
|
|-heal|p2a: Z2|52/100|[from] item: Leftovers
|upkeep
|turn|34
|c|+zacpz|g1?
|c|☆Levy's Chair|?
|inactive|Levy's Chair has 270 seconds left.
|c|☆mobjamin|Yes it’s game 1
|c|☆Levy's Chair|yes
|inactive|Levy's Chair has 240 seconds left.
|
|t:|1729632797
|switch|p2a: 3Head|Magneton|100/100
|move|p1a: Snorlax|Body Slam|p2a: 3Head
|-resisted|p2a: 3Head
|-damage|p2a: 3Head|70/100
|
|upkeep
|turn|35
|
|t:|1729632813
|move|p2a: 3Head|Thunder Wave|p1a: Snorlax
|-status|p1a: Snorlax|par
|move|p1a: Snorlax|Earthquake|p2a: 3Head
|-supereffective|p2a: 3Head
|-damage|p2a: 3Head|0 fnt
|faint|p2a: 3Head
|inactive|Levy's Chair has 210 seconds left.
|
|t:|1729632848
|switch|p2a: G2|Gyarados, M|60/100 frz
|-ability|p2a: G2|Intimidate|boost
|-unboost|p1a: Snorlax|atk|1
|
|-heal|p2a: G2|66/100 frz|[from] item: Leftovers
|upkeep
|turn|36
|
|t:|1729632858
|switch|p1a: Medicham|Medicham, F|41/100
|cant|p2a: G2|frz
|
|-heal|p2a: G2|72/100 frz|[from] item: Leftovers
|upkeep
|turn|37
|
|t:|1729632866
|-singleturn|p1a: Medicham|move: Focus Punch
|switch|p2a: Get Out of My|Swampert, F|65/100 tox
|move|p1a: Medicham|Focus Punch|p2a: Get Out of My
|-damage|p2a: Get Out of My|2/100 tox
|
|-heal|p2a: Get Out of My|8/100 tox|[from] item: Leftovers
|-damage|p2a: Get Out of My|2/100 tox|[from] psn
|upkeep
|turn|38
|inactive|Levy's Chair has 210 seconds left.
|
|t:|1729632875
|move|p1a: Medicham|Shadow Ball|p2a: Get Out of My
|-damage|p2a: Get Out of My|0 fnt
|faint|p2a: Get Out of My
|
|t:|1729632878
|switch|p2a: G2|Gyarados, M|72/100 frz
|-ability|p2a: G2|Intimidate|boost
|-unboost|p1a: Medicham|atk|1
|
|-heal|p2a: G2|78/100 frz|[from] item: Leftovers
|upkeep
|turn|39
|
|t:|1729632880
|move|p1a: Medicham|Rock Slide|p2a: G2
|-supereffective|p2a: G2
|-damage|p2a: G2|32/100 frz
|-curestatus|p2a: G2|frz|[msg]
|move|p2a: G2|Hidden Power|p1a: Medicham
|-supereffective|p1a: Medicham
|-damage|p1a: Medicham|0 fnt
|faint|p1a: Medicham
|
|t:|1729632884
|switch|p1a: Salamence|Salamence, M|68/100
|-ability|p1a: Salamence|Intimidate|boost
|-unboost|p2a: G2|atk|1
|
|-heal|p1a: Salamence|74/100|[from] item: Leftovers
|-heal|p2a: G2|38/100|[from] item: Leftovers
|upkeep
|turn|40
|
|t:|1729632895
|move|p1a: Salamence|Rock Slide|p2a: G2
|-supereffective|p2a: G2
|-damage|p2a: G2|0 fnt
|faint|p2a: G2
|
|t:|1729632901
|switch|p2a: Z2|Zapdos|52/100
|
|-heal|p1a: Salamence|80/100|[from] item: Leftovers
|-heal|p2a: Z2|58/100|[from] item: Leftovers
|upkeep
|turn|41
|
|t:|1729632906
|switch|p1a: Snorlax|Snorlax, F|100/100 par
|move|p2a: Z2|Thunder Wave|p1a: Snorlax
|-fail|p1a: Snorlax|par
|
|-heal|p2a: Z2|64/100|[from] item: Leftovers
|upkeep
|turn|42
|
|t:|1729632914
|move|p2a: Z2|Thunderbolt|p1a: Snorlax
|-damage|p1a: Snorlax|79/100 par
|cant|p1a: Snorlax|par
|
|-heal|p2a: Z2|70/100|[from] item: Leftovers
|-heal|p1a: Snorlax|85/100 par|[from] item: Leftovers
|upkeep
|turn|43
|inactive|Levy's Chair has 240 seconds left.
|
|t:|1729632937
|move|p2a: Z2|Thunderbolt|p1a: Snorlax
|-crit|p1a: Snorlax
|-damage|p1a: Snorlax|37/100 par
|move|p1a: Snorlax|Self-Destruct|p2a: Z2
|-damage|p2a: Z2|0 fnt
|faint|p1a: Snorlax
|faint|p2a: Z2
|inactive|Levy's Chair has 240 seconds left.
|
|t:|1729632943
|switch|p2a: Get Crossed|Heracross, F|75/100
|switch|p1a: Salamence|Salamence, M|80/100
|-ability|p1a: Salamence|Intimidate|boost
|-unboost|p2a: Get Crossed|atk|1
|
|-heal|p1a: Salamence|86/100|[from] item: Leftovers
|upkeep
|turn|44
|inactive|Levy's Chair has 240 seconds left.
|
|t:|1729632959
|move|p1a: Salamence|Hidden Power|p2a: Get Crossed
|-supereffective|p2a: Get Crossed
|-damage|p2a: Get Crossed|0 fnt
|faint|p2a: Get Crossed
|
|win|mobjamin
|c|☆Levy's Chair|gg
|c|☆mobjamin|Gg

</script>
<script type="application/json" class="data" id="replaydata-smogtours-gen3ou-801273">
{"id":"smogtours-gen3ou-801273","format":"[Gen 3] OU","players":["mobjamin","Levy's Chair"],"uploadtime":1729632959,"views":75,"formatid":"gen3ou","rating":null,"private":0,"password":null}
</script>

<script defer src="js/replays.js?9d40a366"></script>
