<!DOCTYPE html>
<meta charset="utf-8" />
<meta name="viewport" content="width=device-width" />

<title>[Gen 3] OU: SBMalus vs. metwally - Replays - Pok&eacute;mon Showdown!</title>

<meta name="description" content="Watch a replay of a Pok&eacute;mon battle between SBMalus and metwally! Format: [Gen 3] OU; Date: Oct 7, 2024" />
<!--

Hey, you! Looking in the source for the replay log?

You can find them in JSON format, just add `.json` at the end of a replay URL.

https://replay.pokemonshowdown.com/gen7randomdoublesbattle-865046831.json

Or, if you only need the log itself, add `.log` instead:

https://replay.pokemonshowdown.com/gen7randomdoublesbattle-865046831.log

-->

<link rel="stylesheet" href="//pokemonshowdown.com/style/global.css?0.767286132409787" />
<link rel="stylesheet" href="//play.pokemonshowdown.com/style/font-awesome.css?0.9266228007934947" />
<link rel="stylesheet" href="//play.pokemonshowdown.com/style/battle.css?0.7924700842790926" />
<link rel="stylesheet" href="//play.pokemonshowdown.com/style/utilichart.css?0.8777417872839479" />

<!-- Global site tag (gtag.js) - Google Analytics -->
<script async src="https://www.googletagmanager.com/gtag/js?id=UA-26211653-1"></script>
<script>
  window.dataLayer = window.dataLayer || [];
  function gtag(){dataLayer.push(arguments);}
  gtag('js', new Date());

  gtag('config', 'UA-26211653-1');
</script>
<!-- End Google Analytics -->
<!-- Venatus Ad Manager - Install in <HEAD> of page -->
	<script src="https://hb.vntsm.com/v3/live/ad-manager.min.js" type="text/javascript" data-site-id="642aba63ec9a7b11c3c9c1be" data-mode="scan" async></script>
<!-- / Venatus Ad Manager -->

<style>
	@media (max-width:820px) {
		.battle {
			margin: 0 auto;
		}
		.battle-log {
			margin: 7px auto 0;
			max-width: 640px;
			height: 300px;
			position: static;
		}
	}
	.optgroup {
		display: inline-block;
		line-height: 22px;
		font-size: 10pt;
	}
	.optgroup .button {
		height: 25px;
		padding-top: 0;
		padding-bottom: 0;
	}
	.optgroup button.button {
		padding-left: 12px;
		padding-right: 12px;
	}
	.linklist {
		list-style: none;
		margin: 0.5em 0;
		padding: 0;
	}
	.linklist li {
		padding: 2px 0;
	}
	.sidebar {
		float: left;
		width: 320px;
	}
	.bar-wrapper {
		max-width: 1100px;
		margin: 0 auto;
	}
	.bar-wrapper.has-sidebar {
		max-width: 1430px;
	}
	.mainbar {
		margin: 0;
		padding-right: 1px;
	}
	.mainbar.has-sidebar {
		margin-left: 330px;
	}
	@media (min-width: 1511px) {
		.sidebar {
			width: 400px;
		}
		.bar-wrapper.has-sidebar {
			max-width: 1510px;
		}
		.mainbar.has-sidebar {
			margin-left: 410px;
		}
	}
	.section.first-section {
		margin-top: 9px;
	}
	.blocklink small {
		white-space: normal;
	}
	.button {
		vertical-align: middle;
	}
	.replay-controls {
		padding-top: 10px;
	}
	.replay-controls h1 {
		font-size: 16pt;
		font-weight: normal;
		color: #CCC;
	}
	.pagelink {
		text-align: center;
	}
	.pagelink a {
		width: 150px;
	}
	.textbox, .button {
		font-size: 11pt;
		vertical-align: middle;
	}
	@media (max-width: 450px) {
		.button {
			font-size: 9pt;
		}
	}
</style>

<div>

	<header>
		<div class="nav-wrapper"><ul class="nav">
			<li><a class="button nav-first" href="//pokemonshowdown.com/"><img src="//pokemonshowdown.com/images/pokemonshowdownbeta.png" srcset="//pokemonshowdown.com/images/pokemonshowdownbeta.png 1x, //pokemonshowdown.com/images/pokemonshowdownbeta@2x.png 2x" alt="Pok&eacute;mon Showdown" width="146" height="44" /> Home</a></li>
			<li><a class="button" href="//pokemonshowdown.com/dex/">Pok&eacute;dex</a></li>
			<li><a class="button cur" href="/">Replays</a></li>
			<li><a class="button" href="//pokemonshowdown.com/ladder/">Ladder</a></li>
			<li><a class="button nav-last" href="//pokemonshowdown.com/forums/">Forum</a></li>
			<li><a class="button greenbutton nav-first nav-last" href="//play.pokemonshowdown.com/">Play</a></li>
		</ul></div>
	</header>

	<div class="main" id="main">

		<noscript><section class="section">You need to enable JavaScript to use this page; sorry!</section></noscript>

	</div>

</div>

<script defer nomodule src="//play.pokemonshowdown.com/js/lib/ps-polyfill.js"></script>
<script defer src="//play.pokemonshowdown.com/js/lib/preact.min.js"></script>

<script defer src="//play.pokemonshowdown.com/config/config.js?6dec07f6"></script>
<script defer src="//play.pokemonshowdown.com/js/lib/jquery-1.11.0.min.js"></script>
<script defer src="//play.pokemonshowdown.com/js/lib/html-sanitizer-minified.js"></script>
<script defer src="//play.pokemonshowdown.com/js/battle-sound.js"></script>
<script defer src="//play.pokemonshowdown.com/js/battledata.js?0.6315294753075389"></script>
<script defer src="//play.pokemonshowdown.com/data/pokedex-mini.js?0.7603743185311358"></script>
<script defer src="//play.pokemonshowdown.com/data/pokedex-mini-bw.js?0.030888842834281283"></script>
<script defer src="//play.pokemonshowdown.com/data/graphics.js?0.05593094747507488"></script>
<script defer src="//play.pokemonshowdown.com/data/pokedex.js?0.47064822249611904"></script>
<script defer src="//play.pokemonshowdown.com/data/moves.js?0.8583693120512459"></script>
<script defer src="//play.pokemonshowdown.com/data/abilities.js?0.16017181182386842"></script>
<script defer src="//play.pokemonshowdown.com/data/items.js?0.4163379185673943"></script>
<script defer src="//play.pokemonshowdown.com/data/teambuilder-tables.js?0.31075597372830477"></script>
<script defer src="//play.pokemonshowdown.com/js/battle-tooltips.js?0.6536193500708172"></script>
<script defer src="//play.pokemonshowdown.com/js/battle.js?0.1916591943277901"></script>

<script defer src="js/utils.js?e31f9a17"></script>
<script defer src="js/replays-battle.js?7008c182"></script>

<!-- don't scrape this data! just add .json or .log after the URL!
Full API docs: https://github.com/smogon/pokemon-showdown-client/blob/master/WEB-API.md -->
<script type="text/plain" class="log" id="replaylog-smogtours-gen3ou-796205">
|inactive|Battle timer is ON: inactive players will automatically lose when time's up.
|t:|1728328503
|gametype|singles
|player|p1|SBMalus|hiker-gen4|
|player|p2|metwally|266|
|teamsize|p1|6
|teamsize|p2|6
|gen|3
|tier|[Gen 3] OU
|rule|Sleep Clause Mod: Limit one foe put to sleep
|rule|Switch Priority Clause Mod: Faster Pokémon switch first
|rule|Species Clause: Limit one of each Pokémon
|rule|OHKO Clause: OHKO moves are banned
|rule|Evasion Items Clause: Evasion items are banned
|rule|Evasion Moves Clause: Evasion moves are banned
|rule|Endless Battle Clause: Forcing endless battles is banned
|rule|HP Percentage Mod: HP is shown in percentages
|rule|One Boost Passer Clause: Limit one Baton Passer that has a way to boost its stats
|rule|Freeze Clause Mod: Limit one foe frozen
|
|t:|1728328503
|start
|switch|p1a: British Steel|Metagross, shiny|100/100
|switch|p2a: Forretress|Forretress, F|100/100
|turn|1
|
|t:|1728328511
|move|p1a: British Steel|Explosion|p2a: Forretress
|-resisted|p2a: Forretress
|-damage|p2a: Forretress|0 fnt
|faint|p1a: British Steel
|faint|p2a: Forretress
|
|t:|1728328519
|switch|p1a: EARFQUAKE|Swampert, M, shiny|100/100
|switch|p2a: Weezing|Weezing, M|100/100
|
|upkeep
|turn|2
|
|t:|1728328523
|move|p2a: Weezing|Will-O-Wisp|p1a: EARFQUAKE|[miss]
|-miss|p2a: Weezing|p1a: EARFQUAKE
|move|p1a: EARFQUAKE|Hydro Pump|p2a: Weezing
|-damage|p2a: Weezing|53/100
|
|-heal|p2a: Weezing|59/100|[from] item: Leftovers
|upkeep
|turn|3
|
|t:|1728328528
|switch|p1a: Hangar 18|Starmie|100/100
|move|p2a: Weezing|Will-O-Wisp|p1a: Hangar 18
|-status|p1a: Hangar 18|brn
|
|-damage|p1a: Hangar 18|88/100 brn|[from] brn
|-heal|p2a: Weezing|65/100|[from] item: Leftovers
|upkeep
|turn|4
|
|t:|1728328533
|switch|p2a: Blissey|Blissey, F|100/100
|move|p1a: Hangar 18|Hydro Pump|p2a: Blissey
|-damage|p2a: Blissey|78/100
|
|-heal|p1a: Hangar 18|94/100 brn|[from] item: Leftovers
|-damage|p1a: Hangar 18|82/100 brn|[from] brn
|-heal|p2a: Blissey|84/100|[from] item: Leftovers
|upkeep
|turn|5
|
|t:|1728328536
|-curestatus|p1a: Hangar 18|brn|[from] ability: Natural Cure
|switch|p1a: Gonna Fly Now|Breloom, M, shiny|100/100
|move|p2a: Blissey|Ice Beam|p1a: Gonna Fly Now
|-supereffective|p1a: Gonna Fly Now
|-damage|p1a: Gonna Fly Now|4/100
|-status|p1a: Gonna Fly Now|frz
|
|-heal|p1a: Gonna Fly Now|10/100 frz|[from] item: Leftovers
|-heal|p2a: Blissey|90/100|[from] item: Leftovers
|upkeep
|turn|6
|c|☆SBMalus|yikers
|c|☆metwally|welp mb this time
|
|t:|1728328545
|cant|p1a: Gonna Fly Now|frz
|move|p2a: Blissey|Ice Beam|p1a: Gonna Fly Now
|-supereffective|p1a: Gonna Fly Now
|-damage|p1a: Gonna Fly Now|0 fnt
|faint|p1a: Gonna Fly Now
|
|t:|1728328548
|switch|p1a: Enter Sandman|Tyranitar, M, shiny|100/100
|-weather|Sandstorm|[from] ability: Sand Stream|[of] p1a: Enter Sandman
|
|-weather|Sandstorm|[upkeep]
|-damage|p2a: Blissey|84/100|[from] Sandstorm
|-heal|p2a: Blissey|90/100|[from] item: Leftovers
|upkeep
|turn|7
|
|t:|1728328554
|switch|p1a: DragonicApocalypse|Charizard, M, shiny|100/100
|switch|p2a: Suicune|Suicune|100/100
|
|-weather|Sandstorm|[upkeep]
|-damage|p1a: DragonicApocalypse|94/100|[from] Sandstorm
|-damage|p2a: Suicune|94/100|[from] Sandstorm
|-heal|p1a: DragonicApocalypse|100/100|[from] item: Leftovers
|-heal|p2a: Suicune|100/100|[from] item: Leftovers
|upkeep
|turn|8
|
|t:|1728328559
|switch|p1a: Hangar 18|Starmie|82/100
|move|p2a: Suicune|Surf|p1a: Hangar 18
|-resisted|p1a: Hangar 18
|-damage|p1a: Hangar 18|59/100
|
|-weather|Sandstorm|[upkeep]
|-damage|p1a: Hangar 18|52/100|[from] Sandstorm
|-damage|p2a: Suicune|94/100|[from] Sandstorm
|-heal|p1a: Hangar 18|59/100|[from] item: Leftovers
|-heal|p2a: Suicune|100/100|[from] item: Leftovers
|upkeep
|turn|9
|
|t:|1728328569
|switch|p2a: Blissey|Blissey, F|90/100
|move|p1a: Hangar 18|Thunderbolt|p2a: Blissey
|-damage|p2a: Blissey|80/100
|
|-weather|Sandstorm|[upkeep]
|-damage|p1a: Hangar 18|52/100|[from] Sandstorm
|-damage|p2a: Blissey|74/100|[from] Sandstorm
|-heal|p1a: Hangar 18|59/100|[from] item: Leftovers
|-heal|p2a: Blissey|80/100|[from] item: Leftovers
|upkeep
|turn|10
|
|t:|1728328574
|switch|p1a: Enter Sandman|Tyranitar, M, shiny|100/100
|move|p2a: Blissey|Toxic|p1a: Enter Sandman
|-status|p1a: Enter Sandman|tox
|-enditem|p1a: Enter Sandman|Lum Berry|[eat]
|-curestatus|p1a: Enter Sandman|tox|[msg]
|
|-weather|Sandstorm|[upkeep]
|-damage|p2a: Blissey|74/100|[from] Sandstorm
|-heal|p2a: Blissey|80/100|[from] item: Leftovers
|upkeep
|turn|11
|
|t:|1728328580
|move|p1a: Enter Sandman|Dragon Dance|p1a: Enter Sandman
|-boost|p1a: Enter Sandman|atk|1
|-boost|p1a: Enter Sandman|spe|1
|move|p2a: Blissey|Toxic|p1a: Enter Sandman
|-status|p1a: Enter Sandman|tox
|
|-weather|Sandstorm|[upkeep]
|-damage|p2a: Blissey|74/100|[from] Sandstorm
|-damage|p1a: Enter Sandman|94/100 tox|[from] psn
|-heal|p2a: Blissey|80/100|[from] item: Leftovers
|upkeep
|turn|12
|
|t:|1728328588
|move|p1a: Enter Sandman|Rock Slide|p2a: Blissey
|-damage|p2a: Blissey|22/100
|move|p2a: Blissey|Soft-Boiled|p2a: Blissey
|-heal|p2a: Blissey|72/100
|
|-weather|Sandstorm|[upkeep]
|-damage|p2a: Blissey|66/100|[from] Sandstorm
|-damage|p1a: Enter Sandman|82/100 tox|[from] psn
|-heal|p2a: Blissey|72/100|[from] item: Leftovers
|upkeep
|turn|13
|
|t:|1728328596
|switch|p2a: Weezing|Weezing, M|65/100
|move|p1a: Enter Sandman|Rock Slide|p2a: Weezing
|-damage|p2a: Weezing|26/100
|
|-weather|Sandstorm|[upkeep]
|-damage|p2a: Weezing|20/100|[from] Sandstorm
|-damage|p1a: Enter Sandman|64/100 tox|[from] psn
|-heal|p2a: Weezing|26/100|[from] item: Leftovers
|upkeep
|turn|14
|
|t:|1728328606
|move|p1a: Enter Sandman|Rock Slide|p2a: Weezing
|-damage|p2a: Weezing|0 fnt
|faint|p2a: Weezing
|
|t:|1728328608
|switch|p2a: Suicune|Suicune|100/100
|
|-weather|Sandstorm|[upkeep]
|-damage|p2a: Suicune|94/100|[from] Sandstorm
|-damage|p1a: Enter Sandman|39/100 tox|[from] psn
|-heal|p2a: Suicune|100/100|[from] item: Leftovers
|upkeep
|turn|15
|
|t:|1728328612
|switch|p1a: Hangar 18|Starmie|59/100
|move|p2a: Suicune|Surf|p1a: Hangar 18
|-resisted|p1a: Hangar 18
|-damage|p1a: Hangar 18|36/100
|
|-weather|Sandstorm|[upkeep]
|-damage|p1a: Hangar 18|30/100|[from] Sandstorm
|-damage|p2a: Suicune|94/100|[from] Sandstorm
|-heal|p1a: Hangar 18|36/100|[from] item: Leftovers
|-heal|p2a: Suicune|100/100|[from] item: Leftovers
|upkeep
|turn|16
|
|t:|1728328617
|switch|p1a: Enter Sandman|Tyranitar, M, shiny|39/100 tox
|switch|p2a: Blissey|Blissey, F|72/100
|
|-weather|Sandstorm|[upkeep]
|-damage|p2a: Blissey|66/100|[from] Sandstorm
|-damage|p1a: Enter Sandman|33/100 tox|[from] psn
|-heal|p2a: Blissey|72/100|[from] item: Leftovers
|upkeep
|turn|17
|
|t:|1728328621
|move|p1a: Enter Sandman|Rock Slide|p2a: Blissey
|-damage|p2a: Blissey|34/100
|move|p2a: Blissey|Seismic Toss|p1a: Enter Sandman
|-damage|p1a: Enter Sandman|4/100 tox
|
|-weather|Sandstorm|[upkeep]
|-damage|p2a: Blissey|28/100|[from] Sandstorm
|-damage|p1a: Enter Sandman|0 fnt|[from] psn
|faint|p1a: Enter Sandman
|-heal|p2a: Blissey|34/100|[from] item: Leftovers
|upkeep
|
|t:|1728328628
|switch|p1a: DragonicApocalypse|Charizard, M, shiny|100/100
|turn|18
|
|t:|1728328633
|move|p1a: DragonicApocalypse|Beat Up|p2a: Blissey
|-damage|p2a: Blissey|24/100
|-damage|p2a: Blissey|15/100
|-damage|p2a: Blissey|1/100
|-hitcount|p2a: Blissey|3
|move|p2a: Blissey|Seismic Toss|p1a: DragonicApocalypse
|-damage|p1a: DragonicApocalypse|67/100
|
|-weather|Sandstorm|[upkeep]
|-damage|p1a: DragonicApocalypse|61/100|[from] Sandstorm
|-damage|p2a: Blissey|0 fnt|[from] Sandstorm
|faint|p2a: Blissey
|-heal|p1a: DragonicApocalypse|67/100|[from] item: Leftovers
|upkeep
|
|t:|1728328646
|switch|p2a: Zapdos|Zapdos|100/100
|turn|19
|c|☆SBMalus|Wallahi I’m finished
|
|t:|1728328665
|switch|p1a: EARFQUAKE|Swampert, M, shiny|100/100
|move|p2a: Zapdos|Toxic|p1a: EARFQUAKE
|-status|p1a: EARFQUAKE|tox
|
|-weather|Sandstorm|[upkeep]
|-damage|p2a: Zapdos|94/100|[from] Sandstorm
|-heal|p2a: Zapdos|100/100|[from] item: Leftovers
|-damage|p1a: EARFQUAKE|94/100 tox|[from] psn
|upkeep
|turn|20
|
|t:|1728328671
|switch|p2a: Suicune|Suicune|100/100
|switch|p1a: Hangar 18|Starmie|36/100
|
|-weather|Sandstorm|[upkeep]
|-damage|p1a: Hangar 18|30/100|[from] Sandstorm
|-damage|p2a: Suicune|94/100|[from] Sandstorm
|-heal|p1a: Hangar 18|36/100|[from] item: Leftovers
|-heal|p2a: Suicune|100/100|[from] item: Leftovers
|upkeep
|turn|21
|
|t:|1728328674
|switch|p2a: Zapdos|Zapdos|100/100
|move|p1a: Hangar 18|Thunderbolt|p2a: Zapdos
|-damage|p2a: Zapdos|81/100
|
|-weather|Sandstorm|[upkeep]
|-damage|p1a: Hangar 18|30/100|[from] Sandstorm
|-damage|p2a: Zapdos|75/100|[from] Sandstorm
|-heal|p1a: Hangar 18|36/100|[from] item: Leftovers
|-heal|p2a: Zapdos|81/100|[from] item: Leftovers
|upkeep
|turn|22
|
|t:|1728328681
|switch|p1a: EARFQUAKE|Swampert, M, shiny|94/100 tox
|move|p2a: Zapdos|Thunderbolt|p1a: EARFQUAKE
|-immune|p1a: EARFQUAKE
|
|-weather|Sandstorm|[upkeep]
|-damage|p2a: Zapdos|75/100|[from] Sandstorm
|-heal|p2a: Zapdos|81/100|[from] item: Leftovers
|-heal|p1a: EARFQUAKE|100/100 tox|[from] item: Leftovers
|-damage|p1a: EARFQUAKE|94/100 tox|[from] psn
|upkeep
|turn|23
|
|t:|1728328690
|switch|p2a: Suicune|Suicune|100/100
|switch|p1a: DragonicApocalypse|Charizard, M, shiny|67/100
|
|-weather|Sandstorm|[upkeep]
|-damage|p1a: DragonicApocalypse|61/100|[from] Sandstorm
|-damage|p2a: Suicune|94/100|[from] Sandstorm
|-heal|p1a: DragonicApocalypse|67/100|[from] item: Leftovers
|-heal|p2a: Suicune|100/100|[from] item: Leftovers
|upkeep
|turn|24
|
|t:|1728328693
|move|p1a: DragonicApocalypse|Hidden Power|p2a: Suicune
|-supereffective|p2a: Suicune
|-damage|p2a: Suicune|62/100
|move|p2a: Suicune|Surf|p1a: DragonicApocalypse
|-supereffective|p1a: DragonicApocalypse
|-damage|p1a: DragonicApocalypse|0 fnt
|faint|p1a: DragonicApocalypse
|
|t:|1728328695
|switch|p1a: Hangar 18|Starmie|36/100
|
|-weather|Sandstorm|[upkeep]
|-damage|p1a: Hangar 18|30/100|[from] Sandstorm
|-damage|p2a: Suicune|55/100|[from] Sandstorm
|-heal|p1a: Hangar 18|36/100|[from] item: Leftovers
|-heal|p2a: Suicune|62/100|[from] item: Leftovers
|upkeep
|turn|25
|
|t:|1728328703
|switch|p2a: Zapdos|Zapdos|81/100
|move|p1a: Hangar 18|Ice Beam|p2a: Zapdos
|-supereffective|p2a: Zapdos
|-damage|p2a: Zapdos|46/100
|
|-weather|Sandstorm|[upkeep]
|-damage|p1a: Hangar 18|30/100|[from] Sandstorm
|-damage|p2a: Zapdos|40/100|[from] Sandstorm
|-heal|p1a: Hangar 18|36/100|[from] item: Leftovers
|-heal|p2a: Zapdos|46/100|[from] item: Leftovers
|upkeep
|turn|26
|
|t:|1728328709
|move|p1a: Hangar 18|Ice Beam|p2a: Zapdos
|-supereffective|p2a: Zapdos
|-damage|p2a: Zapdos|9/100
|-status|p2a: Zapdos|frz
|cant|p2a: Zapdos|frz
|
|-weather|Sandstorm|[upkeep]
|-damage|p1a: Hangar 18|30/100|[from] Sandstorm
|-damage|p2a: Zapdos|3/100 frz|[from] Sandstorm
|-heal|p1a: Hangar 18|36/100|[from] item: Leftovers
|-heal|p2a: Zapdos|9/100 frz|[from] item: Leftovers
|upkeep
|turn|27
|
|t:|1728328725
|switch|p2a: Tyranitar|Tyranitar, F|100/100
|move|p1a: Hangar 18|Thunderbolt|p2a: Tyranitar
|-damage|p2a: Tyranitar|78/100
|
|-weather|Sandstorm|[upkeep]
|-damage|p1a: Hangar 18|30/100|[from] Sandstorm
|-heal|p1a: Hangar 18|36/100|[from] item: Leftovers
|-heal|p2a: Tyranitar|84/100|[from] item: Leftovers
|upkeep
|turn|28
|
|t:|1728328730
|switch|p1a: EARFQUAKE|Swampert, M, shiny|94/100 tox
|move|p2a: Tyranitar|Earthquake|p1a: EARFQUAKE
|-damage|p1a: EARFQUAKE|69/100 tox
|
|-weather|Sandstorm|[upkeep]
|-heal|p2a: Tyranitar|90/100|[from] item: Leftovers
|-heal|p1a: EARFQUAKE|75/100 tox|[from] item: Leftovers
|-damage|p1a: EARFQUAKE|69/100 tox|[from] psn
|upkeep
|turn|29
|
|t:|1728328734
|switch|p2a: Suicune|Suicune|62/100
|move|p1a: EARFQUAKE|Hydro Pump|p2a: Suicune|[miss]
|-miss|p1a: EARFQUAKE|p2a: Suicune
|
|-weather|Sandstorm|[upkeep]
|-damage|p2a: Suicune|55/100|[from] Sandstorm
|-heal|p2a: Suicune|62/100|[from] item: Leftovers
|-heal|p1a: EARFQUAKE|75/100 tox|[from] item: Leftovers
|-damage|p1a: EARFQUAKE|63/100 tox|[from] psn
|upkeep
|turn|30
|
|t:|1728328739
|move|p2a: Suicune|Calm Mind|p2a: Suicune
|-boost|p2a: Suicune|spa|1
|-boost|p2a: Suicune|spd|1
|move|p1a: EARFQUAKE|Earthquake|p2a: Suicune
|-damage|p2a: Suicune|39/100
|
|-weather|Sandstorm|[upkeep]
|-damage|p2a: Suicune|33/100|[from] Sandstorm
|-heal|p2a: Suicune|39/100|[from] item: Leftovers
|-heal|p1a: EARFQUAKE|69/100 tox|[from] item: Leftovers
|-damage|p1a: EARFQUAKE|50/100 tox|[from] psn
|upkeep
|turn|31
|
|t:|1728328746
|move|p2a: Suicune|Calm Mind|p2a: Suicune
|-boost|p2a: Suicune|spa|1
|-boost|p2a: Suicune|spd|1
|move|p1a: EARFQUAKE|Earthquake|p2a: Suicune
|-damage|p2a: Suicune|18/100
|
|-weather|Sandstorm|[upkeep]
|-damage|p2a: Suicune|12/100|[from] Sandstorm
|-heal|p2a: Suicune|18/100|[from] item: Leftovers
|-heal|p1a: EARFQUAKE|57/100 tox|[from] item: Leftovers
|-damage|p1a: EARFQUAKE|32/100 tox|[from] psn
|upkeep
|turn|32
|
|t:|1728328750
|switch|p1a: Hangar 18|Starmie|36/100
|move|p2a: Suicune|Rest|p2a: Suicune
|-status|p2a: Suicune|slp|[from] move: Rest
|-heal|p2a: Suicune|100/100 slp|[silent]
|
|-weather|Sandstorm|[upkeep]
|-damage|p1a: Hangar 18|30/100|[from] Sandstorm
|-damage|p2a: Suicune|94/100 slp|[from] Sandstorm
|-heal|p1a: Hangar 18|36/100|[from] item: Leftovers
|-heal|p2a: Suicune|100/100 slp|[from] item: Leftovers
|upkeep
|turn|33
|
|t:|1728328752
|move|p1a: Hangar 18|Thunderbolt|p2a: Suicune
|-supereffective|p2a: Suicune
|-damage|p2a: Suicune|81/100 slp
|cant|p2a: Suicune|slp
|
|-weather|Sandstorm|[upkeep]
|-damage|p1a: Hangar 18|30/100|[from] Sandstorm
|-damage|p2a: Suicune|74/100 slp|[from] Sandstorm
|-heal|p1a: Hangar 18|36/100|[from] item: Leftovers
|-heal|p2a: Suicune|81/100 slp|[from] item: Leftovers
|upkeep
|turn|34
|
|t:|1728328755
|move|p1a: Hangar 18|Thunderbolt|p2a: Suicune
|-supereffective|p2a: Suicune
|-damage|p2a: Suicune|58/100 slp
|cant|p2a: Suicune|slp
|
|-weather|Sandstorm|[upkeep]
|-damage|p1a: Hangar 18|30/100|[from] Sandstorm
|-damage|p2a: Suicune|52/100 slp|[from] Sandstorm
|-heal|p1a: Hangar 18|36/100|[from] item: Leftovers
|-heal|p2a: Suicune|58/100 slp|[from] item: Leftovers
|upkeep
|turn|35
|
|t:|1728328757
|move|p1a: Hangar 18|Thunderbolt|p2a: Suicune
|-supereffective|p2a: Suicune
|-damage|p2a: Suicune|38/100 slp
|-curestatus|p2a: Suicune|slp|[msg]
|move|p2a: Suicune|Surf|p1a: Hangar 18
|-resisted|p1a: Hangar 18
|-damage|p1a: Hangar 18|0 fnt
|faint|p1a: Hangar 18
|c|☆SBMalus|gg
|c|☆metwally|gg
|-message|SBMalus forfeited.
|
|win|metwally

</script>
<script type="application/json" class="data" id="replaydata-smogtours-gen3ou-796205">
{"id":"smogtours-gen3ou-796205","format":"[Gen 3] OU","players":["SBMalus","metwally"],"uploadtime":1728328774,"views":136,"formatid":"gen3ou","rating":null,"private":0,"password":null}
</script>

<script defer src="js/replays.js?9d40a366"></script>
