<!DOCTYPE html>
<meta charset="utf-8" />
<meta name="viewport" content="width=device-width" />

<title>[Gen 3] OU: RetiredBohrier vs. Nun_IE - Replays - Pok&eacute;mon Showdown!</title>

<meta name="description" content="Watch a replay of a Pok&eacute;mon battle between RetiredBohrier and Nun_IE! Format: [Gen 3] OU; Date: Oct 5, 2024" />
<!--

Hey, you! Looking in the source for the replay log?

You can find them in JSON format, just add `.json` at the end of a replay URL.

https://replay.pokemonshowdown.com/gen7randomdoublesbattle-865046831.json

Or, if you only need the log itself, add `.log` instead:

https://replay.pokemonshowdown.com/gen7randomdoublesbattle-865046831.log

-->

<link rel="stylesheet" href="//pokemonshowdown.com/style/global.css?0.023195364461161105" />
<link rel="stylesheet" href="//play.pokemonshowdown.com/style/font-awesome.css?0.13261647063804238" />
<link rel="stylesheet" href="//play.pokemonshowdown.com/style/battle.css?0.8753245789963631" />
<link rel="stylesheet" href="//play.pokemonshowdown.com/style/utilichart.css?0.8627959624976733" />

<!-- Global site tag (gtag.js) - Google Analytics -->
<script async src="https://www.googletagmanager.com/gtag/js?id=UA-26211653-1"></script>
<script>
  window.dataLayer = window.dataLayer || [];
  function gtag(){dataLayer.push(arguments);}
  gtag('js', new Date());

  gtag('config', 'UA-26211653-1');
</script>
<!-- End Google Analytics -->
<!-- Venatus Ad Manager - Install in <HEAD> of page -->
	<script src="https://hb.vntsm.com/v3/live/ad-manager.min.js" type="text/javascript" data-site-id="642aba63ec9a7b11c3c9c1be" data-mode="scan" async></script>
<!-- / Venatus Ad Manager -->

<style>
	@media (max-width:820px) {
		.battle {
			margin: 0 auto;
		}
		.battle-log {
			margin: 7px auto 0;
			max-width: 640px;
			height: 300px;
			position: static;
		}
	}
	.optgroup {
		display: inline-block;
		line-height: 22px;
		font-size: 10pt;
	}
	.optgroup .button {
		height: 25px;
		padding-top: 0;
		padding-bottom: 0;
	}
	.optgroup button.button {
		padding-left: 12px;
		padding-right: 12px;
	}
	.linklist {
		list-style: none;
		margin: 0.5em 0;
		padding: 0;
	}
	.linklist li {
		padding: 2px 0;
	}
	.sidebar {
		float: left;
		width: 320px;
	}
	.bar-wrapper {
		max-width: 1100px;
		margin: 0 auto;
	}
	.bar-wrapper.has-sidebar {
		max-width: 1430px;
	}
	.mainbar {
		margin: 0;
		padding-right: 1px;
	}
	.mainbar.has-sidebar {
		margin-left: 330px;
	}
	@media (min-width: 1511px) {
		.sidebar {
			width: 400px;
		}
		.bar-wrapper.has-sidebar {
			max-width: 1510px;
		}
		.mainbar.has-sidebar {
			margin-left: 410px;
		}
	}
	.section.first-section {
		margin-top: 9px;
	}
	.blocklink small {
		white-space: normal;
	}
	.button {
		vertical-align: middle;
	}
	.replay-controls {
		padding-top: 10px;
	}
	.replay-controls h1 {
		font-size: 16pt;
		font-weight: normal;
		color: #CCC;
	}
	.pagelink {
		text-align: center;
	}
	.pagelink a {
		width: 150px;
	}
	.textbox, .button {
		font-size: 11pt;
		vertical-align: middle;
	}
	@media (max-width: 450px) {
		.button {
			font-size: 9pt;
		}
	}
</style>

<div>

	<header>
		<div class="nav-wrapper"><ul class="nav">
			<li><a class="button nav-first" href="//pokemonshowdown.com/"><img src="//pokemonshowdown.com/images/pokemonshowdownbeta.png" srcset="//pokemonshowdown.com/images/pokemonshowdownbeta.png 1x, //pokemonshowdown.com/images/pokemonshowdownbeta@2x.png 2x" alt="Pok&eacute;mon Showdown" width="146" height="44" /> Home</a></li>
			<li><a class="button" href="//pokemonshowdown.com/dex/">Pok&eacute;dex</a></li>
			<li><a class="button cur" href="/">Replays</a></li>
			<li><a class="button" href="//pokemonshowdown.com/ladder/">Ladder</a></li>
			<li><a class="button nav-last" href="//pokemonshowdown.com/forums/">Forum</a></li>
			<li><a class="button greenbutton nav-first nav-last" href="//play.pokemonshowdown.com/">Play</a></li>
		</ul></div>
	</header>

	<div class="main" id="main">

		<noscript><section class="section">You need to enable JavaScript to use this page; sorry!</section></noscript>

	</div>

</div>

<script defer nomodule src="//play.pokemonshowdown.com/js/lib/ps-polyfill.js"></script>
<script defer src="//play.pokemonshowdown.com/js/lib/preact.min.js"></script>

<script defer src="//play.pokemonshowdown.com/config/config.js?2bddbc15"></script>
<script defer src="//play.pokemonshowdown.com/js/lib/jquery-1.11.0.min.js"></script>
<script defer src="//play.pokemonshowdown.com/js/lib/html-sanitizer-minified.js"></script>
<script defer src="//play.pokemonshowdown.com/js/battle-sound.js"></script>
<script defer src="//play.pokemonshowdown.com/js/battledata.js?0.7209276989879541"></script>
<script defer src="//play.pokemonshowdown.com/data/pokedex-mini.js?0.6111056340867951"></script>
<script defer src="//play.pokemonshowdown.com/data/pokedex-mini-bw.js?0.3532142036491459"></script>
<script defer src="//play.pokemonshowdown.com/data/graphics.js?0.24223875632456182"></script>
<script defer src="//play.pokemonshowdown.com/data/pokedex.js?0.38839984266356864"></script>
<script defer src="//play.pokemonshowdown.com/data/moves.js?0.21866028504024015"></script>
<script defer src="//play.pokemonshowdown.com/data/abilities.js?0.2005157953846628"></script>
<script defer src="//play.pokemonshowdown.com/data/items.js?0.9894211263848525"></script>
<script defer src="//play.pokemonshowdown.com/data/teambuilder-tables.js?0.6008791140282215"></script>
<script defer src="//play.pokemonshowdown.com/js/battle-tooltips.js?0.7580118955022959"></script>
<script defer src="//play.pokemonshowdown.com/js/battle.js?0.6057722274234274"></script>

<script defer src="js/utils.js?e31f9a17"></script>
<script defer src="js/replays-battle.js?7008c182"></script>

<!-- don't scrape this data! just add .json or .log after the URL!
Full API docs: https://github.com/smogon/pokemon-showdown-client/blob/master/WEB-API.md -->
<script type="text/plain" class="log" id="replaylog-smogtours-gen3ou-794877">
|inactive|Battle timer is ON: inactive players will automatically lose when time's up.
|t:|1728131486
|gametype|singles
|player|p1|RetiredBohrier|101|
|player|p2|Nun_IE|veteranf|
|teamsize|p1|6
|teamsize|p2|6
|gen|3
|tier|[Gen 3] OU
|rule|Sleep Clause Mod: Limit one foe put to sleep
|rule|Switch Priority Clause Mod: Faster Pokémon switch first
|rule|Species Clause: Limit one of each Pokémon
|rule|OHKO Clause: OHKO moves are banned
|rule|Evasion Items Clause: Evasion items are banned
|rule|Evasion Moves Clause: Evasion moves are banned
|rule|Endless Battle Clause: Forcing endless battles is banned
|rule|HP Percentage Mod: HP is shown in percentages
|rule|One Boost Passer Clause: Limit one Baton Passer that has a way to boost its stats
|rule|Freeze Clause Mod: Limit one foe frozen
|
|t:|1728131486
|start
|switch|p1a: Jirachi|Jirachi|100/100
|switch|p2a: Pokemon|Tyranitar, F|100/100
|-weather|Sandstorm|[from] ability: Sand Stream|[of] p2a: Pokemon
|turn|1
|c|☆Nun_IE|game 2
|
|t:|1728131493
|move|p1a: Jirachi|Toxic|p2a: Pokemon
|-status|p2a: Pokemon|tox
|move|p2a: Pokemon|Earthquake|p1a: Jirachi
|-supereffective|p1a: Jirachi
|-damage|p1a: Jirachi|61/100
|
|-weather|Sandstorm|[upkeep]
|-heal|p1a: Jirachi|67/100|[from] item: Leftovers
|-damage|p2a: Pokemon|94/100 tox|[from] psn
|upkeep
|turn|2
|c|☆RetiredBohrier|Indeed
|
|t:|1728131505
|switch|p2a: Yugioh|Skarmory, F, shiny|100/100
|move|p1a: Jirachi|Wish|p1a: Jirachi
|
|-weather|Sandstorm|[upkeep]
|-heal|p1a: Jirachi|74/100|[from] item: Leftovers
|upkeep
|turn|3
|
|t:|1728131512
|move|p1a: Jirachi|Fire Punch|p2a: Yugioh
|-supereffective|p2a: Yugioh
|-damage|p2a: Yugioh|66/100
|-status|p2a: Yugioh|brn
|move|p2a: Yugioh|Spikes|p1a: Jirachi
|-sidestart|p1: RetiredBohrier|Spikes
|
|-heal|p1a: Jirachi|100/100|[from] move: Wish|[wisher] Jirachi
|-weather|Sandstorm|[upkeep]
|-heal|p2a: Yugioh|72/100 brn|[from] item: Leftovers
|-damage|p2a: Yugioh|60/100 brn|[from] brn
|upkeep
|turn|4
|
|t:|1728131523
|switch|p1a: Claydol|Claydol|100/100
|move|p2a: Yugioh|Spikes|p1a: Claydol
|-sidestart|p1: RetiredBohrier|Spikes
|
|-weather|Sandstorm|[upkeep]
|-heal|p2a: Yugioh|66/100 brn|[from] item: Leftovers
|-damage|p2a: Yugioh|54/100 brn|[from] brn
|upkeep
|turn|5
|
|t:|1728131530
|switch|p2a: Gwent|Articuno|100/100
|move|p1a: Claydol|Rapid Spin|p2a: Gwent
|-damage|p2a: Gwent|96/100
|-sideend|p1: RetiredBohrier|Spikes|[from] move: Rapid Spin|[of] p1a: Claydol
|
|-weather|Sandstorm|[upkeep]
|-damage|p2a: Gwent|90/100|[from] Sandstorm
|-heal|p2a: Gwent|96/100|[from] item: Leftovers
|upkeep
|turn|6
|
|t:|1728131539
|switch|p1a: Blissey|Blissey, F|100/100
|move|p2a: Gwent|Heal Bell|p2a: Gwent
|-activate|p2a: Gwent|move: Heal Bell
|-curestatus|p2: Pokemon|tox|[silent]
|-curestatus|p2: Yugioh|brn|[silent]
|
|-weather|Sandstorm|[upkeep]
|-damage|p2a: Gwent|90/100|[from] Sandstorm
|-damage|p1a: Blissey|94/100|[from] Sandstorm
|-heal|p2a: Gwent|96/100|[from] item: Leftovers
|-heal|p1a: Blissey|100/100|[from] item: Leftovers
|upkeep
|turn|7
|
|t:|1728131554
|switch|p2a: Yugioh|Skarmory, F, shiny|54/100
|move|p1a: Blissey|Seismic Toss|p2a: Yugioh
|-damage|p2a: Yugioh|24/100
|
|-weather|Sandstorm|[upkeep]
|-damage|p1a: Blissey|94/100|[from] Sandstorm
|-heal|p2a: Yugioh|30/100|[from] item: Leftovers
|-heal|p1a: Blissey|100/100|[from] item: Leftovers
|upkeep
|turn|8
|
|t:|1728131565
|move|p2a: Yugioh|Protect|p2a: Yugioh
|-singleturn|p2a: Yugioh|Protect
|move|p1a: Blissey|Seismic Toss|p2a: Yugioh
|-activate|p2a: Yugioh|Protect
|
|-weather|Sandstorm|[upkeep]
|-damage|p1a: Blissey|94/100|[from] Sandstorm
|-heal|p2a: Yugioh|36/100|[from] item: Leftovers
|-heal|p1a: Blissey|100/100|[from] item: Leftovers
|upkeep
|turn|9
|
|t:|1728131583
|move|p2a: Yugioh|Toxic|p1a: Blissey
|-status|p1a: Blissey|tox
|move|p1a: Blissey|Seismic Toss|p2a: Yugioh
|-damage|p2a: Yugioh|6/100
|
|-weather|Sandstorm|[upkeep]
|-damage|p1a: Blissey|94/100 tox|[from] Sandstorm
|-heal|p2a: Yugioh|12/100|[from] item: Leftovers
|-heal|p1a: Blissey|100/100 tox|[from] item: Leftovers
|-damage|p1a: Blissey|94/100 tox|[from] psn
|upkeep
|turn|10
|
|t:|1728131593
|-curestatus|p1a: Blissey|tox|[from] ability: Natural Cure
|switch|p1a: Jirachi|Jirachi|100/100
|move|p2a: Yugioh|Protect||[still]
|-fail|p2a: Yugioh
|
|-weather|Sandstorm|[upkeep]
|-heal|p2a: Yugioh|18/100|[from] item: Leftovers
|upkeep
|turn|11
|
|t:|1728131601
|switch|p2a: MagicTheGathering|Flygon, F|100/100
|move|p1a: Jirachi|Fire Punch|p2a: MagicTheGathering
|-resisted|p2a: MagicTheGathering
|-damage|p2a: MagicTheGathering|90/100
|
|-weather|Sandstorm|[upkeep]
|-heal|p2a: MagicTheGathering|96/100|[from] item: Leftovers
|upkeep
|turn|12
|
|t:|1728131611
|move|p2a: MagicTheGathering|Earthquake|p1a: Jirachi
|-supereffective|p1a: Jirachi
|-damage|p1a: Jirachi|56/100
|move|p1a: Jirachi|Toxic|p2a: MagicTheGathering
|-status|p2a: MagicTheGathering|tox
|
|-weather|Sandstorm|[upkeep]
|-heal|p1a: Jirachi|63/100|[from] item: Leftovers
|-heal|p2a: MagicTheGathering|100/100 tox|[from] item: Leftovers
|-damage|p2a: MagicTheGathering|94/100 tox|[from] psn
|upkeep
|turn|13
|
|t:|1728131622
|move|p1a: Jirachi|Protect|p1a: Jirachi
|-singleturn|p1a: Jirachi|Protect
|move|p2a: MagicTheGathering|Earthquake|p1a: Jirachi
|-activate|p1a: Jirachi|Protect
|
|-weather|Sandstorm|[upkeep]
|-heal|p1a: Jirachi|69/100|[from] item: Leftovers
|-heal|p2a: MagicTheGathering|100/100 tox|[from] item: Leftovers
|-damage|p2a: MagicTheGathering|88/100 tox|[from] psn
|upkeep
|turn|14
|
|t:|1728131631
|switch|p2a: Runeterra|Jirachi|100/100
|switch|p1a: Skarmory|Skarmory, M|100/100
|
|-weather|Sandstorm|[upkeep]
|upkeep
|turn|15
|
|t:|1728131640
|switch|p1a: Blissey|Blissey, F|94/100
|move|p2a: Runeterra|Fire Punch|p1a: Blissey
|-damage|p1a: Blissey|87/100
|
|-weather|Sandstorm|[upkeep]
|-damage|p1a: Blissey|81/100|[from] Sandstorm
|-heal|p1a: Blissey|87/100|[from] item: Leftovers
|upkeep
|turn|16
|
|t:|1728131650
|switch|p2a: Gwent|Articuno|96/100
|switch|p1a: Suicune|Suicune|100/100
|
|-weather|Sandstorm|[upkeep]
|-damage|p1a: Suicune|94/100|[from] Sandstorm
|-damage|p2a: Gwent|90/100|[from] Sandstorm
|-heal|p1a: Suicune|100/100|[from] item: Leftovers
|-heal|p2a: Gwent|96/100|[from] item: Leftovers
|upkeep
|turn|17
|
|t:|1728131659
|move|p1a: Suicune|Calm Mind|p1a: Suicune
|-boost|p1a: Suicune|spa|1
|-boost|p1a: Suicune|spd|1
|move|p2a: Gwent|Heal Bell|p2a: Gwent
|-activate|p2a: Gwent|move: Heal Bell
|-curestatus|p2: MagicTheGathering|tox|[silent]
|
|-weather|Sandstorm|[upkeep]
|-damage|p1a: Suicune|94/100|[from] Sandstorm
|-damage|p2a: Gwent|90/100|[from] Sandstorm
|-heal|p1a: Suicune|100/100|[from] item: Leftovers
|-heal|p2a: Gwent|96/100|[from] item: Leftovers
|upkeep
|turn|18
|
|t:|1728131669
|move|p1a: Suicune|Surf|p2a: Gwent
|-damage|p2a: Gwent|70/100
|move|p2a: Gwent|Roar|p1a: Suicune
|drag|p1a: Dugtrio|Dugtrio, M|100/100
|
|-weather|Sandstorm|[upkeep]
|-damage|p2a: Gwent|64/100|[from] Sandstorm
|-heal|p2a: Gwent|70/100|[from] item: Leftovers
|upkeep
|turn|19
|
|t:|1728131691
|switch|p1a: Blissey|Blissey, F|87/100
|switch|p2a: MagicTheGathering|Flygon, F|88/100
|
|-weather|Sandstorm|[upkeep]
|-damage|p1a: Blissey|81/100|[from] Sandstorm
|-heal|p2a: MagicTheGathering|94/100|[from] item: Leftovers
|-heal|p1a: Blissey|87/100|[from] item: Leftovers
|upkeep
|turn|20
|inactive|RetiredBohrier has 270 seconds left.
|
|t:|1728131725
|move|p2a: MagicTheGathering|Toxic|p1a: Blissey
|-status|p1a: Blissey|tox
|move|p1a: Blissey|Ice Beam|p2a: MagicTheGathering
|-supereffective|p2a: MagicTheGathering
|-damage|p2a: MagicTheGathering|0 fnt
|faint|p2a: MagicTheGathering
|
|t:|1728131736
|switch|p2a: Pokemon|Tyranitar, F|94/100
|
|-weather|Sandstorm|[upkeep]
|-damage|p1a: Blissey|81/100 tox|[from] Sandstorm
|-heal|p2a: Pokemon|100/100|[from] item: Leftovers
|-heal|p1a: Blissey|87/100 tox|[from] item: Leftovers
|-damage|p1a: Blissey|81/100 tox|[from] psn
|upkeep
|turn|21
|
|t:|1728131744
|-curestatus|p1a: Blissey|tox|[from] ability: Natural Cure
|switch|p1a: Suicune|Suicune|100/100
|move|p2a: Pokemon|Earthquake|p1a: Suicune
|-damage|p1a: Suicune|83/100
|
|-weather|Sandstorm|[upkeep]
|-damage|p1a: Suicune|77/100|[from] Sandstorm
|-heal|p1a: Suicune|83/100|[from] item: Leftovers
|upkeep
|turn|22
|
|t:|1728131762
|switch|p2a: Yugioh|Skarmory, F, shiny|18/100
|move|p1a: Suicune|Surf|p2a: Yugioh
|-damage|p2a: Yugioh|0 fnt
|faint|p2a: Yugioh
|
|t:|1728131776
|switch|p2a: Runeterra|Jirachi|100/100
|
|-weather|Sandstorm|[upkeep]
|-damage|p1a: Suicune|77/100|[from] Sandstorm
|-heal|p1a: Suicune|83/100|[from] item: Leftovers
|upkeep
|turn|23
|
|t:|1728131782
|move|p1a: Suicune|Calm Mind|p1a: Suicune
|-boost|p1a: Suicune|spa|1
|-boost|p1a: Suicune|spd|1
|move|p2a: Runeterra|Body Slam|p1a: Suicune
|-damage|p1a: Suicune|71/100
|
|-weather|Sandstorm|[upkeep]
|-damage|p1a: Suicune|65/100|[from] Sandstorm
|-heal|p1a: Suicune|71/100|[from] item: Leftovers
|upkeep
|turn|24
|
|t:|1728131790
|move|p1a: Suicune|Surf|p2a: Runeterra
|-damage|p2a: Runeterra|73/100
|move|p2a: Runeterra|Body Slam|p1a: Suicune
|-damage|p1a: Suicune|59/100
|-status|p1a: Suicune|par
|
|-weather|Sandstorm|[upkeep]
|-damage|p1a: Suicune|53/100 par|[from] Sandstorm
|-heal|p2a: Runeterra|79/100|[from] item: Leftovers
|-heal|p1a: Suicune|59/100 par|[from] item: Leftovers
|upkeep
|turn|25
|
|t:|1728131801
|move|p2a: Runeterra|Body Slam|p1a: Suicune
|-damage|p1a: Suicune|48/100 par
|move|p1a: Suicune|Rest|p1a: Suicune
|-status|p1a: Suicune|slp|[from] move: Rest
|-heal|p1a: Suicune|100/100 slp|[silent]
|
|-weather|Sandstorm|[upkeep]
|-damage|p1a: Suicune|94/100 slp|[from] Sandstorm
|-heal|p1a: Suicune|100/100 slp|[from] item: Leftovers
|-heal|p2a: Runeterra|85/100|[from] item: Leftovers
|upkeep
|turn|26
|
|t:|1728131813
|switch|p1a: Blissey|Blissey, F|81/100
|switch|p2a: Hearthstone|Moltres|100/100
|
|-weather|Sandstorm|[upkeep]
|-damage|p2a: Hearthstone|94/100|[from] Sandstorm
|-damage|p1a: Blissey|75/100|[from] Sandstorm
|-heal|p2a: Hearthstone|100/100|[from] item: Leftovers
|-heal|p1a: Blissey|81/100|[from] item: Leftovers
|upkeep
|turn|27
|
|t:|1728131823
|move|p1a: Blissey|Aromatherapy|p1a: Blissey
|-cureteam|p1a: Blissey|[from] move: Aromatherapy
|move|p2a: Hearthstone|Roar|p1a: Blissey
|drag|p1a: Dugtrio|Dugtrio, M|100/100
|
|-weather|Sandstorm|[upkeep]
|-damage|p2a: Hearthstone|94/100|[from] Sandstorm
|-heal|p2a: Hearthstone|100/100|[from] item: Leftovers
|upkeep
|turn|28
|
|t:|1728131831
|switch|p1a: Blissey|Blissey, F|81/100
|move|p2a: Hearthstone|Hidden Power|p1a: Blissey
|-damage|p1a: Blissey|71/100
|
|-weather|Sandstorm|[upkeep]
|-damage|p2a: Hearthstone|94/100|[from] Sandstorm
|-damage|p1a: Blissey|64/100|[from] Sandstorm
|-heal|p2a: Hearthstone|100/100|[from] item: Leftovers
|-heal|p1a: Blissey|71/100|[from] item: Leftovers
|upkeep
|turn|29
|
|t:|1728131840
|move|p2a: Hearthstone|Flamethrower|p1a: Blissey
|-damage|p1a: Blissey|49/100
|move|p1a: Blissey|Seismic Toss|p2a: Hearthstone
|-damage|p2a: Hearthstone|69/100
|
|-weather|Sandstorm|[upkeep]
|-damage|p2a: Hearthstone|63/100|[from] Sandstorm
|-damage|p1a: Blissey|42/100|[from] Sandstorm
|-heal|p2a: Hearthstone|69/100|[from] item: Leftovers
|-heal|p1a: Blissey|49/100|[from] item: Leftovers
|upkeep
|turn|30
|
|t:|1728131852
|move|p2a: Hearthstone|Flamethrower|p1a: Blissey
|-damage|p1a: Blissey|25/100
|-status|p1a: Blissey|brn
|move|p1a: Blissey|Soft-Boiled|p1a: Blissey
|-heal|p1a: Blissey|75/100 brn
|
|-weather|Sandstorm|[upkeep]
|-damage|p2a: Hearthstone|63/100|[from] Sandstorm
|-damage|p1a: Blissey|69/100 brn|[from] Sandstorm
|-heal|p2a: Hearthstone|69/100|[from] item: Leftovers
|-heal|p1a: Blissey|75/100 brn|[from] item: Leftovers
|-damage|p1a: Blissey|63/100 brn|[from] brn
|upkeep
|turn|31
|
|t:|1728131864
|move|p2a: Hearthstone|Flamethrower|p1a: Blissey
|-damage|p1a: Blissey|42/100 brn
|move|p1a: Blissey|Soft-Boiled|p1a: Blissey
|-heal|p1a: Blissey|92/100 brn
|
|-weather|Sandstorm|[upkeep]
|-damage|p2a: Hearthstone|63/100|[from] Sandstorm
|-damage|p1a: Blissey|86/100 brn|[from] Sandstorm
|-heal|p2a: Hearthstone|69/100|[from] item: Leftovers
|-heal|p1a: Blissey|92/100 brn|[from] item: Leftovers
|-damage|p1a: Blissey|79/100 brn|[from] brn
|upkeep
|turn|32
|
|t:|1728131877
|-curestatus|p1a: Blissey|brn|[from] ability: Natural Cure
|switch|p1a: Suicune|Suicune|100/100
|move|p2a: Hearthstone|Flamethrower|p1a: Suicune
|-resisted|p1a: Suicune
|-damage|p1a: Suicune|82/100
|
|-weather|Sandstorm|[upkeep]
|-damage|p2a: Hearthstone|63/100|[from] Sandstorm
|-damage|p1a: Suicune|76/100|[from] Sandstorm
|-heal|p2a: Hearthstone|69/100|[from] item: Leftovers
|-heal|p1a: Suicune|82/100|[from] item: Leftovers
|upkeep
|turn|33
|
|t:|1728131888
|move|p2a: Hearthstone|Hidden Power|p1a: Suicune
|-supereffective|p1a: Suicune
|-damage|p1a: Suicune|46/100
|move|p1a: Suicune|Calm Mind|p1a: Suicune
|-boost|p1a: Suicune|spa|1
|-boost|p1a: Suicune|spd|1
|
|-weather|Sandstorm|[upkeep]
|-damage|p2a: Hearthstone|63/100|[from] Sandstorm
|-damage|p1a: Suicune|40/100|[from] Sandstorm
|-heal|p2a: Hearthstone|69/100|[from] item: Leftovers
|-heal|p1a: Suicune|46/100|[from] item: Leftovers
|upkeep
|turn|34
|
|t:|1728131899
|move|p2a: Hearthstone|Hidden Power|p1a: Suicune
|-supereffective|p1a: Suicune
|-damage|p1a: Suicune|17/100
|move|p1a: Suicune|Surf|p2a: Hearthstone
|-supereffective|p2a: Hearthstone
|-damage|p2a: Hearthstone|0 fnt
|faint|p2a: Hearthstone
|
|t:|1728131907
|switch|p2a: Pokemon|Tyranitar, F|100/100
|
|-weather|Sandstorm|[upkeep]
|-damage|p1a: Suicune|11/100|[from] Sandstorm
|-heal|p1a: Suicune|17/100|[from] item: Leftovers
|upkeep
|turn|35
|
|t:|1728131913
|move|p1a: Suicune|Surf|p2a: Pokemon
|-supereffective|p2a: Pokemon
|-damage|p2a: Pokemon|25/100
|move|p2a: Pokemon|Earthquake|p1a: Suicune
|-damage|p1a: Suicune|0 fnt
|faint|p1a: Suicune
|
|t:|1728131916
|switch|p1a: Dugtrio|Dugtrio, M|100/100
|
|-weather|Sandstorm|[upkeep]
|-heal|p2a: Pokemon|31/100|[from] item: Leftovers
|upkeep
|turn|36
|
|t:|1728131924
|move|p1a: Dugtrio|Earthquake|p2a: Pokemon
|-supereffective|p2a: Pokemon
|-damage|p2a: Pokemon|0 fnt
|faint|p2a: Pokemon
|
|t:|1728131928
|switch|p2a: Gwent|Articuno|70/100
|
|-weather|Sandstorm|[upkeep]
|-damage|p2a: Gwent|64/100|[from] Sandstorm
|-heal|p2a: Gwent|70/100|[from] item: Leftovers
|upkeep
|turn|37
|
|t:|1728131933
|switch|p1a: Blissey|Blissey, F|79/100
|move|p2a: Gwent|Ice Beam|p1a: Blissey
|-damage|p1a: Blissey|66/100
|-status|p1a: Blissey|frz
|
|-weather|Sandstorm|[upkeep]
|-damage|p2a: Gwent|64/100|[from] Sandstorm
|-damage|p1a: Blissey|60/100 frz|[from] Sandstorm
|-heal|p2a: Gwent|70/100|[from] item: Leftovers
|-heal|p1a: Blissey|66/100 frz|[from] item: Leftovers
|upkeep
|turn|38
|
|t:|1728131944
|-curestatus|p1a: Blissey|frz|[from] ability: Natural Cure
|switch|p1a: Jirachi|Jirachi|69/100
|move|p2a: Gwent|Ice Beam|p1a: Jirachi
|-resisted|p1a: Jirachi
|-crit|p1a: Jirachi
|-damage|p1a: Jirachi|42/100
|
|-weather|Sandstorm|[upkeep]
|-damage|p2a: Gwent|64/100|[from] Sandstorm
|-heal|p1a: Jirachi|48/100|[from] item: Leftovers
|-heal|p2a: Gwent|70/100|[from] item: Leftovers
|upkeep
|turn|39
|
|t:|1728131954
|move|p1a: Jirachi|Wish|p1a: Jirachi
|move|p2a: Gwent|Ice Beam|p1a: Jirachi
|-resisted|p1a: Jirachi
|-damage|p1a: Jirachi|35/100
|-status|p1a: Jirachi|frz
|
|-weather|Sandstorm|[upkeep]
|-damage|p2a: Gwent|64/100|[from] Sandstorm
|-heal|p1a: Jirachi|42/100 frz|[from] item: Leftovers
|-heal|p2a: Gwent|70/100|[from] item: Leftovers
|upkeep
|turn|40
|c|☆Nun_IE|gg I cannot break this
|c|☆RetiredBohrier|Yeah
|-message|Nun_IE forfeited.
|
|win|RetiredBohrier
|c|☆RetiredBohrier|stall is stall
|player|p1|
|player|p1|RetiredBohrier|101|

</script>
<script type="application/json" class="data" id="replaydata-smogtours-gen3ou-794877">
{"id":"smogtours-gen3ou-794877","format":"[Gen 3] OU","players":["RetiredBohrier","Nun_IE"],"uploadtime":1728131968,"views":105,"formatid":"gen3ou","rating":null,"private":0,"password":null}
</script>

<script defer src="js/replays.js?9d40a366"></script>
