<!DOCTYPE html>
<meta charset="utf-8" />
<meta name="viewport" content="width=device-width" />

<title>[Gen 3] OU: leoperi99 vs. alphasapphire918 - Replays - Pok&eacute;mon Showdown!</title>

<meta name="description" content="Watch a replay of a Pok&eacute;mon battle between leoperi99 and alphasapphire918! Format: [Gen 3] OU; Date: Oct 26, 2024" />
<!--

Hey, you! Looking in the source for the replay log?

You can find them in JSON format, just add `.json` at the end of a replay URL.

https://replay.pokemonshowdown.com/gen7randomdoublesbattle-865046831.json

Or, if you only need the log itself, add `.log` instead:

https://replay.pokemonshowdown.com/gen7randomdoublesbattle-865046831.log

-->

<link rel="stylesheet" href="//pokemonshowdown.com/style/global.css?0.023195364461161105" />
<link rel="stylesheet" href="//play.pokemonshowdown.com/style/font-awesome.css?0.13261647063804238" />
<link rel="stylesheet" href="//play.pokemonshowdown.com/style/battle.css?0.8753245789963631" />
<link rel="stylesheet" href="//play.pokemonshowdown.com/style/utilichart.css?0.8627959624976733" />

<!-- Global site tag (gtag.js) - Google Analytics -->
<script async src="https://www.googletagmanager.com/gtag/js?id=UA-26211653-1"></script>
<script>
  window.dataLayer = window.dataLayer || [];
  function gtag(){dataLayer.push(arguments);}
  gtag('js', new Date());

  gtag('config', 'UA-26211653-1');
</script>
<!-- End Google Analytics -->
<!-- Venatus Ad Manager - Install in <HEAD> of page -->
	<script src="https://hb.vntsm.com/v3/live/ad-manager.min.js" type="text/javascript" data-site-id="642aba63ec9a7b11c3c9c1be" data-mode="scan" async></script>
<!-- / Venatus Ad Manager -->

<style>
	@media (max-width:820px) {
		.battle {
			margin: 0 auto;
		}
		.battle-log {
			margin: 7px auto 0;
			max-width: 640px;
			height: 300px;
			position: static;
		}
	}
	.optgroup {
		display: inline-block;
		line-height: 22px;
		font-size: 10pt;
	}
	.optgroup .button {
		height: 25px;
		padding-top: 0;
		padding-bottom: 0;
	}
	.optgroup button.button {
		padding-left: 12px;
		padding-right: 12px;
	}
	.linklist {
		list-style: none;
		margin: 0.5em 0;
		padding: 0;
	}
	.linklist li {
		padding: 2px 0;
	}
	.sidebar {
		float: left;
		width: 320px;
	}
	.bar-wrapper {
		max-width: 1100px;
		margin: 0 auto;
	}
	.bar-wrapper.has-sidebar {
		max-width: 1430px;
	}
	.mainbar {
		margin: 0;
		padding-right: 1px;
	}
	.mainbar.has-sidebar {
		margin-left: 330px;
	}
	@media (min-width: 1511px) {
		.sidebar {
			width: 400px;
		}
		.bar-wrapper.has-sidebar {
			max-width: 1510px;
		}
		.mainbar.has-sidebar {
			margin-left: 410px;
		}
	}
	.section.first-section {
		margin-top: 9px;
	}
	.blocklink small {
		white-space: normal;
	}
	.button {
		vertical-align: middle;
	}
	.replay-controls {
		padding-top: 10px;
	}
	.replay-controls h1 {
		font-size: 16pt;
		font-weight: normal;
		color: #CCC;
	}
	.pagelink {
		text-align: center;
	}
	.pagelink a {
		width: 150px;
	}
	.textbox, .button {
		font-size: 11pt;
		vertical-align: middle;
	}
	@media (max-width: 450px) {
		.button {
			font-size: 9pt;
		}
	}
</style>

<div>

	<header>
		<div class="nav-wrapper"><ul class="nav">
			<li><a class="button nav-first" href="//pokemonshowdown.com/"><img src="//pokemonshowdown.com/images/pokemonshowdownbeta.png" srcset="//pokemonshowdown.com/images/pokemonshowdownbeta.png 1x, //pokemonshowdown.com/images/pokemonshowdownbeta@2x.png 2x" alt="Pok&eacute;mon Showdown" width="146" height="44" /> Home</a></li>
			<li><a class="button" href="//pokemonshowdown.com/dex/">Pok&eacute;dex</a></li>
			<li><a class="button cur" href="/">Replays</a></li>
			<li><a class="button" href="//pokemonshowdown.com/ladder/">Ladder</a></li>
			<li><a class="button nav-last" href="//pokemonshowdown.com/forums/">Forum</a></li>
			<li><a class="button greenbutton nav-first nav-last" href="//play.pokemonshowdown.com/">Play</a></li>
		</ul></div>
	</header>

	<div class="main" id="main">

		<noscript><section class="section">You need to enable JavaScript to use this page; sorry!</section></noscript>

	</div>

</div>

<script defer nomodule src="//play.pokemonshowdown.com/js/lib/ps-polyfill.js"></script>
<script defer src="//play.pokemonshowdown.com/js/lib/preact.min.js"></script>

<script defer src="//play.pokemonshowdown.com/config/config.js?2bddbc15"></script>
<script defer src="//play.pokemonshowdown.com/js/lib/jquery-1.11.0.min.js"></script>
<script defer src="//play.pokemonshowdown.com/js/lib/html-sanitizer-minified.js"></script>
<script defer src="//play.pokemonshowdown.com/js/battle-sound.js"></script>
<script defer src="//play.pokemonshowdown.com/js/battledata.js?0.7209276989879541"></script>
<script defer src="//play.pokemonshowdown.com/data/pokedex-mini.js?0.6111056340867951"></script>
<script defer src="//play.pokemonshowdown.com/data/pokedex-mini-bw.js?0.3532142036491459"></script>
<script defer src="//play.pokemonshowdown.com/data/graphics.js?0.24223875632456182"></script>
<script defer src="//play.pokemonshowdown.com/data/pokedex.js?0.38839984266356864"></script>
<script defer src="//play.pokemonshowdown.com/data/moves.js?0.21866028504024015"></script>
<script defer src="//play.pokemonshowdown.com/data/abilities.js?0.2005157953846628"></script>
<script defer src="//play.pokemonshowdown.com/data/items.js?0.9894211263848525"></script>
<script defer src="//play.pokemonshowdown.com/data/teambuilder-tables.js?0.6008791140282215"></script>
<script defer src="//play.pokemonshowdown.com/js/battle-tooltips.js?0.7580118955022959"></script>
<script defer src="//play.pokemonshowdown.com/js/battle.js?0.6057722274234274"></script>

<script defer src="js/utils.js?e31f9a17"></script>
<script defer src="js/replays-battle.js?7008c182"></script>

<!-- don't scrape this data! just add .json or .log after the URL!
Full API docs: https://github.com/smogon/pokemon-showdown-client/blob/master/WEB-API.md -->
<script type="text/plain" class="log" id="replaylog-smogtours-gen3ou-802346">
|inactive|Battle timer is ON: inactive players will automatically lose when time's up.
|t:|1729984243
|gametype|singles
|player|p1|leoperi99|hala|
|player|p2|alphasapphire918|galacticgruntf|
|teamsize|p1|6
|teamsize|p2|6
|gen|3
|tier|[Gen 3] OU
|rule|Sleep Clause Mod: Limit one foe put to sleep
|rule|Switch Priority Clause Mod: Faster Pokémon switch first
|rule|Species Clause: Limit one of each Pokémon
|rule|OHKO Clause: OHKO moves are banned
|rule|Evasion Items Clause: Evasion items are banned
|rule|Evasion Moves Clause: Evasion moves are banned
|rule|Endless Battle Clause: Forcing endless battles is banned
|rule|HP Percentage Mod: HP is shown in percentages
|rule|One Boost Passer Clause: Limit one Baton Passer that has a way to boost its stats
|rule|Freeze Clause Mod: Limit one foe frozen
|
|t:|1729984243
|start
|switch|p1a: Tyranitar|Tyranitar, F|100/100
|switch|p2a: Sky High|Zapdos|100/100
|-weather|Sandstorm|[from] ability: Sand Stream|[of] p1a: Tyranitar
|turn|1
|c|☆alphasapphire918|glhf!
|c|☆leoperi99|u2
|
|t:|1729984266
|move|p2a: Sky High|Baton Pass|p2a: Sky High
|
|t:|1729984277
|switch|p2a: Blue Rose|Suicune, shiny|100/100|[from] Baton Pass
|move|p1a: Tyranitar|Dragon Dance|p1a: Tyranitar
|-boost|p1a: Tyranitar|atk|1
|-boost|p1a: Tyranitar|spe|1
|
|-weather|Sandstorm|[upkeep]
|-damage|p2a: Blue Rose|94/100|[from] Sandstorm
|-heal|p2a: Blue Rose|100/100|[from] item: Leftovers
|upkeep
|turn|2
|inactive|leoperi99 has 270 seconds left.
|
|t:|1729984315
|move|p1a: Tyranitar|Rock Slide|p2a: Blue Rose
|-damage|p2a: Blue Rose|65/100
|cant|p2a: Blue Rose|flinch
|
|-weather|Sandstorm|[upkeep]
|-damage|p2a: Blue Rose|58/100|[from] Sandstorm
|-heal|p2a: Blue Rose|65/100|[from] item: Leftovers
|upkeep
|turn|3
|inactive|leoperi99 has 270 seconds left.
|
|t:|1729984323
|move|p1a: Tyranitar|Rock Slide|p2a: Blue Rose
|-damage|p2a: Blue Rose|33/100
|cant|p2a: Blue Rose|flinch
|
|-weather|Sandstorm|[upkeep]
|-damage|p2a: Blue Rose|27/100|[from] Sandstorm
|-heal|p2a: Blue Rose|33/100|[from] item: Leftovers
|upkeep
|turn|4
|
|t:|1729984338
|switch|p2a: Origami Cyclone|Jirachi|100/100
|move|p1a: Tyranitar|Double-Edge|p2a: Origami Cyclone
|-resisted|p2a: Origami Cyclone
|-damage|p2a: Origami Cyclone|81/100
|-damage|p1a: Tyranitar|94/100|[from] Recoil|[of] p2a: Origami Cyclone
|
|-weather|Sandstorm|[upkeep]
|-heal|p1a: Tyranitar|99/100|[from] item: Leftovers
|-heal|p2a: Origami Cyclone|87/100|[from] item: Leftovers
|upkeep
|turn|5
|
|t:|1729984347
|move|p1a: Tyranitar|Earthquake|p2a: Origami Cyclone
|-supereffective|p2a: Origami Cyclone
|-damage|p2a: Origami Cyclone|27/100
|move|p2a: Origami Cyclone|Wish|p2a: Origami Cyclone
|
|-weather|Sandstorm|[upkeep]
|-heal|p1a: Tyranitar|100/100|[from] item: Leftovers
|-heal|p2a: Origami Cyclone|33/100|[from] item: Leftovers
|upkeep
|turn|6
|
|t:|1729984376
|switch|p2a: Barnaby|Breloom, M, shiny|100/100
|move|p1a: Tyranitar|Rock Slide|p2a: Barnaby|[miss]
|-miss|p1a: Tyranitar|p2a: Barnaby
|
|-weather|Sandstorm|[upkeep]
|-damage|p2a: Barnaby|94/100|[from] Sandstorm
|-heal|p2a: Barnaby|100/100|[from] item: Leftovers
|upkeep
|turn|7
|inactive|leoperi99 has 270 seconds left.
|
|t:|1729984414
|move|p2a: Barnaby|Mach Punch|p1a: Tyranitar
|-supereffective|p1a: Tyranitar
|-damage|p1a: Tyranitar|31/100
|move|p1a: Tyranitar|Double-Edge|p2a: Barnaby
|-damage|p2a: Barnaby|9/100
|-damage|p1a: Tyranitar|11/100|[from] Recoil|[of] p2a: Barnaby
|
|-weather|Sandstorm|[upkeep]
|-damage|p2a: Barnaby|2/100|[from] Sandstorm
|-heal|p1a: Tyranitar|17/100|[from] item: Leftovers
|-heal|p2a: Barnaby|9/100|[from] item: Leftovers
|upkeep
|turn|8
|inactive|leoperi99 has 270 seconds left.
|
|t:|1729984428
|switch|p1a: Aerodactyl|Aerodactyl, M|100/100
|move|p2a: Barnaby|Mach Punch|p1a: Aerodactyl
|-damage|p1a: Aerodactyl|63/100
|
|-weather|Sandstorm|[upkeep]
|-damage|p2a: Barnaby|2/100|[from] Sandstorm
|-heal|p2a: Barnaby|9/100|[from] item: Leftovers
|upkeep
|turn|9
|inactive|alphasapphire918 has 270 seconds left.
|
|t:|1729984449
|switch|p2a: Origami Cyclone|Jirachi|33/100
|move|p1a: Aerodactyl|Double-Edge|p2a: Origami Cyclone
|-resisted|p2a: Origami Cyclone
|-damage|p2a: Origami Cyclone|15/100
|
|-weather|Sandstorm|[upkeep]
|-heal|p2a: Origami Cyclone|22/100|[from] item: Leftovers
|upkeep
|turn|10
|inactive|alphasapphire918 has 270 seconds left.
|
|t:|1729984454
|switch|p1a: Tyranitar|Tyranitar, F|17/100
|move|p2a: Origami Cyclone|Wish|p2a: Origami Cyclone
|
|-weather|Sandstorm|[upkeep]
|-heal|p2a: Origami Cyclone|28/100|[from] item: Leftovers
|-heal|p1a: Tyranitar|23/100|[from] item: Leftovers
|upkeep
|turn|11
|inactive|alphasapphire918 has 270 seconds left.
|
|t:|1729984473
|move|p2a: Origami Cyclone|Thunder|p1a: Tyranitar
|-damage|p1a: Tyranitar|0 fnt
|faint|p1a: Tyranitar
|
|t:|1729984483
|switch|p1a: Jolteon|Jolteon, M|100/100
|
|-heal|p2a: Origami Cyclone|78/100|[from] move: Wish|[wisher] Origami Cyclone
|-weather|Sandstorm|[upkeep]
|-damage|p1a: Jolteon|94/100|[from] Sandstorm
|-heal|p1a: Jolteon|100/100|[from] item: Leftovers
|-heal|p2a: Origami Cyclone|84/100|[from] item: Leftovers
|upkeep
|turn|12
|
|t:|1729984491
|move|p1a: Jolteon|Thunderbolt|p2a: Origami Cyclone
|-damage|p2a: Origami Cyclone|50/100
|move|p2a: Origami Cyclone|Calm Mind|p2a: Origami Cyclone
|-boost|p2a: Origami Cyclone|spa|1
|-boost|p2a: Origami Cyclone|spd|1
|
|-weather|Sandstorm|[upkeep]
|-damage|p1a: Jolteon|94/100|[from] Sandstorm
|-heal|p1a: Jolteon|100/100|[from] item: Leftovers
|-heal|p2a: Origami Cyclone|56/100|[from] item: Leftovers
|upkeep
|turn|13
|
|t:|1729984496
|move|p1a: Jolteon|Thunderbolt|p2a: Origami Cyclone
|-damage|p2a: Origami Cyclone|29/100
|move|p2a: Origami Cyclone|Wish|p2a: Origami Cyclone
|
|-weather|Sandstorm|[upkeep]
|-damage|p1a: Jolteon|94/100|[from] Sandstorm
|-heal|p1a: Jolteon|100/100|[from] item: Leftovers
|-heal|p2a: Origami Cyclone|35/100|[from] item: Leftovers
|upkeep
|turn|14
|
|t:|1729984507
|move|p1a: Jolteon|Baton Pass|p1a: Jolteon
|
|t:|1729984510
|switch|p1a: Metagross|Metagross|100/100|[from] Baton Pass
|move|p2a: Origami Cyclone|Calm Mind|p2a: Origami Cyclone
|-boost|p2a: Origami Cyclone|spa|1
|-boost|p2a: Origami Cyclone|spd|1
|
|-heal|p2a: Origami Cyclone|85/100|[from] move: Wish|[wisher] Origami Cyclone
|-weather|Sandstorm|[upkeep]
|-heal|p2a: Origami Cyclone|91/100|[from] item: Leftovers
|upkeep
|turn|15
|
|t:|1729984518
|move|p2a: Origami Cyclone|Fire Punch|p1a: Metagross
|-supereffective|p1a: Metagross
|-damage|p1a: Metagross|18/100
|move|p1a: Metagross|Explosion|p2a: Origami Cyclone
|-resisted|p2a: Origami Cyclone
|-damage|p2a: Origami Cyclone|46/100
|faint|p1a: Metagross
|
|t:|1729984527
|switch|p1a: Swampert|Swampert, F|100/100
|
|-weather|Sandstorm|[upkeep]
|-heal|p2a: Origami Cyclone|52/100|[from] item: Leftovers
|upkeep
|turn|16
|
|t:|1729984539
|switch|p2a: Sky High|Zapdos|100/100
|move|p1a: Swampert|Earthquake|p2a: Sky High
|-immune|p2a: Sky High
|
|-weather|Sandstorm|[upkeep]
|-damage|p2a: Sky High|94/100|[from] Sandstorm
|-heal|p2a: Sky High|100/100|[from] item: Leftovers
|upkeep
|turn|17
|
|t:|1729984546
|switch|p1a: Jolteon|Jolteon, M|100/100
|move|p2a: Sky High|Substitute|p2a: Sky High
|-start|p2a: Sky High|Substitute
|-damage|p2a: Sky High|76/100
|
|-weather|Sandstorm|[upkeep]
|-damage|p1a: Jolteon|94/100|[from] Sandstorm
|-damage|p2a: Sky High|69/100|[from] Sandstorm
|-heal|p1a: Jolteon|100/100|[from] item: Leftovers
|-heal|p2a: Sky High|76/100|[from] item: Leftovers
|upkeep
|turn|18
|
|t:|1729984556
|move|p1a: Jolteon|Thunderbolt|p2a: Sky High
|-end|p2a: Sky High|Substitute
|move|p2a: Sky High|Baton Pass|p2a: Sky High
|
|t:|1729984561
|switch|p2a: Rock Bison|Dugtrio, F, shiny|100/100|[from] Baton Pass
|
|-weather|Sandstorm|[upkeep]
|-damage|p1a: Jolteon|94/100|[from] Sandstorm
|-heal|p1a: Jolteon|100/100|[from] item: Leftovers
|upkeep
|turn|19
|
|t:|1729984565
|move|p1a: Jolteon|Baton Pass|p1a: Jolteon
|
|t:|1729984568
|switch|p1a: Skarmory|Skarmory, F|100/100|[from] Baton Pass
|move|p2a: Rock Bison|Earthquake|p1a: Skarmory
|-immune|p1a: Skarmory
|
|-weather|Sandstorm|[upkeep]
|upkeep
|turn|20
|
|t:|1729984579
|switch|p2a: Wild Tiger|Raikou, shiny|100/100
|move|p1a: Skarmory|Spikes|p2a: Wild Tiger
|-sidestart|p2: alphasapphire918|Spikes
|
|-weather|Sandstorm|[upkeep]
|-damage|p2a: Wild Tiger|94/100|[from] Sandstorm
|-heal|p2a: Wild Tiger|100/100|[from] item: Leftovers
|upkeep
|turn|21
|
|t:|1729984586
|move|p2a: Wild Tiger|Substitute|p2a: Wild Tiger
|-start|p2a: Wild Tiger|Substitute
|-damage|p2a: Wild Tiger|76/100
|move|p1a: Skarmory|Roar|p2a: Wild Tiger
|drag|p2a: Barnaby|Breloom, M, shiny|9/100
|-damage|p2a: Barnaby|0 fnt|[from] Spikes
|faint|p2a: Barnaby
|
|t:|1729984599
|switch|p2a: Wild Tiger|Raikou, shiny|76/100
|-damage|p2a: Wild Tiger|63/100|[from] Spikes
|
|-weather|Sandstorm|[upkeep]
|-damage|p2a: Wild Tiger|57/100|[from] Sandstorm
|-heal|p2a: Wild Tiger|63/100|[from] item: Leftovers
|upkeep
|turn|22
|
|t:|1729984611
|move|p2a: Wild Tiger|Calm Mind|p2a: Wild Tiger
|-boost|p2a: Wild Tiger|spa|1
|-boost|p2a: Wild Tiger|spd|1
|move|p1a: Skarmory|Roar|p2a: Wild Tiger
|drag|p2a: Origami Cyclone|Jirachi|52/100
|-damage|p2a: Origami Cyclone|40/100|[from] Spikes
|
|-weather|Sandstorm|[upkeep]
|-heal|p2a: Origami Cyclone|46/100|[from] item: Leftovers
|upkeep
|turn|23
|
|t:|1729984616
|switch|p1a: Swampert|Swampert, F|100/100
|move|p2a: Origami Cyclone|Wish|p2a: Origami Cyclone
|
|-weather|Sandstorm|[upkeep]
|-heal|p2a: Origami Cyclone|52/100|[from] item: Leftovers
|upkeep
|turn|24
|
|t:|1729984626
|switch|p2a: Blue Rose|Suicune, shiny|33/100
|-damage|p2a: Blue Rose|21/100|[from] Spikes
|move|p1a: Swampert|Hydro Pump|p2a: Blue Rose
|-resisted|p2a: Blue Rose
|-damage|p2a: Blue Rose|1/100
|
|-heal|p2a: Blue Rose|51/100|[from] move: Wish|[wisher] Origami Cyclone
|-weather|Sandstorm|[upkeep]
|-damage|p2a: Blue Rose|45/100|[from] Sandstorm
|-heal|p2a: Blue Rose|51/100|[from] item: Leftovers
|upkeep
|turn|25
|
|t:|1729984643
|switch|p1a: Skarmory|Skarmory, F|100/100
|move|p2a: Blue Rose|Calm Mind|p2a: Blue Rose
|-boost|p2a: Blue Rose|spa|1
|-boost|p2a: Blue Rose|spd|1
|
|-weather|Sandstorm|[upkeep]
|-damage|p2a: Blue Rose|45/100|[from] Sandstorm
|-heal|p2a: Blue Rose|51/100|[from] item: Leftovers
|upkeep
|turn|26
|
|t:|1729984648
|move|p2a: Blue Rose|Surf|p1a: Skarmory
|-damage|p1a: Skarmory|57/100
|move|p1a: Skarmory|Toxic|p2a: Blue Rose
|-status|p2a: Blue Rose|tox
|
|-weather|Sandstorm|[upkeep]
|-damage|p2a: Blue Rose|45/100 tox|[from] Sandstorm
|-heal|p2a: Blue Rose|51/100 tox|[from] item: Leftovers
|-damage|p2a: Blue Rose|45/100 tox|[from] psn
|-heal|p1a: Skarmory|63/100|[from] item: Leftovers
|upkeep
|turn|27
|
|t:|1729984659
|move|p2a: Blue Rose|Rest|p2a: Blue Rose
|-status|p2a: Blue Rose|slp|[from] move: Rest
|-heal|p2a: Blue Rose|100/100 slp|[silent]
|move|p1a: Skarmory|Spikes|p2a: Blue Rose
|-sidestart|p2: alphasapphire918|Spikes
|
|-weather|Sandstorm|[upkeep]
|-damage|p2a: Blue Rose|94/100 slp|[from] Sandstorm
|-heal|p2a: Blue Rose|100/100 slp|[from] item: Leftovers
|-heal|p1a: Skarmory|69/100|[from] item: Leftovers
|upkeep
|turn|28
|
|t:|1729984667
|move|p1a: Skarmory|Spikes|p2a: Blue Rose
|-sidestart|p2: alphasapphire918|Spikes
|cant|p2a: Blue Rose|slp
|
|-weather|Sandstorm|[upkeep]
|-damage|p2a: Blue Rose|94/100 slp|[from] Sandstorm
|-heal|p2a: Blue Rose|100/100 slp|[from] item: Leftovers
|-heal|p1a: Skarmory|75/100|[from] item: Leftovers
|upkeep
|turn|29
|
|t:|1729984673
|cant|p2a: Blue Rose|slp
|move|p1a: Skarmory|Roar|p2a: Blue Rose
|drag|p2a: Rock Bison|Dugtrio, F, shiny|100/100
|-damage|p2a: Rock Bison|76/100|[from] Spikes
|
|-weather|Sandstorm|[upkeep]
|-heal|p1a: Skarmory|81/100|[from] item: Leftovers
|upkeep
|turn|30
|
|t:|1729984687
|move|p2a: Rock Bison|Rock Slide|p1a: Skarmory
|-damage|p1a: Skarmory|60/100
|cant|p1a: Skarmory|flinch
|
|-weather|Sandstorm|[upkeep]
|-heal|p1a: Skarmory|66/100|[from] item: Leftovers
|upkeep
|turn|31
|
|t:|1729984698
|switch|p1a: Swampert|Swampert, F|100/100
|move|p2a: Rock Bison|Rock Slide|p1a: Swampert
|-resisted|p1a: Swampert
|-damage|p1a: Swampert|87/100
|
|-weather|Sandstorm|[upkeep]
|-heal|p1a: Swampert|94/100|[from] item: Leftovers
|upkeep
|turn|32
|
|t:|1729984727
|move|p2a: Rock Bison|Rock Slide|p1a: Swampert
|-resisted|p1a: Swampert
|-damage|p1a: Swampert|80/100
|cant|p1a: Swampert|flinch
|
|-weather|Sandstorm|[upkeep]
|-heal|p1a: Swampert|87/100|[from] item: Leftovers
|upkeep
|turn|33
|
|t:|1729984732
|move|p2a: Rock Bison|Rock Slide|p1a: Swampert
|-resisted|p1a: Swampert
|-damage|p1a: Swampert|74/100
|move|p1a: Swampert|Curse|p1a: Swampert
|-unboost|p1a: Swampert|spe|1
|-boost|p1a: Swampert|atk|1
|-boost|p1a: Swampert|def|1
|
|-weather|Sandstorm|[upkeep]
|-heal|p1a: Swampert|80/100|[from] item: Leftovers
|upkeep
|turn|34
|
|t:|1729984741
|move|p2a: Rock Bison|Rock Slide|p1a: Swampert
|-resisted|p1a: Swampert
|-damage|p1a: Swampert|71/100
|cant|p1a: Swampert|flinch
|
|-weather|Sandstorm|[upkeep]
|-heal|p1a: Swampert|78/100|[from] item: Leftovers
|upkeep
|turn|35
|
|t:|1729984748
|move|p2a: Rock Bison|Rock Slide|p1a: Swampert
|-resisted|p1a: Swampert
|-damage|p1a: Swampert|69/100
|move|p1a: Swampert|Earthquake|p2a: Rock Bison
|-damage|p2a: Rock Bison|0 fnt
|faint|p2a: Rock Bison
|
|t:|1729984757
|switch|p2a: Wild Tiger|Raikou, shiny|63/100
|-damage|p2a: Wild Tiger|38/100|[from] Spikes
|
|-weather|Sandstorm|[upkeep]
|-damage|p2a: Wild Tiger|32/100|[from] Sandstorm
|-heal|p2a: Wild Tiger|38/100|[from] item: Leftovers
|-heal|p1a: Swampert|75/100|[from] item: Leftovers
|upkeep
|turn|36
|
|t:|1729984765
|switch|p1a: Jolteon|Jolteon, M|100/100
|move|p2a: Wild Tiger|Hidden Power|p1a: Jolteon
|-damage|p1a: Jolteon|72/100
|
|-weather|Sandstorm|[upkeep]
|-damage|p1a: Jolteon|66/100|[from] Sandstorm
|-damage|p2a: Wild Tiger|32/100|[from] Sandstorm
|-heal|p1a: Jolteon|72/100|[from] item: Leftovers
|-heal|p2a: Wild Tiger|38/100|[from] item: Leftovers
|upkeep
|turn|37
|
|t:|1729984789
|switch|p2a: Blue Rose|Suicune, shiny|100/100 slp
|-damage|p2a: Blue Rose|76/100 slp|[from] Spikes
|move|p1a: Jolteon|Hidden Power|p2a: Blue Rose
|-supereffective|p2a: Blue Rose
|-damage|p2a: Blue Rose|43/100 slp
|
|-weather|Sandstorm|[upkeep]
|-damage|p1a: Jolteon|66/100|[from] Sandstorm
|-damage|p2a: Blue Rose|37/100 slp|[from] Sandstorm
|-heal|p1a: Jolteon|72/100|[from] item: Leftovers
|-heal|p2a: Blue Rose|43/100 slp|[from] item: Leftovers
|upkeep
|turn|38
|
|t:|1729984799
|move|p1a: Jolteon|Thunderbolt|p2a: Blue Rose
|-supereffective|p2a: Blue Rose
|-damage|p2a: Blue Rose|0 fnt
|faint|p2a: Blue Rose
|
|t:|1729984811
|switch|p2a: Origami Cyclone|Jirachi|52/100
|-damage|p2a: Origami Cyclone|27/100|[from] Spikes
|
|-weather|Sandstorm|[upkeep]
|-damage|p1a: Jolteon|66/100|[from] Sandstorm
|-heal|p1a: Jolteon|72/100|[from] item: Leftovers
|-heal|p2a: Origami Cyclone|33/100|[from] item: Leftovers
|upkeep
|turn|39
|
|t:|1729984818
|move|p1a: Jolteon|Thunderbolt|p2a: Origami Cyclone
|-damage|p2a: Origami Cyclone|0 fnt
|faint|p2a: Origami Cyclone
|
|t:|1729984823
|switch|p2a: Sky High|Zapdos|76/100
|
|-weather|Sandstorm|[upkeep]
|-damage|p1a: Jolteon|66/100|[from] Sandstorm
|-damage|p2a: Sky High|69/100|[from] Sandstorm
|-heal|p1a: Jolteon|72/100|[from] item: Leftovers
|-heal|p2a: Sky High|76/100|[from] item: Leftovers
|upkeep
|turn|40
|
|t:|1729984832
|move|p1a: Jolteon|Thunderbolt|p2a: Sky High
|-crit|p2a: Sky High
|-damage|p2a: Sky High|0 fnt
|faint|p2a: Sky High
|c|☆leoperi99|gg
|
|t:|1729984836
|switch|p2a: Wild Tiger|Raikou, shiny|38/100
|-damage|p2a: Wild Tiger|14/100|[from] Spikes
|
|-weather|Sandstorm|[upkeep]
|-damage|p1a: Jolteon|66/100|[from] Sandstorm
|-damage|p2a: Wild Tiger|7/100|[from] Sandstorm
|-heal|p1a: Jolteon|72/100|[from] item: Leftovers
|-heal|p2a: Wild Tiger|14/100|[from] item: Leftovers
|upkeep
|turn|41
|
|t:|1729984840
|move|p1a: Jolteon|Hidden Power|p2a: Wild Tiger
|-damage|p2a: Wild Tiger|0 fnt
|faint|p2a: Wild Tiger
|
|win|leoperi99

</script>
<script type="application/json" class="data" id="replaydata-smogtours-gen3ou-802346">
{"id":"smogtours-gen3ou-802346","format":"[Gen 3] OU","players":["leoperi99","alphasapphire918"],"uploadtime":1729984840,"views":70,"formatid":"gen3ou","rating":null,"private":0,"password":null}
</script>

<script defer src="js/replays.js?9d40a366"></script>
