<!DOCTYPE html>
<meta charset="utf-8" />
<meta name="viewport" content="width=device-width" />

<title>[Gen 3] OU: Bongmoodeus vs. lunasran - Replays - Pok&eacute;mon Showdown!</title>

<meta name="description" content="Watch a replay of a Pok&eacute;mon battle between Bongmoodeus and lunasran! Format: [Gen 3] OU; Date: Oct 25, 2024" />
<!--

Hey, you! Looking in the source for the replay log?

You can find them in JSON format, just add `.json` at the end of a replay URL.

https://replay.pokemonshowdown.com/gen7randomdoublesbattle-865046831.json

Or, if you only need the log itself, add `.log` instead:

https://replay.pokemonshowdown.com/gen7randomdoublesbattle-865046831.log

-->

<link rel="stylesheet" href="//pokemonshowdown.com/style/global.css?0.023195364461161105" />
<link rel="stylesheet" href="//play.pokemonshowdown.com/style/font-awesome.css?0.13261647063804238" />
<link rel="stylesheet" href="//play.pokemonshowdown.com/style/battle.css?0.8753245789963631" />
<link rel="stylesheet" href="//play.pokemonshowdown.com/style/utilichart.css?0.8627959624976733" />

<!-- Global site tag (gtag.js) - Google Analytics -->
<script async src="https://www.googletagmanager.com/gtag/js?id=UA-26211653-1"></script>
<script>
  window.dataLayer = window.dataLayer || [];
  function gtag(){dataLayer.push(arguments);}
  gtag('js', new Date());

  gtag('config', 'UA-26211653-1');
</script>
<!-- End Google Analytics -->
<!-- Venatus Ad Manager - Install in <HEAD> of page -->
	<script src="https://hb.vntsm.com/v3/live/ad-manager.min.js" type="text/javascript" data-site-id="642aba63ec9a7b11c3c9c1be" data-mode="scan" async></script>
<!-- / Venatus Ad Manager -->

<style>
	@media (max-width:820px) {
		.battle {
			margin: 0 auto;
		}
		.battle-log {
			margin: 7px auto 0;
			max-width: 640px;
			height: 300px;
			position: static;
		}
	}
	.optgroup {
		display: inline-block;
		line-height: 22px;
		font-size: 10pt;
	}
	.optgroup .button {
		height: 25px;
		padding-top: 0;
		padding-bottom: 0;
	}
	.optgroup button.button {
		padding-left: 12px;
		padding-right: 12px;
	}
	.linklist {
		list-style: none;
		margin: 0.5em 0;
		padding: 0;
	}
	.linklist li {
		padding: 2px 0;
	}
	.sidebar {
		float: left;
		width: 320px;
	}
	.bar-wrapper {
		max-width: 1100px;
		margin: 0 auto;
	}
	.bar-wrapper.has-sidebar {
		max-width: 1430px;
	}
	.mainbar {
		margin: 0;
		padding-right: 1px;
	}
	.mainbar.has-sidebar {
		margin-left: 330px;
	}
	@media (min-width: 1511px) {
		.sidebar {
			width: 400px;
		}
		.bar-wrapper.has-sidebar {
			max-width: 1510px;
		}
		.mainbar.has-sidebar {
			margin-left: 410px;
		}
	}
	.section.first-section {
		margin-top: 9px;
	}
	.blocklink small {
		white-space: normal;
	}
	.button {
		vertical-align: middle;
	}
	.replay-controls {
		padding-top: 10px;
	}
	.replay-controls h1 {
		font-size: 16pt;
		font-weight: normal;
		color: #CCC;
	}
	.pagelink {
		text-align: center;
	}
	.pagelink a {
		width: 150px;
	}
	.textbox, .button {
		font-size: 11pt;
		vertical-align: middle;
	}
	@media (max-width: 450px) {
		.button {
			font-size: 9pt;
		}
	}
</style>

<div>

	<header>
		<div class="nav-wrapper"><ul class="nav">
			<li><a class="button nav-first" href="//pokemonshowdown.com/"><img src="//pokemonshowdown.com/images/pokemonshowdownbeta.png" srcset="//pokemonshowdown.com/images/pokemonshowdownbeta.png 1x, //pokemonshowdown.com/images/pokemonshowdownbeta@2x.png 2x" alt="Pok&eacute;mon Showdown" width="146" height="44" /> Home</a></li>
			<li><a class="button" href="//pokemonshowdown.com/dex/">Pok&eacute;dex</a></li>
			<li><a class="button cur" href="/">Replays</a></li>
			<li><a class="button" href="//pokemonshowdown.com/ladder/">Ladder</a></li>
			<li><a class="button nav-last" href="//pokemonshowdown.com/forums/">Forum</a></li>
			<li><a class="button greenbutton nav-first nav-last" href="//play.pokemonshowdown.com/">Play</a></li>
		</ul></div>
	</header>

	<div class="main" id="main">

		<noscript><section class="section">You need to enable JavaScript to use this page; sorry!</section></noscript>

	</div>

</div>

<script defer nomodule src="//play.pokemonshowdown.com/js/lib/ps-polyfill.js"></script>
<script defer src="//play.pokemonshowdown.com/js/lib/preact.min.js"></script>

<script defer src="//play.pokemonshowdown.com/config/config.js?2bddbc15"></script>
<script defer src="//play.pokemonshowdown.com/js/lib/jquery-1.11.0.min.js"></script>
<script defer src="//play.pokemonshowdown.com/js/lib/html-sanitizer-minified.js"></script>
<script defer src="//play.pokemonshowdown.com/js/battle-sound.js"></script>
<script defer src="//play.pokemonshowdown.com/js/battledata.js?0.7209276989879541"></script>
<script defer src="//play.pokemonshowdown.com/data/pokedex-mini.js?0.6111056340867951"></script>
<script defer src="//play.pokemonshowdown.com/data/pokedex-mini-bw.js?0.3532142036491459"></script>
<script defer src="//play.pokemonshowdown.com/data/graphics.js?0.24223875632456182"></script>
<script defer src="//play.pokemonshowdown.com/data/pokedex.js?0.38839984266356864"></script>
<script defer src="//play.pokemonshowdown.com/data/moves.js?0.21866028504024015"></script>
<script defer src="//play.pokemonshowdown.com/data/abilities.js?0.2005157953846628"></script>
<script defer src="//play.pokemonshowdown.com/data/items.js?0.9894211263848525"></script>
<script defer src="//play.pokemonshowdown.com/data/teambuilder-tables.js?0.6008791140282215"></script>
<script defer src="//play.pokemonshowdown.com/js/battle-tooltips.js?0.7580118955022959"></script>
<script defer src="//play.pokemonshowdown.com/js/battle.js?0.6057722274234274"></script>

<script defer src="js/utils.js?e31f9a17"></script>
<script defer src="js/replays-battle.js?7008c182"></script>

<!-- don't scrape this data! just add .json or .log after the URL!
Full API docs: https://github.com/smogon/pokemon-showdown-client/blob/master/WEB-API.md -->
<script type="text/plain" class="log" id="replaylog-smogtours-gen3ou-801852">
|inactive|Battle timer is ON: inactive players will automatically lose when time's up.
|t:|1729876475
|gametype|singles
|player|p1|Bongmoodeus|266|
|player|p2|lunasran|erika|
|teamsize|p1|6
|teamsize|p2|6
|gen|3
|tier|[Gen 3] OU
|rule|Sleep Clause Mod: Limit one foe put to sleep
|rule|Switch Priority Clause Mod: Faster Pokémon switch first
|rule|Species Clause: Limit one of each Pokémon
|rule|OHKO Clause: OHKO moves are banned
|rule|Evasion Items Clause: Evasion items are banned
|rule|Evasion Moves Clause: Evasion moves are banned
|rule|Endless Battle Clause: Forcing endless battles is banned
|rule|HP Percentage Mod: HP is shown in percentages
|rule|One Boost Passer Clause: Limit one Baton Passer that has a way to boost its stats
|rule|Freeze Clause Mod: Limit one foe frozen
|
|t:|1729876475
|start
|switch|p1a: Iron Lung|Skarmory, F|100/100
|switch|p2a: Medicham|Medicham, F, shiny|100/100
|turn|1
|c|☆lunasran|gl hf c:
|inactive|Bongmoodeus has 270 seconds left.
|
|t:|1729876519
|-singleturn|p2a: Medicham|move: Focus Punch
|move|p1a: Iron Lung|Spikes|p2a: Medicham
|-sidestart|p2: lunasran|Spikes
|move|p2a: Medicham|Focus Punch|p1a: Iron Lung
|-damage|p1a: Iron Lung|0 fnt
|faint|p1a: Iron Lung
|
|t:|1729876528
|switch|p1a: Vaporizor|Zapdos|100/100
|
|upkeep
|turn|2
|
|t:|1729876539
|switch|p2a: Snorlax|Snorlax, F, shiny|100/100
|-damage|p2a: Snorlax|88/100|[from] Spikes
|move|p1a: Vaporizor|Toxic|p2a: Snorlax|[miss]
|-miss|p1a: Vaporizor|p2a: Snorlax
|
|-heal|p2a: Snorlax|94/100|[from] item: Leftovers
|upkeep
|turn|3
|
|t:|1729876549
|move|p2a: Snorlax|Body Slam|p1a: Vaporizor
|-damage|p1a: Vaporizor|62/100
|-status|p1a: Vaporizor|par
|move|p1a: Vaporizor|Roar|p2a: Snorlax
|drag|p2a: Starmie|Starmie, shiny|100/100
|-damage|p2a: Starmie|88/100|[from] Spikes
|
|-heal|p2a: Starmie|94/100|[from] item: Leftovers
|-heal|p1a: Vaporizor|68/100 par|[from] item: Leftovers
|upkeep
|turn|4
|
|t:|1729876565
|switch|p2a: Celebi|Celebi|100/100
|-damage|p2a: Celebi|88/100|[from] Spikes
|move|p1a: Vaporizor|Thunderbolt|p2a: Celebi
|-resisted|p2a: Celebi
|-damage|p2a: Celebi|71/100
|
|-heal|p2a: Celebi|77/100|[from] item: Leftovers
|-heal|p1a: Vaporizor|74/100 par|[from] item: Leftovers
|upkeep
|turn|5
|
|t:|1729876579
|move|p2a: Celebi|Swords Dance|p2a: Celebi
|-boost|p2a: Celebi|atk|2
|move|p1a: Vaporizor|Toxic|p2a: Celebi
|-status|p2a: Celebi|tox
|
|-heal|p2a: Celebi|83/100 tox|[from] item: Leftovers
|-damage|p2a: Celebi|77/100 tox|[from] psn
|-heal|p1a: Vaporizor|80/100 par|[from] item: Leftovers
|upkeep
|turn|6
|
|t:|1729876581
|move|p2a: Celebi|Baton Pass|p2a: Celebi
|
|t:|1729876600
|-curestatus|p2a: Celebi|tox|[from] ability: Natural Cure
|switch|p2a: Snorlax|Snorlax, F, shiny|94/100|[from] Baton Pass
|-damage|p2a: Snorlax|82/100|[from] Spikes
|move|p1a: Vaporizor|Roar|p2a: Snorlax
|drag|p2a: Starmie|Starmie, shiny|94/100
|-damage|p2a: Starmie|82/100|[from] Spikes
|
|-heal|p2a: Starmie|88/100|[from] item: Leftovers
|-heal|p1a: Vaporizor|87/100 par|[from] item: Leftovers
|upkeep
|turn|7
|inactive|lunasran has 270 seconds left.
|
|t:|1729876629
|switch|p2a: Snorlax|Snorlax, F, shiny|82/100
|-damage|p2a: Snorlax|69/100|[from] Spikes
|move|p1a: Vaporizor|Thunderbolt|p2a: Snorlax
|-damage|p2a: Snorlax|48/100
|
|-heal|p2a: Snorlax|54/100|[from] item: Leftovers
|-heal|p1a: Vaporizor|93/100 par|[from] item: Leftovers
|upkeep
|turn|8
|inactive|lunasran has 270 seconds left.
|
|t:|1729876640
|switch|p1a: Tar|Tyranitar, F|100/100
|-weather|Sandstorm|[from] ability: Sand Stream|[of] p1a: Tar
|move|p2a: Snorlax|Body Slam|p1a: Tar
|-resisted|p1a: Tar
|-crit|p1a: Tar
|-damage|p1a: Tar|70/100
|-status|p1a: Tar|par
|
|-weather|Sandstorm|[upkeep]
|-damage|p2a: Snorlax|48/100|[from] Sandstorm
|-heal|p2a: Snorlax|54/100|[from] item: Leftovers
|-heal|p1a: Tar|76/100 par|[from] item: Leftovers
|upkeep
|turn|9
|inactive|lunasran has 270 seconds left.
|
|t:|1729876668
|move|p2a: Snorlax|Body Slam|p1a: Tar
|-resisted|p1a: Tar
|-damage|p1a: Tar|60/100 par
|move|p1a: Tar|Rock Slide|p2a: Snorlax
|-damage|p2a: Snorlax|20/100
|
|-weather|Sandstorm|[upkeep]
|-damage|p2a: Snorlax|14/100|[from] Sandstorm
|-heal|p2a: Snorlax|20/100|[from] item: Leftovers
|-heal|p1a: Tar|67/100 par|[from] item: Leftovers
|upkeep
|turn|10
|
|t:|1729876680
|switch|p2a: Metagross|Metagross, shiny|100/100
|-damage|p2a: Metagross|88/100|[from] Spikes
|move|p1a: Tar|Earthquake|p2a: Metagross
|-supereffective|p2a: Metagross
|-crit|p2a: Metagross
|-damage|p2a: Metagross|1/100
|
|-weather|Sandstorm|[upkeep]
|-heal|p2a: Metagross|7/100|[from] item: Leftovers
|-heal|p1a: Tar|73/100 par|[from] item: Leftovers
|upkeep
|turn|11
|inactive|lunasran has 240 seconds left.
|
|t:|1729876707
|switch|p1a: Bongmodeus|Swampert, F|100/100
|move|p2a: Metagross|Meteor Mash|p1a: Bongmodeus
|-resisted|p1a: Bongmodeus
|-crit|p1a: Bongmodeus
|-damage|p1a: Bongmodeus|69/100
|
|-weather|Sandstorm|[upkeep]
|-heal|p2a: Metagross|13/100|[from] item: Leftovers
|-heal|p1a: Bongmodeus|76/100|[from] item: Leftovers
|upkeep
|turn|12
|inactive|lunasran has 240 seconds left.
|
|t:|1729876721
|move|p2a: Metagross|Explosion|p1a: Bongmodeus
|-damage|p1a: Bongmodeus|0 fnt
|faint|p2a: Metagross
|faint|p1a: Bongmodeus
|inactive|lunasran has 240 seconds left.
|
|t:|1729876732
|switch|p2a: Starmie|Starmie, shiny|88/100
|switch|p1a: Starmie|Starmie|100/100
|-damage|p2a: Starmie|76/100|[from] Spikes
|
|-weather|Sandstorm|[upkeep]
|-damage|p2a: Starmie|70/100|[from] Sandstorm
|-damage|p1a: Starmie|94/100|[from] Sandstorm
|-heal|p2a: Starmie|76/100|[from] item: Leftovers
|-heal|p1a: Starmie|100/100|[from] item: Leftovers
|upkeep
|turn|13
|inactive|lunasran has 240 seconds left.
|
|t:|1729876746
|move|p2a: Starmie|Thunder Wave|p1a: Starmie
|-status|p1a: Starmie|par
|move|p1a: Starmie|Surf|p2a: Starmie
|-resisted|p2a: Starmie
|-damage|p2a: Starmie|55/100
|
|-weather|Sandstorm|[upkeep]
|-damage|p2a: Starmie|49/100|[from] Sandstorm
|-damage|p1a: Starmie|94/100 par|[from] Sandstorm
|-heal|p2a: Starmie|55/100|[from] item: Leftovers
|-heal|p1a: Starmie|100/100 par|[from] item: Leftovers
|upkeep
|turn|14
|inactive|lunasran has 240 seconds left.
|
|t:|1729876756
|-curestatus|p1a: Starmie|par|[from] ability: Natural Cure
|switch|p1a: Waffle House|Blissey, F|100/100
|move|p2a: Starmie|Rapid Spin|p1a: Waffle House
|-damage|p1a: Waffle House|98/100
|-sideend|p2: lunasran|Spikes|[from] move: Rapid Spin|[of] p2a: Starmie
|
|-weather|Sandstorm|[upkeep]
|-damage|p2a: Starmie|49/100|[from] Sandstorm
|-damage|p1a: Waffle House|92/100|[from] Sandstorm
|-heal|p2a: Starmie|55/100|[from] item: Leftovers
|-heal|p1a: Waffle House|98/100|[from] item: Leftovers
|upkeep
|turn|15
|inactive|lunasran has 240 seconds left.
|
|t:|1729876778
|switch|p2a: Snorlax|Snorlax, F, shiny|20/100
|move|p1a: Waffle House|Aromatherapy|p1a: Waffle House
|-cureteam|p1a: Waffle House|[from] move: Aromatherapy
|
|-weather|Sandstorm|[upkeep]
|-damage|p1a: Waffle House|92/100|[from] Sandstorm
|-damage|p2a: Snorlax|14/100|[from] Sandstorm
|-heal|p1a: Waffle House|98/100|[from] item: Leftovers
|-heal|p2a: Snorlax|20/100|[from] item: Leftovers
|upkeep
|turn|16
|
|t:|1729876787
|move|p1a: Waffle House|Seismic Toss|p2a: Snorlax
|-damage|p2a: Snorlax|1/100
|move|p2a: Snorlax|Rest|p2a: Snorlax
|-status|p2a: Snorlax|slp|[from] move: Rest
|-heal|p2a: Snorlax|100/100 slp|[silent]
|
|-weather|Sandstorm|[upkeep]
|-damage|p1a: Waffle House|92/100|[from] Sandstorm
|-damage|p2a: Snorlax|94/100 slp|[from] Sandstorm
|-heal|p1a: Waffle House|98/100|[from] item: Leftovers
|-heal|p2a: Snorlax|100/100 slp|[from] item: Leftovers
|upkeep
|turn|17
|inactive|lunasran has 240 seconds left.
|
|t:|1729876814
|switch|p1a: Vaporizor|Zapdos|93/100
|cant|p2a: Snorlax|slp
|move|p2a: Snorlax|Sleep Talk|p2a: Snorlax
|move|p2a: Snorlax|Rest|p2a: Snorlax|[from]Sleep Talk
|
|-weather|Sandstorm|[upkeep]
|-damage|p1a: Vaporizor|87/100|[from] Sandstorm
|-damage|p2a: Snorlax|94/100 slp|[from] Sandstorm
|-heal|p1a: Vaporizor|93/100|[from] item: Leftovers
|-heal|p2a: Snorlax|100/100 slp|[from] item: Leftovers
|upkeep
|turn|18
|
|t:|1729876827
|switch|p1a: Tar|Tyranitar, F|73/100
|cant|p2a: Snorlax|slp
|move|p2a: Snorlax|Sleep Talk|p2a: Snorlax
|move|p2a: Snorlax|Rest|p2a: Snorlax|[from]Sleep Talk
|
|-weather|Sandstorm|[upkeep]
|-damage|p2a: Snorlax|94/100 slp|[from] Sandstorm
|-heal|p1a: Tar|79/100|[from] item: Leftovers
|-heal|p2a: Snorlax|100/100 slp|[from] item: Leftovers
|upkeep
|turn|19
|
|t:|1729876847
|move|p1a: Tar|Dragon Dance|p1a: Tar
|-boost|p1a: Tar|atk|1
|-boost|p1a: Tar|spe|1
|-curestatus|p2a: Snorlax|slp|[msg]
|move|p2a: Snorlax|Curse|p2a: Snorlax
|-unboost|p2a: Snorlax|spe|1
|-boost|p2a: Snorlax|atk|1
|-boost|p2a: Snorlax|def|1
|
|-weather|Sandstorm|[upkeep]
|-damage|p2a: Snorlax|94/100|[from] Sandstorm
|-heal|p1a: Tar|85/100|[from] item: Leftovers
|-heal|p2a: Snorlax|100/100|[from] item: Leftovers
|upkeep
|turn|20
|inactive|lunasran has 210 seconds left.
|
|t:|1729876865
|move|p1a: Tar|Taunt|p2a: Snorlax
|-start|p2a: Snorlax|move: Taunt
|cant|p2a: Snorlax|move: Taunt|Curse
|
|-weather|Sandstorm|[upkeep]
|-damage|p2a: Snorlax|94/100|[from] Sandstorm
|-heal|p1a: Tar|91/100|[from] item: Leftovers
|-heal|p2a: Snorlax|100/100|[from] item: Leftovers
|upkeep
|turn|21
|inactive|lunasran has 210 seconds left.
|
|t:|1729876877
|move|p1a: Tar|Dragon Dance|p1a: Tar
|-boost|p1a: Tar|atk|1
|-boost|p1a: Tar|spe|1
|move|p2a: Snorlax|Body Slam|p1a: Tar
|-resisted|p1a: Tar
|-damage|p1a: Tar|68/100
|
|-weather|Sandstorm|[upkeep]
|-damage|p2a: Snorlax|94/100|[from] Sandstorm
|-heal|p1a: Tar|74/100|[from] item: Leftovers
|-heal|p2a: Snorlax|100/100|[from] item: Leftovers
|-end|p2a: Snorlax|move: Taunt|[silent]
|upkeep
|turn|22
|inactive|lunasran has 210 seconds left.
|
|t:|1729876912
|move|p1a: Tar|Rock Slide|p2a: Snorlax
|-damage|p2a: Snorlax|61/100
|move|p2a: Snorlax|Body Slam|p1a: Tar
|-resisted|p1a: Tar
|-damage|p1a: Tar|51/100
|
|-weather|Sandstorm|[upkeep]
|-damage|p2a: Snorlax|55/100|[from] Sandstorm
|-heal|p1a: Tar|57/100|[from] item: Leftovers
|-heal|p2a: Snorlax|61/100|[from] item: Leftovers
|upkeep
|turn|23
|
|t:|1729876925
|move|p1a: Tar|Rock Slide|p2a: Snorlax
|-damage|p2a: Snorlax|17/100
|move|p2a: Snorlax|Body Slam|p1a: Tar
|-resisted|p1a: Tar
|-damage|p1a: Tar|33/100
|
|-weather|Sandstorm|[upkeep]
|-damage|p2a: Snorlax|11/100|[from] Sandstorm
|-heal|p1a: Tar|39/100|[from] item: Leftovers
|-heal|p2a: Snorlax|17/100|[from] item: Leftovers
|upkeep
|turn|24
|inactive|lunasran has 180 seconds left.
|
|t:|1729876963
|switch|p2a: Celebi|Celebi|77/100
|move|p1a: Tar|Earthquake|p2a: Celebi
|-resisted|p2a: Celebi
|-damage|p2a: Celebi|50/100
|
|-weather|Sandstorm|[upkeep]
|-damage|p2a: Celebi|44/100|[from] Sandstorm
|-heal|p1a: Tar|45/100|[from] item: Leftovers
|-heal|p2a: Celebi|50/100|[from] item: Leftovers
|upkeep
|turn|25
|inactive|lunasran has 150 seconds left.
|
|t:|1729876990
|move|p1a: Tar|Rock Slide|p2a: Celebi
|-damage|p2a: Celebi|0 fnt
|faint|p2a: Celebi
|
|t:|1729876995
|switch|p2a: Starmie|Starmie, shiny|55/100
|
|-weather|Sandstorm|[upkeep]
|-damage|p2a: Starmie|49/100|[from] Sandstorm
|-heal|p1a: Tar|52/100|[from] item: Leftovers
|-heal|p2a: Starmie|55/100|[from] item: Leftovers
|upkeep
|turn|26
|inactive|lunasran has 150 seconds left.
|
|t:|1729877003
|move|p1a: Tar|Earthquake|p2a: Starmie
|-damage|p2a: Starmie|0 fnt
|faint|p2a: Starmie
|inactive|lunasran has 150 seconds left.
|
|t:|1729877011
|switch|p2a: Zapdos|Zapdos|100/100
|
|-weather|Sandstorm|[upkeep]
|-damage|p2a: Zapdos|94/100|[from] Sandstorm
|-heal|p1a: Tar|58/100|[from] item: Leftovers
|-heal|p2a: Zapdos|100/100|[from] item: Leftovers
|upkeep
|turn|27
|inactive|lunasran has 150 seconds left.
|
|t:|1729877026
|move|p1a: Tar|Rock Slide|p2a: Zapdos|[miss]
|-miss|p1a: Tar|p2a: Zapdos
|move|p2a: Zapdos|Thunderbolt|p1a: Tar
|-damage|p1a: Tar|16/100
|
|-weather|Sandstorm|[upkeep]
|-damage|p2a: Zapdos|94/100|[from] Sandstorm
|-heal|p1a: Tar|22/100|[from] item: Leftovers
|-heal|p2a: Zapdos|100/100|[from] item: Leftovers
|upkeep
|turn|28
|inactive|lunasran has 150 seconds left.
|
|t:|1729877040
|move|p1a: Tar|Rock Slide|p2a: Zapdos
|-supereffective|p2a: Zapdos
|-damage|p2a: Zapdos|0 fnt
|faint|p2a: Zapdos
|
|t:|1729877046
|switch|p2a: Medicham|Medicham, F, shiny|100/100
|
|-weather|Sandstorm|[upkeep]
|-damage|p2a: Medicham|94/100|[from] Sandstorm
|-heal|p1a: Tar|28/100|[from] item: Leftovers
|upkeep
|turn|29
|inactive|lunasran has 150 seconds left.
|
|t:|1729877055
|move|p1a: Tar|Earthquake|p2a: Medicham
|-damage|p2a: Medicham|0 fnt
|faint|p2a: Medicham
|
|t:|1729877059
|switch|p2a: Snorlax|Snorlax, F, shiny|17/100
|
|-weather|Sandstorm|[upkeep]
|-damage|p2a: Snorlax|11/100|[from] Sandstorm
|-heal|p1a: Tar|34/100|[from] item: Leftovers
|-heal|p2a: Snorlax|17/100|[from] item: Leftovers
|upkeep
|turn|30
|c|☆Bongmoodeus|gg wp
|c|☆lunasran|ggs
|
|t:|1729877068
|move|p1a: Tar|Earthquake|p2a: Snorlax
|-damage|p2a: Snorlax|0 fnt
|faint|p2a: Snorlax
|
|win|Bongmoodeus

</script>
<script type="application/json" class="data" id="replaydata-smogtours-gen3ou-801852">
{"id":"smogtours-gen3ou-801852","format":"[Gen 3] OU","players":["Bongmoodeus","lunasran"],"uploadtime":1729877068,"views":111,"formatid":"gen3ou","rating":null,"private":0,"password":null}
</script>

<script defer src="js/replays.js?9d40a366"></script>
