<!DOCTYPE html>
<meta charset="utf-8" />
<meta name="viewport" content="width=device-width" />

<title>[Gen 3] OU: taccat vs. I&#039;m the Dome Ace - Replays - Pok&eacute;mon Showdown!</title>

<meta name="description" content="Watch a replay of a Pok&eacute;mon battle between taccat and I&#039;m the Dome Ace! Format: [Gen 3] OU; Date: Oct 10, 2024" />
<!--

Hey, you! Looking in the source for the replay log?

You can find them in JSON format, just add `.json` at the end of a replay URL.

https://replay.pokemonshowdown.com/gen7randomdoublesbattle-865046831.json

Or, if you only need the log itself, add `.log` instead:

https://replay.pokemonshowdown.com/gen7randomdoublesbattle-865046831.log

-->

<link rel="stylesheet" href="//pokemonshowdown.com/style/global.css?0.767286132409787" />
<link rel="stylesheet" href="//play.pokemonshowdown.com/style/font-awesome.css?0.9266228007934947" />
<link rel="stylesheet" href="//play.pokemonshowdown.com/style/battle.css?0.7924700842790926" />
<link rel="stylesheet" href="//play.pokemonshowdown.com/style/utilichart.css?0.8777417872839479" />

<!-- Global site tag (gtag.js) - Google Analytics -->
<script async src="https://www.googletagmanager.com/gtag/js?id=UA-26211653-1"></script>
<script>
  window.dataLayer = window.dataLayer || [];
  function gtag(){dataLayer.push(arguments);}
  gtag('js', new Date());

  gtag('config', 'UA-26211653-1');
</script>
<!-- End Google Analytics -->
<!-- Venatus Ad Manager - Install in <HEAD> of page -->
	<script src="https://hb.vntsm.com/v3/live/ad-manager.min.js" type="text/javascript" data-site-id="642aba63ec9a7b11c3c9c1be" data-mode="scan" async></script>
<!-- / Venatus Ad Manager -->

<style>
	@media (max-width:820px) {
		.battle {
			margin: 0 auto;
		}
		.battle-log {
			margin: 7px auto 0;
			max-width: 640px;
			height: 300px;
			position: static;
		}
	}
	.optgroup {
		display: inline-block;
		line-height: 22px;
		font-size: 10pt;
	}
	.optgroup .button {
		height: 25px;
		padding-top: 0;
		padding-bottom: 0;
	}
	.optgroup button.button {
		padding-left: 12px;
		padding-right: 12px;
	}
	.linklist {
		list-style: none;
		margin: 0.5em 0;
		padding: 0;
	}
	.linklist li {
		padding: 2px 0;
	}
	.sidebar {
		float: left;
		width: 320px;
	}
	.bar-wrapper {
		max-width: 1100px;
		margin: 0 auto;
	}
	.bar-wrapper.has-sidebar {
		max-width: 1430px;
	}
	.mainbar {
		margin: 0;
		padding-right: 1px;
	}
	.mainbar.has-sidebar {
		margin-left: 330px;
	}
	@media (min-width: 1511px) {
		.sidebar {
			width: 400px;
		}
		.bar-wrapper.has-sidebar {
			max-width: 1510px;
		}
		.mainbar.has-sidebar {
			margin-left: 410px;
		}
	}
	.section.first-section {
		margin-top: 9px;
	}
	.blocklink small {
		white-space: normal;
	}
	.button {
		vertical-align: middle;
	}
	.replay-controls {
		padding-top: 10px;
	}
	.replay-controls h1 {
		font-size: 16pt;
		font-weight: normal;
		color: #CCC;
	}
	.pagelink {
		text-align: center;
	}
	.pagelink a {
		width: 150px;
	}
	.textbox, .button {
		font-size: 11pt;
		vertical-align: middle;
	}
	@media (max-width: 450px) {
		.button {
			font-size: 9pt;
		}
	}
</style>

<div>

	<header>
		<div class="nav-wrapper"><ul class="nav">
			<li><a class="button nav-first" href="//pokemonshowdown.com/"><img src="//pokemonshowdown.com/images/pokemonshowdownbeta.png" srcset="//pokemonshowdown.com/images/pokemonshowdownbeta.png 1x, //pokemonshowdown.com/images/pokemonshowdownbeta@2x.png 2x" alt="Pok&eacute;mon Showdown" width="146" height="44" /> Home</a></li>
			<li><a class="button" href="//pokemonshowdown.com/dex/">Pok&eacute;dex</a></li>
			<li><a class="button cur" href="/">Replays</a></li>
			<li><a class="button" href="//pokemonshowdown.com/ladder/">Ladder</a></li>
			<li><a class="button nav-last" href="//pokemonshowdown.com/forums/">Forum</a></li>
			<li><a class="button greenbutton nav-first nav-last" href="//play.pokemonshowdown.com/">Play</a></li>
		</ul></div>
	</header>

	<div class="main" id="main">

		<noscript><section class="section">You need to enable JavaScript to use this page; sorry!</section></noscript>

	</div>

</div>

<script defer nomodule src="//play.pokemonshowdown.com/js/lib/ps-polyfill.js"></script>
<script defer src="//play.pokemonshowdown.com/js/lib/preact.min.js"></script>

<script defer src="//play.pokemonshowdown.com/config/config.js?6dec07f6"></script>
<script defer src="//play.pokemonshowdown.com/js/lib/jquery-1.11.0.min.js"></script>
<script defer src="//play.pokemonshowdown.com/js/lib/html-sanitizer-minified.js"></script>
<script defer src="//play.pokemonshowdown.com/js/battle-sound.js"></script>
<script defer src="//play.pokemonshowdown.com/js/battledata.js?0.6315294753075389"></script>
<script defer src="//play.pokemonshowdown.com/data/pokedex-mini.js?0.7603743185311358"></script>
<script defer src="//play.pokemonshowdown.com/data/pokedex-mini-bw.js?0.030888842834281283"></script>
<script defer src="//play.pokemonshowdown.com/data/graphics.js?0.05593094747507488"></script>
<script defer src="//play.pokemonshowdown.com/data/pokedex.js?0.47064822249611904"></script>
<script defer src="//play.pokemonshowdown.com/data/moves.js?0.8583693120512459"></script>
<script defer src="//play.pokemonshowdown.com/data/abilities.js?0.16017181182386842"></script>
<script defer src="//play.pokemonshowdown.com/data/items.js?0.4163379185673943"></script>
<script defer src="//play.pokemonshowdown.com/data/teambuilder-tables.js?0.31075597372830477"></script>
<script defer src="//play.pokemonshowdown.com/js/battle-tooltips.js?0.6536193500708172"></script>
<script defer src="//play.pokemonshowdown.com/js/battle.js?0.1916591943277901"></script>

<script defer src="js/utils.js?e31f9a17"></script>
<script defer src="js/replays-battle.js?7008c182"></script>

<!-- don't scrape this data! just add .json or .log after the URL!
Full API docs: https://github.com/smogon/pokemon-showdown-client/blob/master/WEB-API.md -->
<script type="text/plain" class="log" id="replaylog-smogtours-gen3ou-796849">
|inactive|Battle timer is ON: inactive players will automatically lose when time's up.
|t:|1728525902
|gametype|singles
|player|p1|taccat|ltsurge|
|player|p2|I'm the Dome Ace|101|
|teamsize|p1|6
|teamsize|p2|6
|gen|3
|tier|[Gen 3] OU
|rule|Sleep Clause Mod: Limit one foe put to sleep
|rule|Switch Priority Clause Mod: Faster Pokémon switch first
|rule|Species Clause: Limit one of each Pokémon
|rule|OHKO Clause: OHKO moves are banned
|rule|Evasion Items Clause: Evasion items are banned
|rule|Evasion Moves Clause: Evasion moves are banned
|rule|Endless Battle Clause: Forcing endless battles is banned
|rule|HP Percentage Mod: HP is shown in percentages
|rule|One Boost Passer Clause: Limit one Baton Passer that has a way to boost its stats
|rule|Freeze Clause Mod: Limit one foe frozen
|
|t:|1728525902
|start
|switch|p1a: Forretress|Forretress, F|100/100
|switch|p2a: Salamence|Salamence, M|100/100
|-ability|p2a: Salamence|Intimidate|boost
|-unboost|p1a: Forretress|atk|1
|turn|1
|c|☆I'm the Dome Ace|glhf
|
|t:|1728525926
|switch|p1a: Blissey|Blissey, F|100/100
|move|p2a: Salamence|Fire Blast|p1a: Blissey|[miss]
|-miss|p2a: Salamence|p1a: Blissey
|
|upkeep
|turn|2
|
|t:|1728525930
|switch|p2a: Snorlax|Snorlax, M|100/100
|move|p1a: Blissey|Thunder Wave|p2a: Snorlax
|-status|p2a: Snorlax|par
|
|upkeep
|turn|3
|
|t:|1728525939
|switch|p1a: Forretress|Forretress, F|100/100
|move|p2a: Snorlax|Curse|p2a: Snorlax
|-unboost|p2a: Snorlax|spe|1
|-boost|p2a: Snorlax|atk|1
|-boost|p2a: Snorlax|def|1
|
|upkeep
|turn|4
|
|t:|1728525942
|move|p1a: Forretress|Spikes|p2a: Snorlax
|-sidestart|p2: I'm the Dome Ace|Spikes
|move|p2a: Snorlax|Curse|p2a: Snorlax
|-unboost|p2a: Snorlax|spe|1
|-boost|p2a: Snorlax|atk|1
|-boost|p2a: Snorlax|def|1
|
|upkeep
|turn|5
|
|t:|1728525950
|switch|p1a: Swampert|Swampert, M|100/100
|move|p2a: Snorlax|Curse|p2a: Snorlax
|-unboost|p2a: Snorlax|spe|1
|-boost|p2a: Snorlax|atk|1
|-boost|p2a: Snorlax|def|1
|
|upkeep
|turn|6
|
|t:|1728525953
|move|p2a: Snorlax|Body Slam|p1a: Swampert
|-damage|p1a: Swampert|34/100
|-status|p1a: Swampert|par
|cant|p1a: Swampert|par
|
|-heal|p1a: Swampert|40/100 par|[from] item: Leftovers
|upkeep
|turn|7
|c|☆I'm the Dome Ace|mb ik that was a roar
|
|t:|1728525964
|move|p2a: Snorlax|Body Slam|p1a: Swampert
|-damage|p1a: Swampert|0 fnt
|faint|p1a: Swampert
|c|☆taccat|pain
|
|t:|1728525982
|switch|p1a: Forretress|Forretress, F|100/100
|
|upkeep
|turn|8
|
|t:|1728525987
|move|p1a: Forretress|Explosion|p2a: Snorlax
|-damage|p2a: Snorlax|63/100 par
|faint|p1a: Forretress
|
|t:|1728525994
|switch|p1a: Tyranitar|Tyranitar, F|100/100
|-weather|Sandstorm|[from] ability: Sand Stream|[of] p1a: Tyranitar
|
|-weather|Sandstorm|[upkeep]
|-damage|p2a: Snorlax|57/100 par|[from] Sandstorm
|-heal|p2a: Snorlax|63/100 par|[from] item: Leftovers
|upkeep
|turn|9
|
|t:|1728525999
|move|p1a: Tyranitar|Crunch|p2a: Snorlax
|-damage|p2a: Snorlax|42/100 par
|move|p2a: Snorlax|Earthquake|p1a: Tyranitar
|-supereffective|p1a: Tyranitar
|-damage|p1a: Tyranitar|0 fnt
|faint|p1a: Tyranitar
|
|t:|1728526009
|switch|p1a: Zapdos|Zapdos|100/100
|
|-weather|Sandstorm|[upkeep]
|-damage|p1a: Zapdos|94/100|[from] Sandstorm
|-damage|p2a: Snorlax|35/100 par|[from] Sandstorm
|-heal|p1a: Zapdos|100/100|[from] item: Leftovers
|-heal|p2a: Snorlax|42/100 par|[from] item: Leftovers
|upkeep
|turn|10
|
|t:|1728526019
|switch|p2a: Claydol|Claydol|100/100
|move|p1a: Zapdos|Thunderbolt|p2a: Claydol
|-immune|p2a: Claydol
|
|-weather|Sandstorm|[upkeep]
|-damage|p1a: Zapdos|94/100|[from] Sandstorm
|-heal|p1a: Zapdos|100/100|[from] item: Leftovers
|upkeep
|turn|11
|
|t:|1728526023
|move|p1a: Zapdos|Hidden Power|p2a: Claydol
|-supereffective|p2a: Claydol
|-damage|p2a: Claydol|66/100
|move|p2a: Claydol|Rapid Spin|p1a: Zapdos
|-damage|p1a: Zapdos|96/100
|-sideend|p2: I'm the Dome Ace|Spikes|[from] move: Rapid Spin|[of] p2a: Claydol
|
|-weather|Sandstorm|[upkeep]
|-damage|p1a: Zapdos|90/100|[from] Sandstorm
|-heal|p1a: Zapdos|96/100|[from] item: Leftovers
|-heal|p2a: Claydol|72/100|[from] item: Leftovers
|upkeep
|turn|12
|
|t:|1728526030
|switch|p2a: Jirachi|Jirachi|100/100
|move|p1a: Zapdos|Hidden Power|p2a: Jirachi
|-resisted|p2a: Jirachi
|-damage|p2a: Jirachi|95/100
|
|-weather|Sandstorm|[upkeep]
|-damage|p1a: Zapdos|90/100|[from] Sandstorm
|-heal|p1a: Zapdos|96/100|[from] item: Leftovers
|-heal|p2a: Jirachi|100/100|[from] item: Leftovers
|upkeep
|turn|13
|
|t:|1728526035
|move|p1a: Zapdos|Thunderbolt|p2a: Jirachi
|-damage|p2a: Jirachi|76/100
|move|p2a: Jirachi|Body Slam|p1a: Zapdos
|-damage|p1a: Zapdos|75/100
|
|-weather|Sandstorm|[upkeep]
|-damage|p1a: Zapdos|69/100|[from] Sandstorm
|-heal|p1a: Zapdos|75/100|[from] item: Leftovers
|-heal|p2a: Jirachi|82/100|[from] item: Leftovers
|upkeep
|turn|14
|
|t:|1728526040
|move|p1a: Zapdos|Thunderbolt|p2a: Jirachi
|-damage|p2a: Jirachi|59/100
|move|p2a: Jirachi|Wish|p2a: Jirachi
|
|-weather|Sandstorm|[upkeep]
|-damage|p1a: Zapdos|69/100|[from] Sandstorm
|-heal|p1a: Zapdos|75/100|[from] item: Leftovers
|-heal|p2a: Jirachi|65/100|[from] item: Leftovers
|upkeep
|turn|15
|
|t:|1728526046
|switch|p1a: Blissey|Blissey, F|100/100
|move|p2a: Jirachi|Body Slam|p1a: Blissey
|-damage|p1a: Blissey|83/100
|-status|p1a: Blissey|par
|
|-heal|p2a: Jirachi|100/100|[from] move: Wish|[wisher] Jirachi
|-weather|Sandstorm|[upkeep]
|-damage|p1a: Blissey|77/100 par|[from] Sandstorm
|-heal|p1a: Blissey|83/100 par|[from] item: Leftovers
|upkeep
|turn|16
|
|t:|1728526049
|move|p2a: Jirachi|Wish|p2a: Jirachi
|move|p1a: Blissey|Thunder Wave|p2a: Jirachi
|-status|p2a: Jirachi|par
|
|-weather|Sandstorm|[upkeep]
|-damage|p1a: Blissey|77/100 par|[from] Sandstorm
|-heal|p1a: Blissey|83/100 par|[from] item: Leftovers
|upkeep
|turn|17
|
|t:|1728526053
|switch|p2a: Snorlax|Snorlax, M|42/100 par
|move|p1a: Blissey|Seismic Toss|p2a: Snorlax
|-damage|p2a: Snorlax|21/100 par
|
|-heal|p2a: Snorlax|71/100 par|[from] move: Wish|[wisher] Jirachi
|-weather|Sandstorm|[upkeep]
|-damage|p1a: Blissey|77/100 par|[from] Sandstorm
|-damage|p2a: Snorlax|65/100 par|[from] Sandstorm
|-heal|p1a: Blissey|83/100 par|[from] item: Leftovers
|-heal|p2a: Snorlax|71/100 par|[from] item: Leftovers
|upkeep
|turn|18
|
|t:|1728526057
|-curestatus|p1a: Blissey|par|[from] ability: Natural Cure
|switch|p1a: Aerodactyl|Aerodactyl, M|100/100
|switch|p2a: Jirachi|Jirachi|100/100 par
|
|-weather|Sandstorm|[upkeep]
|upkeep
|turn|19
|
|t:|1728526066
|switch|p2a: Tyranitar|Tyranitar, M|100/100
|move|p1a: Aerodactyl|Earthquake|p2a: Tyranitar
|-supereffective|p2a: Tyranitar
|-damage|p2a: Tyranitar|34/100
|
|-weather|Sandstorm|[upkeep]
|-heal|p2a: Tyranitar|40/100|[from] item: Leftovers
|upkeep
|turn|20
|
|t:|1728526073
|switch|p2a: Claydol|Claydol|72/100
|move|p1a: Aerodactyl|Earthquake|p2a: Claydol
|-immune|p2a: Claydol
|
|-weather|Sandstorm|[upkeep]
|-heal|p2a: Claydol|79/100|[from] item: Leftovers
|upkeep
|turn|21
|
|t:|1728526077
|switch|p1a: Zapdos|Zapdos|75/100
|move|p2a: Claydol|Rock Slide|p1a: Zapdos
|-supereffective|p1a: Zapdos
|-damage|p1a: Zapdos|46/100
|
|-weather|Sandstorm|[upkeep]
|-damage|p1a: Zapdos|40/100|[from] Sandstorm
|-heal|p1a: Zapdos|46/100|[from] item: Leftovers
|-heal|p2a: Claydol|85/100|[from] item: Leftovers
|upkeep
|turn|22
|
|t:|1728526081
|move|p1a: Zapdos|Hidden Power|p2a: Claydol
|-supereffective|p2a: Claydol
|-damage|p2a: Claydol|53/100
|move|p2a: Claydol|Rock Slide|p1a: Zapdos|[miss]
|-miss|p2a: Claydol|p1a: Zapdos
|
|-weather|Sandstorm|[upkeep]
|-damage|p1a: Zapdos|40/100|[from] Sandstorm
|-heal|p1a: Zapdos|46/100|[from] item: Leftovers
|-heal|p2a: Claydol|59/100|[from] item: Leftovers
|upkeep
|turn|23
|
|t:|1728526084
|switch|p2a: Jirachi|Jirachi|100/100 par
|move|p1a: Zapdos|Hidden Power|p2a: Jirachi
|-resisted|p2a: Jirachi
|-damage|p2a: Jirachi|95/100 par
|
|-weather|Sandstorm|[upkeep]
|-damage|p1a: Zapdos|40/100|[from] Sandstorm
|-heal|p1a: Zapdos|46/100|[from] item: Leftovers
|-heal|p2a: Jirachi|100/100 par|[from] item: Leftovers
|upkeep
|turn|24
|
|t:|1728526087
|move|p1a: Zapdos|Thunderbolt|p2a: Jirachi
|-damage|p2a: Jirachi|75/100 par
|move|p2a: Jirachi|Wish|p2a: Jirachi
|
|-weather|Sandstorm|[upkeep]
|-damage|p1a: Zapdos|40/100|[from] Sandstorm
|-heal|p1a: Zapdos|46/100|[from] item: Leftovers
|-heal|p2a: Jirachi|82/100 par|[from] item: Leftovers
|upkeep
|turn|25
|
|t:|1728526093
|switch|p2a: Claydol|Claydol|59/100
|move|p1a: Zapdos|Thunderbolt|p2a: Claydol
|-immune|p2a: Claydol
|
|-heal|p2a: Claydol|100/100|[from] move: Wish|[wisher] Jirachi
|-weather|Sandstorm|[upkeep]
|-damage|p1a: Zapdos|40/100|[from] Sandstorm
|-heal|p1a: Zapdos|46/100|[from] item: Leftovers
|upkeep
|turn|26
|
|t:|1728526096
|move|p1a: Zapdos|Hidden Power|p2a: Claydol
|-supereffective|p2a: Claydol
|-damage|p2a: Claydol|68/100
|move|p2a: Claydol|Rock Slide|p1a: Zapdos
|-supereffective|p1a: Zapdos
|-damage|p1a: Zapdos|14/100
|
|-weather|Sandstorm|[upkeep]
|-damage|p1a: Zapdos|7/100|[from] Sandstorm
|-heal|p1a: Zapdos|14/100|[from] item: Leftovers
|-heal|p2a: Claydol|74/100|[from] item: Leftovers
|upkeep
|turn|27
|
|t:|1728526099
|switch|p2a: Jirachi|Jirachi|82/100 par
|move|p1a: Zapdos|Rest|p1a: Zapdos
|-status|p1a: Zapdos|slp|[from] move: Rest
|-heal|p1a: Zapdos|100/100 slp|[silent]
|
|-weather|Sandstorm|[upkeep]
|-damage|p1a: Zapdos|94/100 slp|[from] Sandstorm
|-heal|p1a: Zapdos|100/100 slp|[from] item: Leftovers
|-heal|p2a: Jirachi|88/100 par|[from] item: Leftovers
|upkeep
|turn|28
|
|t:|1728526102
|cant|p1a: Zapdos|slp
|move|p1a: Zapdos|Sleep Talk|p1a: Zapdos
|move|p1a: Zapdos|Rest|p1a: Zapdos|[from]Sleep Talk
|move|p2a: Jirachi|Wish|p2a: Jirachi
|
|-weather|Sandstorm|[upkeep]
|-damage|p1a: Zapdos|94/100 slp|[from] Sandstorm
|-heal|p1a: Zapdos|100/100 slp|[from] item: Leftovers
|-heal|p2a: Jirachi|94/100 par|[from] item: Leftovers
|upkeep
|turn|29
|
|t:|1728526104
|switch|p2a: Snorlax|Snorlax, M|71/100 par
|cant|p1a: Zapdos|slp
|move|p1a: Zapdos|Sleep Talk|p1a: Zapdos
|move|p1a: Zapdos|Thunderbolt|p2a: Snorlax|[from]Sleep Talk
|-damage|p2a: Snorlax|50/100 par
|
|-heal|p2a: Snorlax|99/100 par|[from] move: Wish|[wisher] Jirachi
|-weather|Sandstorm|[upkeep]
|-damage|p1a: Zapdos|94/100 slp|[from] Sandstorm
|-damage|p2a: Snorlax|93/100 par|[from] Sandstorm
|-heal|p1a: Zapdos|100/100 slp|[from] item: Leftovers
|-heal|p2a: Snorlax|99/100 par|[from] item: Leftovers
|upkeep
|turn|30
|
|t:|1728526112
|switch|p2a: Jirachi|Jirachi|94/100 par
|-curestatus|p1a: Zapdos|slp|[msg]
|move|p1a: Zapdos|Thunderbolt|p2a: Jirachi
|-damage|p2a: Jirachi|69/100 par
|
|-weather|Sandstorm|[upkeep]
|-damage|p1a: Zapdos|94/100|[from] Sandstorm
|-heal|p1a: Zapdos|100/100|[from] item: Leftovers
|-heal|p2a: Jirachi|75/100 par|[from] item: Leftovers
|upkeep
|turn|31
|
|t:|1728526117
|move|p1a: Zapdos|Thunderbolt|p2a: Jirachi
|-damage|p2a: Jirachi|50/100 par
|cant|p2a: Jirachi|par
|
|-weather|Sandstorm|[upkeep]
|-damage|p1a: Zapdos|94/100|[from] Sandstorm
|-heal|p1a: Zapdos|100/100|[from] item: Leftovers
|-heal|p2a: Jirachi|56/100 par|[from] item: Leftovers
|upkeep
|turn|32
|
|t:|1728526126
|move|p2a: Jirachi|Protect|p2a: Jirachi
|-singleturn|p2a: Jirachi|Protect
|move|p1a: Zapdos|Thunderbolt|p2a: Jirachi
|-activate|p2a: Jirachi|Protect
|
|-weather|Sandstorm|[upkeep]
|-damage|p1a: Zapdos|94/100|[from] Sandstorm
|-heal|p1a: Zapdos|100/100|[from] item: Leftovers
|-heal|p2a: Jirachi|62/100 par|[from] item: Leftovers
|upkeep
|turn|33
|
|t:|1728526129
|switch|p2a: Claydol|Claydol|74/100
|move|p1a: Zapdos|Thunderbolt|p2a: Claydol
|-immune|p2a: Claydol
|
|-weather|Sandstorm|[upkeep]
|-damage|p1a: Zapdos|94/100|[from] Sandstorm
|-heal|p1a: Zapdos|100/100|[from] item: Leftovers
|-heal|p2a: Claydol|80/100|[from] item: Leftovers
|upkeep
|turn|34
|
|t:|1728526136
|move|p1a: Zapdos|Hidden Power|p2a: Claydol
|-supereffective|p2a: Claydol
|-damage|p2a: Claydol|44/100
|move|p2a: Claydol|Rock Slide|p1a: Zapdos|[miss]
|-miss|p2a: Claydol|p1a: Zapdos
|
|-weather|Sandstorm|[upkeep]
|-damage|p1a: Zapdos|94/100|[from] Sandstorm
|-heal|p1a: Zapdos|100/100|[from] item: Leftovers
|-heal|p2a: Claydol|50/100|[from] item: Leftovers
|upkeep
|turn|35
|
|t:|1728526140
|move|p1a: Zapdos|Hidden Power|p2a: Claydol
|-supereffective|p2a: Claydol
|-damage|p2a: Claydol|15/100
|move|p2a: Claydol|Explosion|p1a: Zapdos
|-damage|p1a: Zapdos|7/100
|faint|p2a: Claydol
|
|t:|1728526143
|switch|p2a: Salamence|Salamence, M|100/100
|-ability|p2a: Salamence|Intimidate|boost
|-unboost|p1a: Zapdos|atk|1
|
|-weather|Sandstorm|[upkeep]
|-damage|p2a: Salamence|94/100|[from] Sandstorm
|-damage|p1a: Zapdos|1/100|[from] Sandstorm
|-heal|p2a: Salamence|100/100|[from] item: Leftovers
|-heal|p1a: Zapdos|7/100|[from] item: Leftovers
|upkeep
|turn|36
|
|t:|1728526150
|switch|p1a: Blissey|Blissey, F|83/100
|move|p2a: Salamence|Brick Break|p1a: Blissey
|-supereffective|p1a: Blissey
|-damage|p1a: Blissey|46/100
|
|-weather|Sandstorm|[upkeep]
|-damage|p2a: Salamence|94/100|[from] Sandstorm
|-damage|p1a: Blissey|39/100|[from] Sandstorm
|-heal|p2a: Salamence|100/100|[from] item: Leftovers
|-heal|p1a: Blissey|46/100|[from] item: Leftovers
|upkeep
|turn|37
|
|t:|1728526157
|switch|p2a: Jirachi|Jirachi|62/100 par
|move|p1a: Blissey|Soft-Boiled|p1a: Blissey
|-heal|p1a: Blissey|96/100
|
|-weather|Sandstorm|[upkeep]
|-damage|p1a: Blissey|89/100|[from] Sandstorm
|-heal|p1a: Blissey|96/100|[from] item: Leftovers
|-heal|p2a: Jirachi|68/100 par|[from] item: Leftovers
|upkeep
|turn|38
|
|t:|1728526161
|move|p1a: Blissey|Seismic Toss|p2a: Jirachi
|-damage|p2a: Jirachi|43/100 par
|move|p2a: Jirachi|Wish|p2a: Jirachi
|
|-weather|Sandstorm|[upkeep]
|-damage|p1a: Blissey|89/100|[from] Sandstorm
|-heal|p1a: Blissey|96/100|[from] item: Leftovers
|-heal|p2a: Jirachi|50/100 par|[from] item: Leftovers
|upkeep
|turn|39
|
|t:|1728526167
|switch|p1a: Zapdos|Zapdos|7/100
|move|p2a: Jirachi|Body Slam|p1a: Zapdos
|-damage|p1a: Zapdos|0 fnt
|faint|p1a: Zapdos
|
|t:|1728526171
|switch|p1a: Aerodactyl|Aerodactyl, M|100/100
|
|-heal|p2a: Jirachi|99/100 par|[from] move: Wish|[wisher] Jirachi
|-weather|Sandstorm|[upkeep]
|-heal|p2a: Jirachi|100/100 par|[from] item: Leftovers
|upkeep
|turn|40
|
|t:|1728526177
|move|p1a: Aerodactyl|Rock Slide|p2a: Jirachi
|-resisted|p2a: Jirachi
|-damage|p2a: Jirachi|82/100 par
|cant|p2a: Jirachi|flinch
|
|-weather|Sandstorm|[upkeep]
|-heal|p2a: Jirachi|89/100 par|[from] item: Leftovers
|upkeep
|turn|41
|
|t:|1728526184
|switch|p1a: Blissey|Blissey, F|96/100
|cant|p2a: Jirachi|par
|
|-weather|Sandstorm|[upkeep]
|-damage|p1a: Blissey|89/100|[from] Sandstorm
|-heal|p1a: Blissey|96/100|[from] item: Leftovers
|-heal|p2a: Jirachi|95/100 par|[from] item: Leftovers
|upkeep
|turn|42
|
|t:|1728526186
|move|p1a: Blissey|Seismic Toss|p2a: Jirachi
|-damage|p2a: Jirachi|70/100 par
|move|p2a: Jirachi|Body Slam|p1a: Blissey
|-damage|p1a: Blissey|79/100
|
|-weather|Sandstorm|[upkeep]
|-damage|p1a: Blissey|73/100|[from] Sandstorm
|-heal|p1a: Blissey|79/100|[from] item: Leftovers
|-heal|p2a: Jirachi|76/100 par|[from] item: Leftovers
|upkeep
|turn|43
|
|t:|1728526188
|move|p1a: Blissey|Seismic Toss|p2a: Jirachi
|-damage|p2a: Jirachi|51/100 par
|move|p2a: Jirachi|Wish|p2a: Jirachi
|
|-weather|Sandstorm|[upkeep]
|-damage|p1a: Blissey|73/100|[from] Sandstorm
|-heal|p1a: Blissey|79/100|[from] item: Leftovers
|-heal|p2a: Jirachi|58/100 par|[from] item: Leftovers
|upkeep
|turn|44
|
|t:|1728526191
|move|p1a: Blissey|Seismic Toss|p2a: Jirachi
|-damage|p2a: Jirachi|33/100 par
|move|p2a: Jirachi|Body Slam|p1a: Blissey
|-damage|p1a: Blissey|63/100
|-status|p1a: Blissey|par
|
|-heal|p2a: Jirachi|83/100 par|[from] move: Wish|[wisher] Jirachi
|-weather|Sandstorm|[upkeep]
|-damage|p1a: Blissey|57/100 par|[from] Sandstorm
|-heal|p2a: Jirachi|89/100 par|[from] item: Leftovers
|-heal|p1a: Blissey|63/100 par|[from] item: Leftovers
|upkeep
|turn|45
|
|t:|1728526195
|move|p2a: Jirachi|Wish|p2a: Jirachi
|move|p1a: Blissey|Seismic Toss|p2a: Jirachi
|-damage|p2a: Jirachi|64/100 par
|
|-weather|Sandstorm|[upkeep]
|-damage|p1a: Blissey|57/100 par|[from] Sandstorm
|-heal|p2a: Jirachi|71/100 par|[from] item: Leftovers
|-heal|p1a: Blissey|63/100 par|[from] item: Leftovers
|upkeep
|turn|46
|
|t:|1728526199
|switch|p2a: Tyranitar|Tyranitar, M|40/100
|move|p1a: Blissey|Soft-Boiled|p1a: Blissey
|-heal|p1a: Blissey|100/100 par
|
|-heal|p2a: Tyranitar|90/100|[from] move: Wish|[wisher] Jirachi
|-weather|Sandstorm|[upkeep]
|-damage|p1a: Blissey|94/100 par|[from] Sandstorm
|-heal|p2a: Tyranitar|96/100|[from] item: Leftovers
|-heal|p1a: Blissey|100/100 par|[from] item: Leftovers
|upkeep
|turn|47
|
|t:|1728526203
|switch|p2a: Jirachi|Jirachi|71/100 par
|cant|p1a: Blissey|par
|
|-weather|Sandstorm|[upkeep]
|-damage|p1a: Blissey|94/100 par|[from] Sandstorm
|-heal|p2a: Jirachi|77/100 par|[from] item: Leftovers
|-heal|p1a: Blissey|100/100 par|[from] item: Leftovers
|upkeep
|turn|48
|
|t:|1728526209
|-curestatus|p1a: Blissey|par|[from] ability: Natural Cure
|switch|p1a: Aerodactyl|Aerodactyl, M|100/100
|cant|p2a: Jirachi|par
|
|-weather|Sandstorm|[upkeep]
|-heal|p2a: Jirachi|83/100 par|[from] item: Leftovers
|upkeep
|turn|49
|
|t:|1728526213
|move|p2a: Jirachi|Protect|p2a: Jirachi
|-singleturn|p2a: Jirachi|Protect
|move|p1a: Aerodactyl|Earthquake|p2a: Jirachi
|-activate|p2a: Jirachi|Protect
|
|-weather|Sandstorm|[upkeep]
|-heal|p2a: Jirachi|89/100 par|[from] item: Leftovers
|upkeep
|turn|50
|
|t:|1728526215
|switch|p1a: Blissey|Blissey, F|100/100
|switch|p2a: Salamence|Salamence, M|100/100
|-ability|p2a: Salamence|Intimidate|boost
|-unboost|p1a: Blissey|atk|1
|
|-weather|Sandstorm|[upkeep]
|-damage|p2a: Salamence|94/100|[from] Sandstorm
|-damage|p1a: Blissey|94/100|[from] Sandstorm
|-heal|p2a: Salamence|100/100|[from] item: Leftovers
|-heal|p1a: Blissey|100/100|[from] item: Leftovers
|upkeep
|turn|51
|
|t:|1728526220
|switch|p2a: Jirachi|Jirachi|89/100 par
|move|p1a: Blissey|Seismic Toss|p2a: Jirachi
|-damage|p2a: Jirachi|64/100 par
|
|-weather|Sandstorm|[upkeep]
|-damage|p1a: Blissey|94/100|[from] Sandstorm
|-heal|p1a: Blissey|100/100|[from] item: Leftovers
|-heal|p2a: Jirachi|71/100 par|[from] item: Leftovers
|upkeep
|turn|52
|
|t:|1728526224
|move|p1a: Blissey|Seismic Toss|p2a: Jirachi
|-damage|p2a: Jirachi|46/100 par
|cant|p2a: Jirachi|par
|
|-weather|Sandstorm|[upkeep]
|-damage|p1a: Blissey|94/100|[from] Sandstorm
|-heal|p1a: Blissey|100/100|[from] item: Leftovers
|-heal|p2a: Jirachi|52/100 par|[from] item: Leftovers
|upkeep
|turn|53
|
|t:|1728526227
|move|p1a: Blissey|Seismic Toss|p2a: Jirachi
|-damage|p2a: Jirachi|27/100 par
|cant|p2a: Jirachi|par
|
|-weather|Sandstorm|[upkeep]
|-damage|p1a: Blissey|94/100|[from] Sandstorm
|-heal|p1a: Blissey|100/100|[from] item: Leftovers
|-heal|p2a: Jirachi|33/100 par|[from] item: Leftovers
|upkeep
|turn|54
|
|t:|1728526230
|move|p1a: Blissey|Seismic Toss|p2a: Jirachi
|-damage|p2a: Jirachi|9/100 par
|cant|p2a: Jirachi|par
|
|-weather|Sandstorm|[upkeep]
|-damage|p1a: Blissey|94/100|[from] Sandstorm
|-heal|p1a: Blissey|100/100|[from] item: Leftovers
|-heal|p2a: Jirachi|15/100 par|[from] item: Leftovers
|upkeep
|turn|55
|c|☆I'm the Dome Ace|lol
|c|☆taccat|lma
|c|☆I'm the Dome Ace|would be funny to lose after the way this started
|
|t:|1728526246
|move|p2a: Jirachi|Protect|p2a: Jirachi
|-singleturn|p2a: Jirachi|Protect
|move|p1a: Blissey|Seismic Toss|p2a: Jirachi
|-activate|p2a: Jirachi|Protect
|
|-weather|Sandstorm|[upkeep]
|-damage|p1a: Blissey|94/100|[from] Sandstorm
|-heal|p1a: Blissey|100/100|[from] item: Leftovers
|-heal|p2a: Jirachi|21/100 par|[from] item: Leftovers
|upkeep
|turn|56
|
|t:|1728526248
|switch|p2a: Suicune|Suicune|100/100
|move|p1a: Blissey|Seismic Toss|p2a: Suicune
|-damage|p2a: Suicune|76/100
|
|-weather|Sandstorm|[upkeep]
|-damage|p2a: Suicune|69/100|[from] Sandstorm
|-damage|p1a: Blissey|94/100|[from] Sandstorm
|-heal|p2a: Suicune|76/100|[from] item: Leftovers
|-heal|p1a: Blissey|100/100|[from] item: Leftovers
|upkeep
|turn|57
|c|☆taccat|itll still be tough lol
|
|t:|1728526259
|switch|p1a: Aerodactyl|Aerodactyl, M|100/100
|move|p2a: Suicune|Calm Mind|p2a: Suicune
|-boost|p2a: Suicune|spa|1
|-boost|p2a: Suicune|spd|1
|
|-weather|Sandstorm|[upkeep]
|-damage|p2a: Suicune|69/100|[from] Sandstorm
|-heal|p2a: Suicune|76/100|[from] item: Leftovers
|upkeep
|turn|58
|c|☆I'm the Dome Ace|for sure
|
|t:|1728526267
|move|p1a: Aerodactyl|Rock Slide|p2a: Suicune
|-damage|p2a: Suicune|36/100
|cant|p2a: Suicune|flinch
|
|-weather|Sandstorm|[upkeep]
|-damage|p2a: Suicune|30/100|[from] Sandstorm
|-heal|p2a: Suicune|36/100|[from] item: Leftovers
|upkeep
|turn|59
|c|☆taccat|oh
|c|☆I'm the Dome Ace|and yet
|
|t:|1728526279
|switch|p2a: Tyranitar|Tyranitar, M|96/100
|move|p1a: Aerodactyl|Rock Slide|p2a: Tyranitar
|-damage|p2a: Tyranitar|55/100
|
|-weather|Sandstorm|[upkeep]
|-heal|p2a: Tyranitar|62/100|[from] item: Leftovers
|upkeep
|turn|60
|
|t:|1728526292
|-activate|p1a: Aerodactyl|move: Pursuit
|move|p2a: Tyranitar|Pursuit|p1a: Aerodactyl|[from]Pursuit
|-damage|p1a: Aerodactyl|49/100
|switch|p1a: Blissey|Blissey, F|100/100
|
|-weather|Sandstorm|[upkeep]
|-damage|p1a: Blissey|94/100|[from] Sandstorm
|-heal|p1a: Blissey|100/100|[from] item: Leftovers
|-heal|p2a: Tyranitar|68/100|[from] item: Leftovers
|upkeep
|turn|61
|
|t:|1728526303
|switch|p2a: Suicune|Suicune|36/100
|move|p1a: Blissey|Seismic Toss|p2a: Suicune
|-damage|p2a: Suicune|11/100
|
|-weather|Sandstorm|[upkeep]
|-damage|p2a: Suicune|5/100|[from] Sandstorm
|-damage|p1a: Blissey|94/100|[from] Sandstorm
|-heal|p2a: Suicune|11/100|[from] item: Leftovers
|-heal|p1a: Blissey|100/100|[from] item: Leftovers
|upkeep
|turn|62
|
|t:|1728526308
|move|p2a: Suicune|Rest|p2a: Suicune
|-status|p2a: Suicune|slp|[from] move: Rest
|-heal|p2a: Suicune|100/100 slp|[silent]
|move|p1a: Blissey|Seismic Toss|p2a: Suicune
|-damage|p2a: Suicune|76/100 slp
|
|-weather|Sandstorm|[upkeep]
|-damage|p2a: Suicune|69/100 slp|[from] Sandstorm
|-damage|p1a: Blissey|94/100|[from] Sandstorm
|-heal|p2a: Suicune|76/100 slp|[from] item: Leftovers
|-heal|p1a: Blissey|100/100|[from] item: Leftovers
|upkeep
|turn|63
|
|t:|1728526310
|switch|p1a: Aerodactyl|Aerodactyl, M|49/100
|cant|p2a: Suicune|slp
|move|p2a: Suicune|Sleep Talk|p2a: Suicune
|move|p2a: Suicune|Rest|p2a: Suicune|[from]Sleep Talk
|
|-weather|Sandstorm|[upkeep]
|-damage|p2a: Suicune|69/100 slp|[from] Sandstorm
|-heal|p2a: Suicune|76/100 slp|[from] item: Leftovers
|upkeep
|turn|64
|inactive|I'm the Dome Ace has 270 seconds left.
|inactive|I'm the Dome Ace has 240 seconds left.
|
|t:|1728526372
|move|p1a: Aerodactyl|Rock Slide|p2a: Suicune
|-damage|p2a: Suicune|40/100 slp
|cant|p2a: Suicune|slp
|move|p2a: Suicune|Sleep Talk|p2a: Suicune
|move|p2a: Suicune|Rest|p2a: Suicune|[from]Sleep Talk
|
|-weather|Sandstorm|[upkeep]
|-damage|p2a: Suicune|34/100 slp|[from] Sandstorm
|-heal|p2a: Suicune|40/100 slp|[from] item: Leftovers
|upkeep
|turn|65
|
|t:|1728526378
|move|p1a: Aerodactyl|Rock Slide|p2a: Suicune
|-damage|p2a: Suicune|4/100 slp
|-curestatus|p2a: Suicune|slp|[msg]
|cant|p2a: Suicune|flinch
|
|-weather|Sandstorm|[upkeep]
|-damage|p2a: Suicune|0 fnt|[from] Sandstorm
|faint|p2a: Suicune
|upkeep
|c|☆I'm the Dome Ace|omg lol
|
|t:|1728526387
|switch|p2a: Jirachi|Jirachi|21/100 par
|turn|66
|
|t:|1728526393
|move|p1a: Aerodactyl|Rock Slide|p2a: Jirachi
|-resisted|p2a: Jirachi
|-damage|p2a: Jirachi|1/100 par
|cant|p2a: Jirachi|par
|
|-weather|Sandstorm|[upkeep]
|-heal|p2a: Jirachi|7/100 par|[from] item: Leftovers
|upkeep
|turn|67
|c|☆I'm the Dome Ace|....
|
|t:|1728526402
|move|p2a: Jirachi|Protect|p2a: Jirachi
|-singleturn|p2a: Jirachi|Protect
|move|p1a: Aerodactyl|Rock Slide|p2a: Jirachi
|-activate|p2a: Jirachi|Protect
|
|-weather|Sandstorm|[upkeep]
|-heal|p2a: Jirachi|13/100 par|[from] item: Leftovers
|upkeep
|turn|68
|
|t:|1728526406
|move|p2a: Jirachi|Protect||[still]
|-fail|p2a: Jirachi
|move|p1a: Aerodactyl|Rock Slide|p2a: Jirachi
|-resisted|p2a: Jirachi
|-damage|p2a: Jirachi|0 fnt
|faint|p2a: Jirachi
|
|t:|1728526409
|switch|p2a: Tyranitar|Tyranitar, M|68/100
|
|-weather|Sandstorm|[upkeep]
|-heal|p2a: Tyranitar|74/100|[from] item: Leftovers
|upkeep
|turn|69
|c|☆I'm the Dome Ace|slightly incredible
|inactive|I'm the Dome Ace has 270 seconds left.
|
|t:|1728526428
|move|p1a: Aerodactyl|Rock Slide|p2a: Tyranitar
|-damage|p2a: Tyranitar|35/100
|move|p2a: Tyranitar|Pursuit|p1a: Aerodactyl
|-damage|p1a: Aerodactyl|22/100
|
|-weather|Sandstorm|[upkeep]
|-heal|p2a: Tyranitar|42/100|[from] item: Leftovers
|upkeep
|turn|70
|c|☆taccat|where there is a rock slide there's a way
|
|t:|1728526433
|move|p1a: Aerodactyl|Rock Slide|p2a: Tyranitar|[miss]
|-miss|p1a: Aerodactyl|p2a: Tyranitar
|move|p2a: Tyranitar|Pursuit|p1a: Aerodactyl
|-damage|p1a: Aerodactyl|0 fnt
|faint|p1a: Aerodactyl
|
|t:|1728526438
|switch|p1a: Blissey|Blissey, F|100/100
|
|-weather|Sandstorm|[upkeep]
|-damage|p1a: Blissey|94/100|[from] Sandstorm
|-heal|p1a: Blissey|100/100|[from] item: Leftovers
|-heal|p2a: Tyranitar|48/100|[from] item: Leftovers
|upkeep
|turn|71
|
|t:|1728526445
|move|p1a: Blissey|Seismic Toss|p2a: Tyranitar
|-damage|p2a: Tyranitar|23/100
|move|p2a: Tyranitar|Brick Break|p1a: Blissey
|-supereffective|p1a: Blissey
|-damage|p1a: Blissey|68/100
|
|-weather|Sandstorm|[upkeep]
|-damage|p1a: Blissey|62/100|[from] Sandstorm
|-heal|p1a: Blissey|68/100|[from] item: Leftovers
|-heal|p2a: Tyranitar|29/100|[from] item: Leftovers
|upkeep
|turn|72
|
|t:|1728526464
|move|p1a: Blissey|Soft-Boiled|p1a: Blissey
|-heal|p1a: Blissey|100/100
|move|p2a: Tyranitar|Brick Break|p1a: Blissey
|-supereffective|p1a: Blissey
|-damage|p1a: Blissey|65/100
|
|-weather|Sandstorm|[upkeep]
|-damage|p1a: Blissey|59/100|[from] Sandstorm
|-heal|p1a: Blissey|65/100|[from] item: Leftovers
|-heal|p2a: Tyranitar|35/100|[from] item: Leftovers
|upkeep
|turn|73
|
|t:|1728526468
|move|p1a: Blissey|Soft-Boiled|p1a: Blissey
|-heal|p1a: Blissey|100/100
|move|p2a: Tyranitar|Brick Break|p1a: Blissey
|-supereffective|p1a: Blissey
|-damage|p1a: Blissey|63/100
|
|-weather|Sandstorm|[upkeep]
|-damage|p1a: Blissey|57/100|[from] Sandstorm
|-heal|p1a: Blissey|63/100|[from] item: Leftovers
|-heal|p2a: Tyranitar|42/100|[from] item: Leftovers
|upkeep
|turn|74
|
|t:|1728526471
|move|p1a: Blissey|Seismic Toss|p2a: Tyranitar
|-damage|p2a: Tyranitar|17/100
|move|p2a: Tyranitar|Brick Break|p1a: Blissey
|-supereffective|p1a: Blissey
|-damage|p1a: Blissey|28/100
|
|-weather|Sandstorm|[upkeep]
|-damage|p1a: Blissey|21/100|[from] Sandstorm
|-heal|p1a: Blissey|28/100|[from] item: Leftovers
|-heal|p2a: Tyranitar|23/100|[from] item: Leftovers
|upkeep
|turn|75
|
|t:|1728526473
|move|p1a: Blissey|Seismic Toss|p2a: Tyranitar
|-damage|p2a: Tyranitar|0 fnt
|faint|p2a: Tyranitar
|
|t:|1728526475
|switch|p2a: Snorlax|Snorlax, M|99/100 par
|
|-weather|Sandstorm|[upkeep]
|-damage|p1a: Blissey|21/100|[from] Sandstorm
|-damage|p2a: Snorlax|93/100 par|[from] Sandstorm
|-heal|p1a: Blissey|28/100|[from] item: Leftovers
|-heal|p2a: Snorlax|99/100 par|[from] item: Leftovers
|upkeep
|turn|76
|
|t:|1728526480
|move|p1a: Blissey|Soft-Boiled|p1a: Blissey
|-heal|p1a: Blissey|78/100
|move|p2a: Snorlax|Self-Destruct|p1a: Blissey
|-damage|p1a: Blissey|0 fnt
|faint|p2a: Snorlax
|faint|p1a: Blissey
|
|win|I'm the Dome Ace
|c|☆I'm the Dome Ace|ggs

</script>
<script type="application/json" class="data" id="replaydata-smogtours-gen3ou-796849">
{"id":"smogtours-gen3ou-796849","format":"[Gen 3] OU","players":["taccat","I'm the Dome Ace"],"uploadtime":1728526480,"views":199,"formatid":"gen3ou","rating":null,"private":0,"password":null}
</script>

<script defer src="js/replays.js?9d40a366"></script>
