<!DOCTYPE html>
<meta charset="utf-8" />
<meta name="viewport" content="width=device-width" />

<title>[Gen 3] OU: Fear vs. vbncvx - Replays - Pok&eacute;mon Showdown!</title>

<meta name="description" content="Watch a replay of a Pok&eacute;mon battle between Fear and vbncvx! Format: [Gen 3] OU; Date: Oct 14, 2024" />
<!--

Hey, you! Looking in the source for the replay log?

You can find them in JSON format, just add `.json` at the end of a replay URL.

https://replay.pokemonshowdown.com/gen7randomdoublesbattle-865046831.json

Or, if you only need the log itself, add `.log` instead:

https://replay.pokemonshowdown.com/gen7randomdoublesbattle-865046831.log

-->

<link rel="stylesheet" href="//pokemonshowdown.com/style/global.css?0.023195364461161105" />
<link rel="stylesheet" href="//play.pokemonshowdown.com/style/font-awesome.css?0.13261647063804238" />
<link rel="stylesheet" href="//play.pokemonshowdown.com/style/battle.css?0.8753245789963631" />
<link rel="stylesheet" href="//play.pokemonshowdown.com/style/utilichart.css?0.8627959624976733" />

<!-- Global site tag (gtag.js) - Google Analytics -->
<script async src="https://www.googletagmanager.com/gtag/js?id=UA-26211653-1"></script>
<script>
  window.dataLayer = window.dataLayer || [];
  function gtag(){dataLayer.push(arguments);}
  gtag('js', new Date());

  gtag('config', 'UA-26211653-1');
</script>
<!-- End Google Analytics -->
<!-- Venatus Ad Manager - Install in <HEAD> of page -->
	<script src="https://hb.vntsm.com/v3/live/ad-manager.min.js" type="text/javascript" data-site-id="642aba63ec9a7b11c3c9c1be" data-mode="scan" async></script>
<!-- / Venatus Ad Manager -->

<style>
	@media (max-width:820px) {
		.battle {
			margin: 0 auto;
		}
		.battle-log {
			margin: 7px auto 0;
			max-width: 640px;
			height: 300px;
			position: static;
		}
	}
	.optgroup {
		display: inline-block;
		line-height: 22px;
		font-size: 10pt;
	}
	.optgroup .button {
		height: 25px;
		padding-top: 0;
		padding-bottom: 0;
	}
	.optgroup button.button {
		padding-left: 12px;
		padding-right: 12px;
	}
	.linklist {
		list-style: none;
		margin: 0.5em 0;
		padding: 0;
	}
	.linklist li {
		padding: 2px 0;
	}
	.sidebar {
		float: left;
		width: 320px;
	}
	.bar-wrapper {
		max-width: 1100px;
		margin: 0 auto;
	}
	.bar-wrapper.has-sidebar {
		max-width: 1430px;
	}
	.mainbar {
		margin: 0;
		padding-right: 1px;
	}
	.mainbar.has-sidebar {
		margin-left: 330px;
	}
	@media (min-width: 1511px) {
		.sidebar {
			width: 400px;
		}
		.bar-wrapper.has-sidebar {
			max-width: 1510px;
		}
		.mainbar.has-sidebar {
			margin-left: 410px;
		}
	}
	.section.first-section {
		margin-top: 9px;
	}
	.blocklink small {
		white-space: normal;
	}
	.button {
		vertical-align: middle;
	}
	.replay-controls {
		padding-top: 10px;
	}
	.replay-controls h1 {
		font-size: 16pt;
		font-weight: normal;
		color: #CCC;
	}
	.pagelink {
		text-align: center;
	}
	.pagelink a {
		width: 150px;
	}
	.textbox, .button {
		font-size: 11pt;
		vertical-align: middle;
	}
	@media (max-width: 450px) {
		.button {
			font-size: 9pt;
		}
	}
</style>

<div>

	<header>
		<div class="nav-wrapper"><ul class="nav">
			<li><a class="button nav-first" href="//pokemonshowdown.com/"><img src="//pokemonshowdown.com/images/pokemonshowdownbeta.png" srcset="//pokemonshowdown.com/images/pokemonshowdownbeta.png 1x, //pokemonshowdown.com/images/pokemonshowdownbeta@2x.png 2x" alt="Pok&eacute;mon Showdown" width="146" height="44" /> Home</a></li>
			<li><a class="button" href="//pokemonshowdown.com/dex/">Pok&eacute;dex</a></li>
			<li><a class="button cur" href="/">Replays</a></li>
			<li><a class="button" href="//pokemonshowdown.com/ladder/">Ladder</a></li>
			<li><a class="button nav-last" href="//pokemonshowdown.com/forums/">Forum</a></li>
			<li><a class="button greenbutton nav-first nav-last" href="//play.pokemonshowdown.com/">Play</a></li>
		</ul></div>
	</header>

	<div class="main" id="main">

		<noscript><section class="section">You need to enable JavaScript to use this page; sorry!</section></noscript>

	</div>

</div>

<script defer nomodule src="//play.pokemonshowdown.com/js/lib/ps-polyfill.js"></script>
<script defer src="//play.pokemonshowdown.com/js/lib/preact.min.js"></script>

<script defer src="//play.pokemonshowdown.com/config/config.js?2bddbc15"></script>
<script defer src="//play.pokemonshowdown.com/js/lib/jquery-1.11.0.min.js"></script>
<script defer src="//play.pokemonshowdown.com/js/lib/html-sanitizer-minified.js"></script>
<script defer src="//play.pokemonshowdown.com/js/battle-sound.js"></script>
<script defer src="//play.pokemonshowdown.com/js/battledata.js?0.7209276989879541"></script>
<script defer src="//play.pokemonshowdown.com/data/pokedex-mini.js?0.6111056340867951"></script>
<script defer src="//play.pokemonshowdown.com/data/pokedex-mini-bw.js?0.3532142036491459"></script>
<script defer src="//play.pokemonshowdown.com/data/graphics.js?0.24223875632456182"></script>
<script defer src="//play.pokemonshowdown.com/data/pokedex.js?0.38839984266356864"></script>
<script defer src="//play.pokemonshowdown.com/data/moves.js?0.21866028504024015"></script>
<script defer src="//play.pokemonshowdown.com/data/abilities.js?0.2005157953846628"></script>
<script defer src="//play.pokemonshowdown.com/data/items.js?0.9894211263848525"></script>
<script defer src="//play.pokemonshowdown.com/data/teambuilder-tables.js?0.6008791140282215"></script>
<script defer src="//play.pokemonshowdown.com/js/battle-tooltips.js?0.7580118955022959"></script>
<script defer src="//play.pokemonshowdown.com/js/battle.js?0.6057722274234274"></script>

<script defer src="js/utils.js?e31f9a17"></script>
<script defer src="js/replays-battle.js?7008c182"></script>

<!-- don't scrape this data! just add .json or .log after the URL!
Full API docs: https://github.com/smogon/pokemon-showdown-client/blob/master/WEB-API.md -->
<script type="text/plain" class="log" id="replaylog-smogtours-gen3ou-798700">
|inactive|Battle timer is ON: inactive players will automatically lose when time's up.
|t:|1728931897
|gametype|singles
|player|p1|Fear|#gscpl3ironmanmachamps|
|player|p2|vbncvx|1|
|teamsize|p1|6
|teamsize|p2|6
|gen|3
|tier|[Gen 3] OU
|rule|Sleep Clause Mod: Limit one foe put to sleep
|rule|Switch Priority Clause Mod: Faster Pokémon switch first
|rule|Species Clause: Limit one of each Pokémon
|rule|OHKO Clause: OHKO moves are banned
|rule|Evasion Items Clause: Evasion items are banned
|rule|Evasion Moves Clause: Evasion moves are banned
|rule|Endless Battle Clause: Forcing endless battles is banned
|rule|HP Percentage Mod: HP is shown in percentages
|rule|One Boost Passer Clause: Limit one Baton Passer that has a way to boost its stats
|rule|Freeze Clause Mod: Limit one foe frozen
|
|t:|1728931897
|start
|switch|p1a: Dugtrio|Dugtrio, M|100/100
|switch|p2a: Suicune|Suicune|100/100
|turn|1
|c|☆vbncvx|glhf
|
|t:|1728931904
|switch|p1a: Blissey|Blissey, F|100/100
|move|p2a: Suicune|Hydro Pump|p1a: Blissey
|-damage|p1a: Blissey|80/100
|
|-heal|p1a: Blissey|87/100|[from] item: Leftovers
|upkeep
|turn|2
|
|t:|1728931911
|switch|p2a: Dugtrio|Dugtrio, F|100/100
|move|p1a: Blissey|Thunder Wave|p2a: Dugtrio
|-immune|p2a: Dugtrio
|
|-heal|p1a: Blissey|93/100|[from] item: Leftovers
|upkeep
|turn|3
|
|t:|1728931916
|move|p2a: Dugtrio|Earthquake|p1a: Blissey
|-damage|p1a: Blissey|47/100
|move|p1a: Blissey|Soft-Boiled|p1a: Blissey
|-heal|p1a: Blissey|97/100
|
|-heal|p1a: Blissey|100/100|[from] item: Leftovers
|upkeep
|turn|4
|
|t:|1728931920
|move|p2a: Dugtrio|Earthquake|p1a: Blissey
|-damage|p1a: Blissey|55/100
|move|p1a: Blissey|Soft-Boiled|p1a: Blissey
|-heal|p1a: Blissey|100/100
|
|upkeep
|turn|5
|
|t:|1728931923
|move|p2a: Dugtrio|Earthquake|p1a: Blissey
|-damage|p1a: Blissey|54/100
|move|p1a: Blissey|Soft-Boiled|p1a: Blissey
|-heal|p1a: Blissey|100/100
|
|upkeep
|turn|6
|
|t:|1728931927
|move|p2a: Dugtrio|Earthquake|p1a: Blissey
|-damage|p1a: Blissey|55/100
|move|p1a: Blissey|Soft-Boiled|p1a: Blissey
|-heal|p1a: Blissey|100/100
|
|upkeep
|turn|7
|
|t:|1728931930
|move|p2a: Dugtrio|Earthquake|p1a: Blissey
|-damage|p1a: Blissey|48/100
|move|p1a: Blissey|Soft-Boiled|p1a: Blissey
|-heal|p1a: Blissey|98/100
|
|-heal|p1a: Blissey|100/100|[from] item: Leftovers
|upkeep
|turn|8
|
|t:|1728931933
|move|p2a: Dugtrio|Earthquake|p1a: Blissey
|-damage|p1a: Blissey|52/100
|move|p1a: Blissey|Soft-Boiled|p1a: Blissey
|-heal|p1a: Blissey|100/100
|
|upkeep
|turn|9
|
|t:|1728931936
|move|p2a: Dugtrio|Earthquake|p1a: Blissey
|-damage|p1a: Blissey|54/100
|move|p1a: Blissey|Soft-Boiled|p1a: Blissey
|-heal|p1a: Blissey|100/100
|
|upkeep
|turn|10
|
|t:|1728931939
|move|p2a: Dugtrio|Earthquake|p1a: Blissey
|-damage|p1a: Blissey|50/100
|move|p1a: Blissey|Soft-Boiled|p1a: Blissey
|-heal|p1a: Blissey|99/100
|
|-heal|p1a: Blissey|100/100|[from] item: Leftovers
|upkeep
|turn|11
|
|t:|1728931941
|move|p2a: Dugtrio|Earthquake|p1a: Blissey
|-damage|p1a: Blissey|49/100
|move|p1a: Blissey|Soft-Boiled|p1a: Blissey
|-heal|p1a: Blissey|99/100
|
|-heal|p1a: Blissey|100/100|[from] item: Leftovers
|upkeep
|turn|12
|
|t:|1728931944
|move|p2a: Dugtrio|Earthquake|p1a: Blissey
|-damage|p1a: Blissey|52/100
|move|p1a: Blissey|Soft-Boiled|p1a: Blissey
|-heal|p1a: Blissey|100/100
|
|upkeep
|turn|13
|
|t:|1728931947
|move|p2a: Dugtrio|Earthquake|p1a: Blissey
|-damage|p1a: Blissey|50/100
|move|p1a: Blissey|Soft-Boiled|p1a: Blissey
|-heal|p1a: Blissey|99/100
|
|-heal|p1a: Blissey|100/100|[from] item: Leftovers
|upkeep
|turn|14
|
|t:|1728931950
|move|p2a: Dugtrio|Earthquake|p1a: Blissey
|-damage|p1a: Blissey|50/100
|move|p1a: Blissey|Soft-Boiled|p1a: Blissey
|-heal|p1a: Blissey|99/100
|
|-heal|p1a: Blissey|100/100|[from] item: Leftovers
|upkeep
|turn|15
|
|t:|1728931952
|move|p2a: Dugtrio|Earthquake|p1a: Blissey
|-damage|p1a: Blissey|50/100
|move|p1a: Blissey|Soft-Boiled|p1a: Blissey
|-heal|p1a: Blissey|99/100
|
|-heal|p1a: Blissey|100/100|[from] item: Leftovers
|upkeep
|turn|16
|
|t:|1728931955
|move|p2a: Dugtrio|Earthquake|p1a: Blissey
|-damage|p1a: Blissey|55/100
|move|p1a: Blissey|Soft-Boiled|p1a: Blissey
|-heal|p1a: Blissey|100/100
|
|upkeep
|turn|17
|
|t:|1728931960
|move|p2a: Dugtrio|Earthquake|p1a: Blissey
|-damage|p1a: Blissey|48/100
|move|p1a: Blissey|Soft-Boiled|p1a: Blissey
|-heal|p1a: Blissey|98/100
|
|-heal|p1a: Blissey|100/100|[from] item: Leftovers
|upkeep
|turn|18
|
|t:|1728931965
|move|p2a: Dugtrio|Earthquake|p1a: Blissey
|-damage|p1a: Blissey|55/100
|move|p1a: Blissey|Seismic Toss|p2a: Dugtrio
|-damage|p2a: Dugtrio|53/100
|
|-heal|p1a: Blissey|61/100|[from] item: Leftovers
|upkeep
|turn|19
|
|t:|1728931979
|move|p2a: Dugtrio|Struggle|p1a: Blissey
|-damage|p1a: Blissey|46/100
|-damage|p2a: Dugtrio|40/100|[from] Recoil|[of] p1a: Blissey
|move|p1a: Blissey|Thunder Wave|p2a: Dugtrio
|-immune|p2a: Dugtrio
|
|-heal|p1a: Blissey|52/100|[from] item: Leftovers
|upkeep
|turn|20
|
|t:|1728931998
|switch|p2a: Celebi|Celebi|100/100
|move|p1a: Blissey|Thunder Wave|p2a: Celebi
|-status|p2a: Celebi|par
|
|-heal|p1a: Blissey|58/100|[from] item: Leftovers
|upkeep
|turn|21
|
|t:|1728932008
|move|p1a: Blissey|Seismic Toss|p2a: Celebi
|-damage|p2a: Celebi|73/100 par
|move|p2a: Celebi|Baton Pass|p2a: Celebi
|
|t:|1728932027
|-curestatus|p2a: Celebi|par|[from] ability: Natural Cure
|switch|p2a: Dugtrio|Dugtrio, F|40/100|[from] Baton Pass
|
|-heal|p1a: Blissey|64/100|[from] item: Leftovers
|upkeep
|turn|22
|
|t:|1728932031
|move|p2a: Dugtrio|Rock Slide|p1a: Blissey
|-damage|p1a: Blissey|41/100
|move|p1a: Blissey|Seismic Toss|p2a: Dugtrio
|-damage|p2a: Dugtrio|0 fnt
|faint|p2a: Dugtrio
|
|t:|1728932047
|switch|p2a: Raikou|Raikou|100/100
|
|-heal|p1a: Blissey|47/100|[from] item: Leftovers
|upkeep
|turn|23
|
|t:|1728932051
|move|p2a: Raikou|Substitute|p2a: Raikou
|-start|p2a: Raikou|Substitute
|-damage|p2a: Raikou|76/100
|move|p1a: Blissey|Seismic Toss|p2a: Raikou
|-end|p2a: Raikou|Substitute
|
|-heal|p2a: Raikou|82/100|[from] item: Leftovers
|-heal|p1a: Blissey|54/100|[from] item: Leftovers
|upkeep
|turn|24
|
|t:|1728932057
|move|p2a: Raikou|Thunderbolt|p1a: Blissey
|-damage|p1a: Blissey|38/100
|move|p1a: Blissey|Seismic Toss|p2a: Raikou
|-damage|p2a: Raikou|51/100
|
|-heal|p2a: Raikou|57/100|[from] item: Leftovers
|-heal|p1a: Blissey|44/100|[from] item: Leftovers
|upkeep
|turn|25
|
|t:|1728932065
|move|p2a: Raikou|Substitute|p2a: Raikou
|-start|p2a: Raikou|Substitute
|-damage|p2a: Raikou|32/100
|move|p1a: Blissey|Thunder Wave||[still]
|-fail|p1a: Blissey
|
|-heal|p2a: Raikou|38/100|[from] item: Leftovers
|-heal|p1a: Blissey|50/100|[from] item: Leftovers
|upkeep
|turn|26
|
|t:|1728932070
|move|p2a: Raikou|Calm Mind|p2a: Raikou
|-boost|p2a: Raikou|spa|1
|-boost|p2a: Raikou|spd|1
|move|p1a: Blissey|Seismic Toss|p2a: Raikou
|-end|p2a: Raikou|Substitute
|
|-heal|p2a: Raikou|45/100|[from] item: Leftovers
|-heal|p1a: Blissey|56/100|[from] item: Leftovers
|upkeep
|turn|27
|
|t:|1728932073
|move|p2a: Raikou|Thunderbolt|p1a: Blissey
|-damage|p1a: Blissey|33/100
|move|p1a: Blissey|Seismic Toss|p2a: Raikou
|-damage|p2a: Raikou|14/100
|
|-heal|p2a: Raikou|20/100|[from] item: Leftovers
|-heal|p1a: Blissey|39/100|[from] item: Leftovers
|upkeep
|turn|28
|
|t:|1728932088
|move|p2a: Raikou|Thunderbolt|p1a: Blissey
|-damage|p1a: Blissey|15/100
|move|p1a: Blissey|Thunder Wave|p2a: Raikou
|-status|p2a: Raikou|par
|
|-heal|p1a: Blissey|21/100|[from] item: Leftovers
|-heal|p2a: Raikou|26/100 par|[from] item: Leftovers
|upkeep
|turn|29
|
|t:|1728932093
|move|p1a: Blissey|Seismic Toss|p2a: Raikou
|-damage|p2a: Raikou|0 fnt
|faint|p2a: Raikou
|
|t:|1728932103
|switch|p2a: Suicune|Suicune|100/100
|
|-heal|p1a: Blissey|27/100|[from] item: Leftovers
|upkeep
|turn|30
|
|t:|1728932111
|move|p2a: Suicune|Calm Mind|p2a: Suicune
|-boost|p2a: Suicune|spa|1
|-boost|p2a: Suicune|spd|1
|move|p1a: Blissey|Thunder Wave|p2a: Suicune
|-status|p2a: Suicune|par
|
|-heal|p1a: Blissey|34/100|[from] item: Leftovers
|upkeep
|turn|31
|
|t:|1728932116
|switch|p1a: Suicune|Suicune|100/100
|move|p2a: Suicune|Calm Mind|p2a: Suicune
|-boost|p2a: Suicune|spa|1
|-boost|p2a: Suicune|spd|1
|
|upkeep
|turn|32
|
|t:|1728932119
|move|p1a: Suicune|Calm Mind|p1a: Suicune
|-boost|p1a: Suicune|spa|1
|-boost|p1a: Suicune|spd|1
|move|p2a: Suicune|Roar|p1a: Suicune
|drag|p1a: Forretress|Forretress, F|100/100
|
|upkeep
|turn|33
|
|t:|1728932126
|switch|p1a: Suicune|Suicune|100/100
|move|p2a: Suicune|Calm Mind|p2a: Suicune
|-boost|p2a: Suicune|spa|1
|-boost|p2a: Suicune|spd|1
|
|upkeep
|turn|34
|
|t:|1728932129
|cant|p2a: Suicune|par
|move|p1a: Suicune|Roar|p2a: Suicune
|drag|p2a: Celebi|Celebi|73/100
|
|-heal|p2a: Celebi|79/100|[from] item: Leftovers
|upkeep
|turn|35
|
|t:|1728932137
|switch|p1a: Blissey|Blissey, F|34/100
|move|p2a: Celebi|Calm Mind|p2a: Celebi
|-boost|p2a: Celebi|spa|1
|-boost|p2a: Celebi|spd|1
|
|-heal|p2a: Celebi|85/100|[from] item: Leftovers
|-heal|p1a: Blissey|40/100|[from] item: Leftovers
|upkeep
|turn|36
|
|t:|1728932140
|move|p2a: Celebi|Giga Drain|p1a: Blissey
|-damage|p1a: Blissey|25/100
|-heal|p2a: Celebi|99/100|[from] drain|[of] p1a: Blissey
|move|p1a: Blissey|Thunder Wave|p2a: Celebi
|-status|p2a: Celebi|par
|
|-heal|p1a: Blissey|31/100|[from] item: Leftovers
|-heal|p2a: Celebi|100/100 par|[from] item: Leftovers
|upkeep
|turn|37
|
|t:|1728932146
|move|p1a: Blissey|Seismic Toss|p2a: Celebi
|-damage|p2a: Celebi|73/100 par
|cant|p2a: Celebi|par
|
|-heal|p1a: Blissey|38/100|[from] item: Leftovers
|-heal|p2a: Celebi|79/100 par|[from] item: Leftovers
|upkeep
|turn|38
|
|t:|1728932150
|move|p1a: Blissey|Seismic Toss|p2a: Celebi
|-damage|p2a: Celebi|52/100 par
|cant|p2a: Celebi|par
|
|-heal|p1a: Blissey|44/100|[from] item: Leftovers
|-heal|p2a: Celebi|58/100 par|[from] item: Leftovers
|upkeep
|turn|39
|
|t:|1728932153
|move|p1a: Blissey|Seismic Toss|p2a: Celebi
|-damage|p2a: Celebi|31/100 par
|cant|p2a: Celebi|par
|
|-heal|p1a: Blissey|50/100|[from] item: Leftovers
|-heal|p2a: Celebi|37/100 par|[from] item: Leftovers
|upkeep
|turn|40
|
|t:|1728932157
|move|p1a: Blissey|Seismic Toss|p2a: Celebi
|-damage|p2a: Celebi|9/100 par
|move|p2a: Celebi|Giga Drain|p1a: Blissey
|-damage|p1a: Blissey|34/100
|-heal|p2a: Celebi|24/100 par|[from] drain|[of] p1a: Blissey
|
|-heal|p1a: Blissey|41/100|[from] item: Leftovers
|-heal|p2a: Celebi|30/100 par|[from] item: Leftovers
|upkeep
|turn|41
|
|t:|1728932161
|move|p1a: Blissey|Seismic Toss|p2a: Celebi
|-damage|p2a: Celebi|3/100 par
|move|p2a: Celebi|Baton Pass|p2a: Celebi
|
|t:|1728932169
|-curestatus|p2a: Celebi|par|[from] ability: Natural Cure
|switch|p2a: Porygon2|Porygon2|100/100|[from] Baton Pass
|-ability|p2a: Porygon2|Natural Cure|[from] ability: Trace|[of] p1a: Blissey
|
|-heal|p1a: Blissey|47/100|[from] item: Leftovers
|upkeep
|turn|42
|
|t:|1728932175
|move|p2a: Porygon2|Toxic|p1a: Blissey
|-status|p1a: Blissey|tox
|move|p1a: Blissey|Thunder Wave|p2a: Porygon2
|-status|p2a: Porygon2|par
|
|-heal|p1a: Blissey|53/100 tox|[from] item: Leftovers
|-damage|p1a: Blissey|47/100 tox|[from] psn
|upkeep
|turn|43
|
|t:|1728932180
|-curestatus|p1a: Blissey|tox|[from] ability: Natural Cure
|switch|p1a: Forretress|Forretress, F|100/100
|move|p2a: Porygon2|Ice Beam|p1a: Forretress
|-resisted|p1a: Forretress
|-damage|p1a: Forretress|83/100
|
|-heal|p1a: Forretress|89/100|[from] item: Leftovers
|upkeep
|turn|44
|
|t:|1728932184
|move|p1a: Forretress|Spikes|p2a: Porygon2
|-sidestart|p2: vbncvx|Spikes
|cant|p2a: Porygon2|par
|
|-heal|p1a: Forretress|95/100|[from] item: Leftovers
|upkeep
|turn|45
|
|t:|1728932187
|move|p1a: Forretress|Spikes|p2a: Porygon2
|-sidestart|p2: vbncvx|Spikes
|cant|p2a: Porygon2|par
|
|-heal|p1a: Forretress|100/100|[from] item: Leftovers
|upkeep
|turn|46
|
|t:|1728932189
|move|p1a: Forretress|Spikes|p2a: Porygon2
|-sidestart|p2: vbncvx|Spikes
|cant|p2a: Porygon2|par
|
|upkeep
|turn|47
|
|t:|1728932196
|move|p1a: Forretress|Explosion|p2a: Porygon2
|-damage|p2a: Porygon2|25/100 par
|faint|p1a: Forretress
|c|☆vbncvx|gg
|-message|vbncvx forfeited.
|
|win|Fear
|c|☆Fear|gg
|player|p2|

</script>
<script type="application/json" class="data" id="replaydata-smogtours-gen3ou-798700">
{"id":"smogtours-gen3ou-798700","format":"[Gen 3] OU","players":["Fear","vbncvx"],"uploadtime":1728932200,"views":130,"formatid":"gen3ou","rating":null,"private":0,"password":null}
</script>

<script defer src="js/replays.js?9d40a366"></script>
