<!DOCTYPE html>
<meta charset="utf-8" />
<meta name="viewport" content="width=device-width" />

<title>[Gen 3] OU: AfroFaust vs. blanched - Replays - Pok&eacute;mon Showdown!</title>

<meta name="description" content="Watch a replay of a Pok&eacute;mon battle between AfroFaust and blanched! Format: [Gen 3] OU; Date: Oct 10, 2024" />
<!--

Hey, you! Looking in the source for the replay log?

You can find them in JSON format, just add `.json` at the end of a replay URL.

https://replay.pokemonshowdown.com/gen7randomdoublesbattle-865046831.json

Or, if you only need the log itself, add `.log` instead:

https://replay.pokemonshowdown.com/gen7randomdoublesbattle-865046831.log

-->

<link rel="stylesheet" href="//pokemonshowdown.com/style/global.css?0.023195364461161105" />
<link rel="stylesheet" href="//play.pokemonshowdown.com/style/font-awesome.css?0.13261647063804238" />
<link rel="stylesheet" href="//play.pokemonshowdown.com/style/battle.css?0.8753245789963631" />
<link rel="stylesheet" href="//play.pokemonshowdown.com/style/utilichart.css?0.8627959624976733" />

<!-- Global site tag (gtag.js) - Google Analytics -->
<script async src="https://www.googletagmanager.com/gtag/js?id=UA-26211653-1"></script>
<script>
  window.dataLayer = window.dataLayer || [];
  function gtag(){dataLayer.push(arguments);}
  gtag('js', new Date());

  gtag('config', 'UA-26211653-1');
</script>
<!-- End Google Analytics -->
<!-- Venatus Ad Manager - Install in <HEAD> of page -->
	<script src="https://hb.vntsm.com/v3/live/ad-manager.min.js" type="text/javascript" data-site-id="642aba63ec9a7b11c3c9c1be" data-mode="scan" async></script>
<!-- / Venatus Ad Manager -->

<style>
	@media (max-width:820px) {
		.battle {
			margin: 0 auto;
		}
		.battle-log {
			margin: 7px auto 0;
			max-width: 640px;
			height: 300px;
			position: static;
		}
	}
	.optgroup {
		display: inline-block;
		line-height: 22px;
		font-size: 10pt;
	}
	.optgroup .button {
		height: 25px;
		padding-top: 0;
		padding-bottom: 0;
	}
	.optgroup button.button {
		padding-left: 12px;
		padding-right: 12px;
	}
	.linklist {
		list-style: none;
		margin: 0.5em 0;
		padding: 0;
	}
	.linklist li {
		padding: 2px 0;
	}
	.sidebar {
		float: left;
		width: 320px;
	}
	.bar-wrapper {
		max-width: 1100px;
		margin: 0 auto;
	}
	.bar-wrapper.has-sidebar {
		max-width: 1430px;
	}
	.mainbar {
		margin: 0;
		padding-right: 1px;
	}
	.mainbar.has-sidebar {
		margin-left: 330px;
	}
	@media (min-width: 1511px) {
		.sidebar {
			width: 400px;
		}
		.bar-wrapper.has-sidebar {
			max-width: 1510px;
		}
		.mainbar.has-sidebar {
			margin-left: 410px;
		}
	}
	.section.first-section {
		margin-top: 9px;
	}
	.blocklink small {
		white-space: normal;
	}
	.button {
		vertical-align: middle;
	}
	.replay-controls {
		padding-top: 10px;
	}
	.replay-controls h1 {
		font-size: 16pt;
		font-weight: normal;
		color: #CCC;
	}
	.pagelink {
		text-align: center;
	}
	.pagelink a {
		width: 150px;
	}
	.textbox, .button {
		font-size: 11pt;
		vertical-align: middle;
	}
	@media (max-width: 450px) {
		.button {
			font-size: 9pt;
		}
	}
</style>

<div>

	<header>
		<div class="nav-wrapper"><ul class="nav">
			<li><a class="button nav-first" href="//pokemonshowdown.com/"><img src="//pokemonshowdown.com/images/pokemonshowdownbeta.png" srcset="//pokemonshowdown.com/images/pokemonshowdownbeta.png 1x, //pokemonshowdown.com/images/pokemonshowdownbeta@2x.png 2x" alt="Pok&eacute;mon Showdown" width="146" height="44" /> Home</a></li>
			<li><a class="button" href="//pokemonshowdown.com/dex/">Pok&eacute;dex</a></li>
			<li><a class="button cur" href="/">Replays</a></li>
			<li><a class="button" href="//pokemonshowdown.com/ladder/">Ladder</a></li>
			<li><a class="button nav-last" href="//pokemonshowdown.com/forums/">Forum</a></li>
			<li><a class="button greenbutton nav-first nav-last" href="//play.pokemonshowdown.com/">Play</a></li>
		</ul></div>
	</header>

	<div class="main" id="main">

		<noscript><section class="section">You need to enable JavaScript to use this page; sorry!</section></noscript>

	</div>

</div>

<script defer nomodule src="//play.pokemonshowdown.com/js/lib/ps-polyfill.js"></script>
<script defer src="//play.pokemonshowdown.com/js/lib/preact.min.js"></script>

<script defer src="//play.pokemonshowdown.com/config/config.js?2bddbc15"></script>
<script defer src="//play.pokemonshowdown.com/js/lib/jquery-1.11.0.min.js"></script>
<script defer src="//play.pokemonshowdown.com/js/lib/html-sanitizer-minified.js"></script>
<script defer src="//play.pokemonshowdown.com/js/battle-sound.js"></script>
<script defer src="//play.pokemonshowdown.com/js/battledata.js?0.7209276989879541"></script>
<script defer src="//play.pokemonshowdown.com/data/pokedex-mini.js?0.6111056340867951"></script>
<script defer src="//play.pokemonshowdown.com/data/pokedex-mini-bw.js?0.3532142036491459"></script>
<script defer src="//play.pokemonshowdown.com/data/graphics.js?0.24223875632456182"></script>
<script defer src="//play.pokemonshowdown.com/data/pokedex.js?0.38839984266356864"></script>
<script defer src="//play.pokemonshowdown.com/data/moves.js?0.21866028504024015"></script>
<script defer src="//play.pokemonshowdown.com/data/abilities.js?0.2005157953846628"></script>
<script defer src="//play.pokemonshowdown.com/data/items.js?0.9894211263848525"></script>
<script defer src="//play.pokemonshowdown.com/data/teambuilder-tables.js?0.6008791140282215"></script>
<script defer src="//play.pokemonshowdown.com/js/battle-tooltips.js?0.7580118955022959"></script>
<script defer src="//play.pokemonshowdown.com/js/battle.js?0.6057722274234274"></script>

<script defer src="js/utils.js?e31f9a17"></script>
<script defer src="js/replays-battle.js?7008c182"></script>

<!-- don't scrape this data! just add .json or .log after the URL!
Full API docs: https://github.com/smogon/pokemon-showdown-client/blob/master/WEB-API.md -->
<script type="text/plain" class="log" id="replaylog-smogtours-gen3ou-796817">
|inactive|Battle timer is ON: inactive players will automatically lose when time's up.
|t:|1728518708
|gametype|singles
|player|p1|AfroFaust|169|
|player|p2|blanched|bea|
|teamsize|p1|6
|teamsize|p2|6
|gen|3
|tier|[Gen 3] OU
|rule|Sleep Clause Mod: Limit one foe put to sleep
|rule|Switch Priority Clause Mod: Faster Pokémon switch first
|rule|Species Clause: Limit one of each Pokémon
|rule|OHKO Clause: OHKO moves are banned
|rule|Evasion Items Clause: Evasion items are banned
|rule|Evasion Moves Clause: Evasion moves are banned
|rule|Endless Battle Clause: Forcing endless battles is banned
|rule|HP Percentage Mod: HP is shown in percentages
|rule|One Boost Passer Clause: Limit one Baton Passer that has a way to boost its stats
|rule|Freeze Clause Mod: Limit one foe frozen
|
|t:|1728518708
|start
|switch|p1a: Salamence|Salamence, M|100/100
|switch|p2a: Tyranitar|Tyranitar, F|100/100
|-ability|p1a: Salamence|Intimidate|boost
|-unboost|p2a: Tyranitar|atk|1
|-weather|Sandstorm|[from] ability: Sand Stream|[of] p2a: Tyranitar
|turn|1
|inactive|blanched has 270 seconds left.
|inactive|blanched has 240 seconds left.
|c|☆blanched|hf
|c|☆AfroFaust|u2
|
|t:|1728518790
|move|p1a: Salamence|Brick Break|p2a: Tyranitar
|-supereffective|p2a: Tyranitar
|-damage|p2a: Tyranitar|0 fnt
|faint|p2a: Tyranitar
|
|t:|1728518794
|switch|p2a: Celebi|Celebi|100/100
|
|-weather|Sandstorm|[upkeep]
|-damage|p1a: Salamence|94/100|[from] Sandstorm
|-damage|p2a: Celebi|94/100|[from] Sandstorm
|-heal|p2a: Celebi|100/100|[from] item: Leftovers
|upkeep
|turn|2
|
|t:|1728518801
|switch|p1a: Umbreon|Umbreon, M|100/100
|move|p2a: Celebi|Baton Pass|p2a: Celebi
|
|t:|1728518809
|switch|p2a: Metagross|Metagross|100/100|[from] Baton Pass
|
|-weather|Sandstorm|[upkeep]
|-damage|p1a: Umbreon|94/100|[from] Sandstorm
|-heal|p1a: Umbreon|100/100|[from] item: Leftovers
|upkeep
|turn|3
|
|t:|1728518814
|switch|p1a: Forretress|Forretress, F|100/100
|move|p2a: Metagross|Meteor Mash|p1a: Forretress
|-resisted|p1a: Forretress
|-damage|p1a: Forretress|80/100
|
|-weather|Sandstorm|[upkeep]
|-heal|p1a: Forretress|86/100|[from] item: Leftovers
|upkeep
|turn|4
|
|t:|1728518818
|switch|p2a: Magneton|Magneton|100/100
|move|p1a: Forretress|Spikes|p2a: Magneton
|-sidestart|p2: blanched|Spikes
|
|-weather|Sandstorm|[upkeep]
|-heal|p1a: Forretress|93/100|[from] item: Leftovers
|upkeep
|turn|5
|
|t:|1728518823
|move|p2a: Magneton|Thunderbolt|p1a: Forretress
|-damage|p1a: Forretress|37/100
|move|p1a: Forretress|Earthquake|p2a: Magneton
|-supereffective|p2a: Magneton
|-damage|p2a: Magneton|0 fnt
|faint|p2a: Magneton
|
|t:|1728518834
|switch|p2a: Metagross|Metagross|100/100
|-damage|p2a: Metagross|88/100|[from] Spikes
|
|-weather|Sandstorm|[upkeep]
|-heal|p1a: Forretress|43/100|[from] item: Leftovers
|upkeep
|turn|6
|
|t:|1728518846
|move|p2a: Metagross|Meteor Mash|p1a: Forretress
|-resisted|p1a: Forretress
|-damage|p1a: Forretress|23/100
|move|p1a: Forretress|Earthquake|p2a: Metagross
|-supereffective|p2a: Metagross
|-damage|p2a: Metagross|53/100
|
|-weather|Sandstorm|[upkeep]
|-heal|p1a: Forretress|29/100|[from] item: Leftovers
|upkeep
|turn|7
|
|t:|1728518853
|move|p2a: Metagross|Meteor Mash|p1a: Forretress
|-resisted|p1a: Forretress
|-damage|p1a: Forretress|8/100
|move|p1a: Forretress|Earthquake|p2a: Metagross
|-supereffective|p2a: Metagross
|-damage|p2a: Metagross|17/100
|
|-weather|Sandstorm|[upkeep]
|-heal|p1a: Forretress|14/100|[from] item: Leftovers
|upkeep
|turn|8
|
|t:|1728518859
|switch|p1a: Swampert|Swampert, M|100/100
|move|p2a: Metagross|Meteor Mash|p1a: Swampert|[miss]
|-miss|p2a: Metagross|p1a: Swampert
|
|-weather|Sandstorm|[upkeep]
|upkeep
|turn|9
|
|t:|1728518864
|move|p1a: Swampert|Protect|p1a: Swampert
|-singleturn|p1a: Swampert|Protect
|move|p2a: Metagross|Meteor Mash|p1a: Swampert
|-activate|p1a: Swampert|Protect
|
|-weather|Sandstorm|[upkeep]
|upkeep
|turn|10
|
|t:|1728518868
|switch|p1a: Forretress|Forretress, F|14/100
|move|p2a: Metagross|Explosion|p1a: Forretress
|-resisted|p1a: Forretress
|-damage|p1a: Forretress|0 fnt
|faint|p2a: Metagross
|faint|p1a: Forretress
|
|t:|1728518877
|switch|p2a: Celebi|Celebi|100/100
|switch|p1a: Salamence|Salamence, M|94/100
|-ability|p1a: Salamence|Intimidate|boost
|-unboost|p2a: Celebi|atk|1
|-damage|p2a: Celebi|88/100|[from] Spikes
|
|-weather|Sandstorm|[upkeep]
|-damage|p1a: Salamence|88/100|[from] Sandstorm
|-damage|p2a: Celebi|82/100|[from] Sandstorm
|-heal|p2a: Celebi|88/100|[from] item: Leftovers
|upkeep
|turn|11
|
|t:|1728518896
|move|p1a: Salamence|Hidden Power|p2a: Celebi
|-supereffective|p2a: Celebi
|-damage|p2a: Celebi|7/100
|move|p2a: Celebi|Baton Pass|p2a: Celebi
|
|t:|1728518899
|switch|p2a: Aerodactyl|Aerodactyl, F|100/100|[from] Baton Pass
|
|-weather|Sandstorm|[upkeep]
|-damage|p1a: Salamence|82/100|[from] Sandstorm
|upkeep
|turn|12
|
|t:|1728518908
|switch|p1a: Swampert|Swampert, M|100/100
|move|p2a: Aerodactyl|Double-Edge|p1a: Swampert
|-damage|p1a: Swampert|86/100
|
|-weather|Sandstorm|[upkeep]
|-heal|p1a: Swampert|92/100|[from] item: Leftovers
|upkeep
|turn|13
|
|t:|1728518916
|switch|p2a: Celebi|Celebi|7/100
|-damage|p2a: Celebi|0 fnt|[from] Spikes
|faint|p2a: Celebi
|
|t:|1728518918
|switch|p2a: Swampert|Swampert, F|100/100
|-damage|p2a: Swampert|88/100|[from] Spikes
|
|-weather|Sandstorm|[upkeep]
|-heal|p2a: Swampert|94/100|[from] item: Leftovers
|-heal|p1a: Swampert|98/100|[from] item: Leftovers
|upkeep
|turn|14
|
|t:|1728518924
|switch|p1a: Umbreon|Umbreon, M|100/100
|move|p2a: Swampert|Hydro Pump|p1a: Umbreon
|-damage|p1a: Umbreon|70/100
|
|-weather|Sandstorm|[upkeep]
|-damage|p1a: Umbreon|63/100|[from] Sandstorm
|-heal|p2a: Swampert|100/100|[from] item: Leftovers
|-heal|p1a: Umbreon|70/100|[from] item: Leftovers
|upkeep
|turn|15
|inactive|blanched has 270 seconds left.
|
|t:|1728518965
|-singleturn|p2a: Swampert|move: Focus Punch
|move|p1a: Umbreon|Toxic|p2a: Swampert
|-status|p2a: Swampert|tox
|move|p2a: Swampert|Focus Punch|p1a: Umbreon
|-supereffective|p1a: Umbreon
|-damage|p1a: Umbreon|17/100
|
|-weather|Sandstorm|[upkeep]
|-damage|p1a: Umbreon|11/100|[from] Sandstorm
|-damage|p2a: Swampert|94/100 tox|[from] psn
|-heal|p1a: Umbreon|17/100|[from] item: Leftovers
|upkeep
|turn|16
|
|t:|1728518975
|switch|p2a: Aerodactyl|Aerodactyl, F|100/100
|move|p1a: Umbreon|Protect||[still]
|-fail|p1a: Umbreon
|
|-weather|Sandstorm|[upkeep]
|-damage|p1a: Umbreon|11/100|[from] Sandstorm
|-heal|p1a: Umbreon|17/100|[from] item: Leftovers
|upkeep
|turn|17
|
|t:|1728518982
|switch|p2a: Swampert|Swampert, F|94/100 tox
|-damage|p2a: Swampert|82/100 tox|[from] Spikes
|move|p1a: Umbreon|Wish|p1a: Umbreon
|
|-weather|Sandstorm|[upkeep]
|-damage|p1a: Umbreon|11/100|[from] Sandstorm
|-heal|p2a: Swampert|88/100 tox|[from] item: Leftovers
|-damage|p2a: Swampert|82/100 tox|[from] psn
|-heal|p1a: Umbreon|17/100|[from] item: Leftovers
|upkeep
|turn|18
|
|t:|1728518987
|move|p1a: Umbreon|Protect|p1a: Umbreon
|-singleturn|p1a: Umbreon|Protect
|move|p2a: Swampert|Hydro Pump|p1a: Umbreon
|-activate|p1a: Umbreon|Protect
|
|-heal|p1a: Umbreon|67/100|[from] move: Wish|[wisher] Umbreon
|-weather|Sandstorm|[upkeep]
|-damage|p1a: Umbreon|61/100|[from] Sandstorm
|-heal|p2a: Swampert|88/100 tox|[from] item: Leftovers
|-damage|p2a: Swampert|76/100 tox|[from] psn
|-heal|p1a: Umbreon|67/100|[from] item: Leftovers
|upkeep
|turn|19
|
|t:|1728518991
|-singleturn|p2a: Swampert|move: Focus Punch
|move|p1a: Umbreon|Pursuit|p2a: Swampert
|-damage|p2a: Swampert|64/100 tox
|move|p2a: Swampert|Focus Punch||[still]
|cant|p2a: Swampert|Focus Punch|Focus Punch
|
|-weather|Sandstorm|[upkeep]
|-damage|p1a: Umbreon|61/100|[from] Sandstorm
|-heal|p2a: Swampert|70/100 tox|[from] item: Leftovers
|-damage|p2a: Swampert|51/100 tox|[from] psn
|-heal|p1a: Umbreon|67/100|[from] item: Leftovers
|upkeep
|turn|20
|
|t:|1728518995
|move|p2a: Swampert|Hydro Pump|p1a: Umbreon
|-crit|p1a: Umbreon
|-damage|p1a: Umbreon|8/100
|move|p1a: Umbreon|Wish|p1a: Umbreon
|
|-weather|Sandstorm|[upkeep]
|-damage|p1a: Umbreon|2/100|[from] Sandstorm
|-heal|p2a: Swampert|57/100 tox|[from] item: Leftovers
|-damage|p2a: Swampert|33/100 tox|[from] psn
|-heal|p1a: Umbreon|8/100|[from] item: Leftovers
|upkeep
|turn|21
|
|t:|1728518998
|move|p1a: Umbreon|Protect|p1a: Umbreon
|-singleturn|p1a: Umbreon|Protect
|move|p2a: Swampert|Ice Beam|p1a: Umbreon
|-activate|p1a: Umbreon|Protect
|
|-heal|p1a: Umbreon|58/100|[from] move: Wish|[wisher] Umbreon
|-weather|Sandstorm|[upkeep]
|-damage|p1a: Umbreon|52/100|[from] Sandstorm
|-heal|p2a: Swampert|39/100 tox|[from] item: Leftovers
|-damage|p2a: Swampert|8/100 tox|[from] psn
|-heal|p1a: Umbreon|58/100|[from] item: Leftovers
|upkeep
|turn|22
|
|t:|1728519005
|move|p2a: Swampert|Hydro Pump|p1a: Umbreon
|-damage|p1a: Umbreon|15/100
|move|p1a: Umbreon|Wish|p1a: Umbreon
|
|-weather|Sandstorm|[upkeep]
|-damage|p1a: Umbreon|9/100|[from] Sandstorm
|-heal|p2a: Swampert|14/100 tox|[from] item: Leftovers
|-damage|p2a: Swampert|0 fnt|[from] psn
|faint|p2a: Swampert
|-heal|p1a: Umbreon|15/100|[from] item: Leftovers
|upkeep
|
|t:|1728519008
|switch|p2a: Aerodactyl|Aerodactyl, F|100/100
|turn|23
|
|t:|1728519015
|move|p2a: Aerodactyl|Substitute|p2a: Aerodactyl
|-start|p2a: Aerodactyl|Substitute
|-damage|p2a: Aerodactyl|75/100
|move|p1a: Umbreon|Pursuit|p2a: Aerodactyl
|-activate|p2a: Aerodactyl|Substitute|[damage]
|
|-heal|p1a: Umbreon|65/100|[from] move: Wish|[wisher] Umbreon
|-weather|Sandstorm|[upkeep]
|-damage|p1a: Umbreon|59/100|[from] Sandstorm
|-heal|p1a: Umbreon|65/100|[from] item: Leftovers
|upkeep
|turn|24
|
|t:|1728519021
|move|p2a: Aerodactyl|Rock Slide|p1a: Umbreon
|-damage|p1a: Umbreon|42/100
|move|p1a: Umbreon|Pursuit|p2a: Aerodactyl
|-end|p2a: Aerodactyl|Substitute
|
|-weather|Sandstorm|[upkeep]
|-damage|p1a: Umbreon|36/100|[from] Sandstorm
|-heal|p1a: Umbreon|42/100|[from] item: Leftovers
|upkeep
|turn|25
|
|t:|1728519033
|move|p2a: Aerodactyl|Substitute|p2a: Aerodactyl
|-start|p2a: Aerodactyl|Substitute
|-damage|p2a: Aerodactyl|50/100
|move|p1a: Umbreon|Pursuit|p2a: Aerodactyl
|-crit|p2a: Aerodactyl
|-end|p2a: Aerodactyl|Substitute
|
|-weather|Sandstorm|[upkeep]
|-damage|p1a: Umbreon|36/100|[from] Sandstorm
|-heal|p1a: Umbreon|42/100|[from] item: Leftovers
|upkeep
|turn|26
|
|t:|1728519042
|move|p2a: Aerodactyl|Substitute|p2a: Aerodactyl
|-start|p2a: Aerodactyl|Substitute
|-damage|p2a: Aerodactyl|25/100
|move|p1a: Umbreon|Pursuit|p2a: Aerodactyl
|-activate|p2a: Aerodactyl|Substitute|[damage]
|
|-weather|Sandstorm|[upkeep]
|-damage|p1a: Umbreon|36/100|[from] Sandstorm
|-enditem|p2a: Aerodactyl|Liechi Berry|[eat]
|-boost|p2a: Aerodactyl|atk|1|[from] item: Liechi Berry
|-heal|p1a: Umbreon|42/100|[from] item: Leftovers
|upkeep
|turn|27
|
|t:|1728519046
|move|p2a: Aerodactyl|Rock Slide|p1a: Umbreon
|-crit|p1a: Umbreon
|-damage|p1a: Umbreon|0 fnt
|faint|p1a: Umbreon
|
|t:|1728519048
|switch|p1a: Weezing|Weezing, M|100/100
|
|-weather|Sandstorm|[upkeep]
|-damage|p1a: Weezing|95/100|[from] Sandstorm
|-heal|p1a: Weezing|100/100|[from] item: Leftovers
|upkeep
|turn|28
|
|t:|1728519053
|move|p2a: Aerodactyl|Rock Slide|p1a: Weezing
|-damage|p1a: Weezing|65/100
|move|p1a: Weezing|Haze|p1a: Weezing
|-clearallboost
|
|-weather|Sandstorm|[upkeep]
|-damage|p1a: Weezing|59/100|[from] Sandstorm
|-heal|p1a: Weezing|65/100|[from] item: Leftovers
|upkeep
|turn|29
|
|t:|1728519058
|move|p2a: Aerodactyl|Rock Slide|p1a: Weezing
|-damage|p1a: Weezing|45/100
|move|p1a: Weezing|Sludge Bomb|p2a: Aerodactyl
|-resisted|p2a: Aerodactyl
|-end|p2a: Aerodactyl|Substitute
|
|-weather|Sandstorm|[upkeep]
|-damage|p1a: Weezing|39/100|[from] Sandstorm
|-heal|p1a: Weezing|45/100|[from] item: Leftovers
|upkeep
|turn|30
|
|t:|1728519065
|move|p2a: Aerodactyl|Rock Slide|p1a: Weezing
|-damage|p1a: Weezing|23/100
|move|p1a: Weezing|Will-O-Wisp|p2a: Aerodactyl
|-status|p2a: Aerodactyl|brn
|
|-weather|Sandstorm|[upkeep]
|-damage|p1a: Weezing|17/100|[from] Sandstorm
|-damage|p2a: Aerodactyl|13/100 brn|[from] brn
|-heal|p1a: Weezing|23/100|[from] item: Leftovers
|upkeep
|turn|31
|
|t:|1728519070
|move|p2a: Aerodactyl|Rock Slide|p1a: Weezing
|-damage|p1a: Weezing|12/100
|move|p1a: Weezing|Sludge Bomb|p2a: Aerodactyl
|-resisted|p2a: Aerodactyl
|-damage|p2a: Aerodactyl|0 fnt
|faint|p2a: Aerodactyl
|
|win|AfroFaust
|c|☆blanched|gg
|c|☆AfroFaust|gg
|player|p2|
|player|p1|
|player|p1|AfroFaust|169|

</script>
<script type="application/json" class="data" id="replaydata-smogtours-gen3ou-796817">
{"id":"smogtours-gen3ou-796817","format":"[Gen 3] OU","players":["AfroFaust","blanched"],"uploadtime":1728519070,"views":96,"formatid":"gen3ou","rating":null,"private":0,"password":null}
</script>

<script defer src="js/replays.js?9d40a366"></script>
