<!DOCTYPE html>
<meta charset="utf-8" />
<meta name="viewport" content="width=device-width" />

<title>[Gen 3] OU: auxplr vs. TaviTavi - Replays - Pok&eacute;mon Showdown!</title>

<meta name="description" content="Watch a replay of a Pok&eacute;mon battle between auxplr and TaviTavi! Format: [Gen 3] OU; Date: Oct 2, 2024" />
<!--

Hey, you! Looking in the source for the replay log?

You can find them in JSON format, just add `.json` at the end of a replay URL.

https://replay.pokemonshowdown.com/gen7randomdoublesbattle-865046831.json

Or, if you only need the log itself, add `.log` instead:

https://replay.pokemonshowdown.com/gen7randomdoublesbattle-865046831.log

-->

<link rel="stylesheet" href="//pokemonshowdown.com/style/global.css?0.023195364461161105" />
<link rel="stylesheet" href="//play.pokemonshowdown.com/style/font-awesome.css?0.13261647063804238" />
<link rel="stylesheet" href="//play.pokemonshowdown.com/style/battle.css?0.8753245789963631" />
<link rel="stylesheet" href="//play.pokemonshowdown.com/style/utilichart.css?0.8627959624976733" />

<!-- Global site tag (gtag.js) - Google Analytics -->
<script async src="https://www.googletagmanager.com/gtag/js?id=UA-26211653-1"></script>
<script>
  window.dataLayer = window.dataLayer || [];
  function gtag(){dataLayer.push(arguments);}
  gtag('js', new Date());

  gtag('config', 'UA-26211653-1');
</script>
<!-- End Google Analytics -->
<!-- Venatus Ad Manager - Install in <HEAD> of page -->
	<script src="https://hb.vntsm.com/v3/live/ad-manager.min.js" type="text/javascript" data-site-id="642aba63ec9a7b11c3c9c1be" data-mode="scan" async></script>
<!-- / Venatus Ad Manager -->

<style>
	@media (max-width:820px) {
		.battle {
			margin: 0 auto;
		}
		.battle-log {
			margin: 7px auto 0;
			max-width: 640px;
			height: 300px;
			position: static;
		}
	}
	.optgroup {
		display: inline-block;
		line-height: 22px;
		font-size: 10pt;
	}
	.optgroup .button {
		height: 25px;
		padding-top: 0;
		padding-bottom: 0;
	}
	.optgroup button.button {
		padding-left: 12px;
		padding-right: 12px;
	}
	.linklist {
		list-style: none;
		margin: 0.5em 0;
		padding: 0;
	}
	.linklist li {
		padding: 2px 0;
	}
	.sidebar {
		float: left;
		width: 320px;
	}
	.bar-wrapper {
		max-width: 1100px;
		margin: 0 auto;
	}
	.bar-wrapper.has-sidebar {
		max-width: 1430px;
	}
	.mainbar {
		margin: 0;
		padding-right: 1px;
	}
	.mainbar.has-sidebar {
		margin-left: 330px;
	}
	@media (min-width: 1511px) {
		.sidebar {
			width: 400px;
		}
		.bar-wrapper.has-sidebar {
			max-width: 1510px;
		}
		.mainbar.has-sidebar {
			margin-left: 410px;
		}
	}
	.section.first-section {
		margin-top: 9px;
	}
	.blocklink small {
		white-space: normal;
	}
	.button {
		vertical-align: middle;
	}
	.replay-controls {
		padding-top: 10px;
	}
	.replay-controls h1 {
		font-size: 16pt;
		font-weight: normal;
		color: #CCC;
	}
	.pagelink {
		text-align: center;
	}
	.pagelink a {
		width: 150px;
	}
	.textbox, .button {
		font-size: 11pt;
		vertical-align: middle;
	}
	@media (max-width: 450px) {
		.button {
			font-size: 9pt;
		}
	}
</style>

<div>

	<header>
		<div class="nav-wrapper"><ul class="nav">
			<li><a class="button nav-first" href="//pokemonshowdown.com/"><img src="//pokemonshowdown.com/images/pokemonshowdownbeta.png" srcset="//pokemonshowdown.com/images/pokemonshowdownbeta.png 1x, //pokemonshowdown.com/images/pokemonshowdownbeta@2x.png 2x" alt="Pok&eacute;mon Showdown" width="146" height="44" /> Home</a></li>
			<li><a class="button" href="//pokemonshowdown.com/dex/">Pok&eacute;dex</a></li>
			<li><a class="button cur" href="/">Replays</a></li>
			<li><a class="button" href="//pokemonshowdown.com/ladder/">Ladder</a></li>
			<li><a class="button nav-last" href="//pokemonshowdown.com/forums/">Forum</a></li>
			<li><a class="button greenbutton nav-first nav-last" href="//play.pokemonshowdown.com/">Play</a></li>
		</ul></div>
	</header>

	<div class="main" id="main">

		<noscript><section class="section">You need to enable JavaScript to use this page; sorry!</section></noscript>

	</div>

</div>

<script defer nomodule src="//play.pokemonshowdown.com/js/lib/ps-polyfill.js"></script>
<script defer src="//play.pokemonshowdown.com/js/lib/preact.min.js"></script>

<script defer src="//play.pokemonshowdown.com/config/config.js?2bddbc15"></script>
<script defer src="//play.pokemonshowdown.com/js/lib/jquery-1.11.0.min.js"></script>
<script defer src="//play.pokemonshowdown.com/js/lib/html-sanitizer-minified.js"></script>
<script defer src="//play.pokemonshowdown.com/js/battle-sound.js"></script>
<script defer src="//play.pokemonshowdown.com/js/battledata.js?0.7209276989879541"></script>
<script defer src="//play.pokemonshowdown.com/data/pokedex-mini.js?0.6111056340867951"></script>
<script defer src="//play.pokemonshowdown.com/data/pokedex-mini-bw.js?0.3532142036491459"></script>
<script defer src="//play.pokemonshowdown.com/data/graphics.js?0.24223875632456182"></script>
<script defer src="//play.pokemonshowdown.com/data/pokedex.js?0.38839984266356864"></script>
<script defer src="//play.pokemonshowdown.com/data/moves.js?0.21866028504024015"></script>
<script defer src="//play.pokemonshowdown.com/data/abilities.js?0.2005157953846628"></script>
<script defer src="//play.pokemonshowdown.com/data/items.js?0.9894211263848525"></script>
<script defer src="//play.pokemonshowdown.com/data/teambuilder-tables.js?0.6008791140282215"></script>
<script defer src="//play.pokemonshowdown.com/js/battle-tooltips.js?0.7580118955022959"></script>
<script defer src="//play.pokemonshowdown.com/js/battle.js?0.6057722274234274"></script>

<script defer src="js/utils.js?e31f9a17"></script>
<script defer src="js/replays-battle.js?7008c182"></script>

<!-- don't scrape this data! just add .json or .log after the URL!
Full API docs: https://github.com/smogon/pokemon-showdown-client/blob/master/WEB-API.md -->
<script type="text/plain" class="log" id="replaylog-smogtours-gen3ou-794113">
|inactive|Battle timer is ON: inactive players will automatically lose when time's up.
|t:|1727908238
|gametype|singles
|player|p1|auxplr|2|
|player|p2|TaviTavi|169|
|teamsize|p1|6
|teamsize|p2|6
|gen|3
|tier|[Gen 3] OU
|rule|Sleep Clause Mod: Limit one foe put to sleep
|rule|Switch Priority Clause Mod: Faster Pokémon switch first
|rule|Species Clause: Limit one of each Pokémon
|rule|OHKO Clause: OHKO moves are banned
|rule|Evasion Items Clause: Evasion items are banned
|rule|Evasion Moves Clause: Evasion moves are banned
|rule|Endless Battle Clause: Forcing endless battles is banned
|rule|HP Percentage Mod: HP is shown in percentages
|rule|One Boost Passer Clause: Limit one Baton Passer that has a way to boost its stats
|rule|Freeze Clause Mod: Limit one foe frozen
|
|t:|1727908238
|start
|switch|p1a: Breloom|Breloom, F|100/100
|switch|p2a: Salamence|Salamence, M|100/100
|-ability|p2a: Salamence|Intimidate|boost
|-unboost|p1a: Breloom|atk|1
|turn|1
|c|☆auxplr|glhf
|c|☆TaviTavi|gl hf
|
|t:|1727908260
|switch|p1a: Milotic|Milotic, M|100/100
|move|p2a: Salamence|Fire Blast|p1a: Milotic
|-resisted|p1a: Milotic
|-damage|p1a: Milotic|87/100
|
|-heal|p1a: Milotic|93/100|[from] item: Leftovers
|upkeep
|turn|2
|
|t:|1727908271
|switch|p2a: Blissey|Blissey, F|100/100
|move|p1a: Milotic|Toxic|p2a: Blissey
|-status|p2a: Blissey|tox
|
|-heal|p1a: Milotic|99/100|[from] item: Leftovers
|-damage|p2a: Blissey|94/100 tox|[from] psn
|upkeep
|turn|3
|
|t:|1727908281
|switch|p1a: Breloom|Breloom, F|100/100
|move|p2a: Blissey|Toxic|p1a: Breloom
|-status|p1a: Breloom|tox
|
|-damage|p1a: Breloom|94/100 tox|[from] psn
|-heal|p2a: Blissey|100/100 tox|[from] item: Leftovers
|-damage|p2a: Blissey|88/100 tox|[from] psn
|upkeep
|turn|4
|
|t:|1727908290
|move|p2a: Blissey|Protect|p2a: Blissey
|-singleturn|p2a: Blissey|Protect
|move|p1a: Breloom|Spore|p2a: Blissey
|-activate|p2a: Blissey|Protect
|
|-heal|p1a: Breloom|100/100 tox|[from] item: Leftovers
|-damage|p1a: Breloom|88/100 tox|[from] psn
|-heal|p2a: Blissey|94/100 tox|[from] item: Leftovers
|-damage|p2a: Blissey|76/100 tox|[from] psn
|upkeep
|turn|5
|
|t:|1727908298
|-curestatus|p2a: Blissey|tox|[from] ability: Natural Cure
|switch|p2a: Salamence|Salamence, M|100/100
|-ability|p2a: Salamence|Intimidate|boost
|-unboost|p1a: Breloom|atk|1
|move|p1a: Breloom|Spore|p2a: Salamence
|-status|p2a: Salamence|slp|[from] move: Spore
|
|-heal|p1a: Breloom|94/100 tox|[from] item: Leftovers
|-damage|p1a: Breloom|76/100 tox|[from] psn
|upkeep
|turn|6
|
|t:|1727908307
|switch|p2a: Gengar|Gengar, M|100/100
|switch|p1a: Gengar|Gengar, M|100/100
|
|upkeep
|turn|7
|
|t:|1727908324
|move|p1a: Gengar|Will-O-Wisp|p2a: Gengar
|-status|p2a: Gengar|brn
|move|p2a: Gengar|Will-O-Wisp|p1a: Gengar
|-status|p1a: Gengar|brn
|
|-damage|p2a: Gengar|88/100 brn|[from] brn
|-damage|p1a: Gengar|88/100 brn|[from] brn
|upkeep
|turn|8
|c|☆TaviTavi|nice click
|inactive|TaviTavi has 270 seconds left.
|
|t:|1727908359
|switch|p2a: Blissey|Blissey, F|76/100
|switch|p1a: Tyranitar|Tyranitar, F|100/100
|-weather|Sandstorm|[from] ability: Sand Stream|[of] p1a: Tyranitar
|
|-weather|Sandstorm|[upkeep]
|-damage|p2a: Blissey|70/100|[from] Sandstorm
|-heal|p2a: Blissey|76/100|[from] item: Leftovers
|upkeep
|turn|9
|inactive|TaviTavi has 270 seconds left.
|
|t:|1727908377
|switch|p1a: Gengar|Gengar, M|88/100 brn
|move|p2a: Blissey|Toxic||[still]
|-fail|p2a: Blissey
|
|-weather|Sandstorm|[upkeep]
|-damage|p1a: Gengar|82/100 brn|[from] Sandstorm
|-damage|p2a: Blissey|70/100|[from] Sandstorm
|-heal|p1a: Gengar|88/100 brn|[from] item: Leftovers
|-damage|p1a: Gengar|76/100 brn|[from] brn
|-heal|p2a: Blissey|76/100|[from] item: Leftovers
|upkeep
|turn|10
|
|t:|1727908386
|move|p1a: Gengar|Ice Punch|p2a: Blissey
|-damage|p2a: Blissey|67/100
|move|p2a: Blissey|Wish|p2a: Blissey
|
|-weather|Sandstorm|[upkeep]
|-damage|p1a: Gengar|70/100 brn|[from] Sandstorm
|-damage|p2a: Blissey|61/100|[from] Sandstorm
|-heal|p1a: Gengar|76/100 brn|[from] item: Leftovers
|-damage|p1a: Gengar|63/100 brn|[from] brn
|-heal|p2a: Blissey|67/100|[from] item: Leftovers
|upkeep
|turn|11
|
|t:|1727908391
|move|p1a: Gengar|Thunderbolt|p2a: Blissey
|-damage|p2a: Blissey|55/100
|move|p2a: Blissey|Ice Beam|p1a: Gengar
|-damage|p1a: Gengar|33/100 brn
|
|-heal|p2a: Blissey|100/100|[from] move: Wish|[wisher] Blissey
|-weather|Sandstorm|[upkeep]
|-damage|p1a: Gengar|27/100 brn|[from] Sandstorm
|-damage|p2a: Blissey|94/100|[from] Sandstorm
|-heal|p1a: Gengar|33/100 brn|[from] item: Leftovers
|-damage|p1a: Gengar|20/100 brn|[from] brn
|-heal|p2a: Blissey|100/100|[from] item: Leftovers
|upkeep
|turn|12
|
|t:|1727908395
|move|p1a: Gengar|Explosion|p2a: Blissey
|-damage|p2a: Blissey|60/100
|faint|p1a: Gengar
|
|t:|1727908400
|switch|p1a: Breloom|Breloom, F|76/100 tox
|
|-weather|Sandstorm|[upkeep]
|-damage|p1a: Breloom|70/100 tox|[from] Sandstorm
|-damage|p2a: Blissey|54/100|[from] Sandstorm
|-heal|p1a: Breloom|76/100 tox|[from] item: Leftovers
|-damage|p1a: Breloom|70/100 tox|[from] psn
|-heal|p2a: Blissey|60/100|[from] item: Leftovers
|upkeep
|turn|13
|
|t:|1727908409
|switch|p1a: Tyranitar|Tyranitar, F|100/100
|move|p2a: Blissey|Protect||[still]
|-fail|p2a: Blissey
|
|-weather|Sandstorm|[upkeep]
|-damage|p2a: Blissey|54/100|[from] Sandstorm
|-heal|p2a: Blissey|60/100|[from] item: Leftovers
|upkeep
|turn|14
|
|t:|1727908418
|move|p2a: Blissey|Protect|p2a: Blissey
|-singleturn|p2a: Blissey|Protect
|move|p1a: Tyranitar|Fire Blast|p2a: Blissey
|-activate|p2a: Blissey|Protect
|
|-weather|Sandstorm|[upkeep]
|-damage|p2a: Blissey|54/100|[from] Sandstorm
|-heal|p2a: Blissey|60/100|[from] item: Leftovers
|upkeep
|turn|15
|
|t:|1727908424
|move|p2a: Blissey|Wish|p2a: Blissey
|move|p1a: Tyranitar|Roar|p2a: Blissey
|drag|p2a: Tyranitar|Tyranitar, F|100/100
|
|-weather|Sandstorm|[upkeep]
|upkeep
|turn|16
|
|t:|1727908428
|switch|p1a: Claydol|Claydol|100/100
|move|p2a: Tyranitar|Substitute|p2a: Tyranitar
|-start|p2a: Tyranitar|Substitute
|-damage|p2a: Tyranitar|76/100
|
|-heal|p2a: Tyranitar|100/100|[from] move: Wish|[wisher] Blissey
|-weather|Sandstorm|[upkeep]
|upkeep
|turn|17
|
|t:|1727908433
|-singleturn|p2a: Tyranitar|move: Focus Punch
|move|p1a: Claydol|Earthquake|p2a: Tyranitar
|-supereffective|p2a: Tyranitar
|-end|p2a: Tyranitar|Substitute
|move|p2a: Tyranitar|Focus Punch|p1a: Claydol
|-resisted|p1a: Claydol
|-damage|p1a: Claydol|71/100
|
|-weather|Sandstorm|[upkeep]
|-heal|p1a: Claydol|77/100|[from] item: Leftovers
|upkeep
|turn|18
|
|t:|1727908446
|switch|p2a: Skarmory|Skarmory, F|100/100
|move|p1a: Claydol|Psychic|p2a: Skarmory
|-resisted|p2a: Skarmory
|-damage|p2a: Skarmory|90/100
|
|-weather|Sandstorm|[upkeep]
|-heal|p1a: Claydol|83/100|[from] item: Leftovers
|-heal|p2a: Skarmory|96/100|[from] item: Leftovers
|upkeep
|turn|19
|
|t:|1727908452
|switch|p1a: Zapdos|Zapdos|100/100
|move|p2a: Skarmory|Toxic|p1a: Zapdos
|-status|p1a: Zapdos|tox
|
|-weather|Sandstorm|[upkeep]
|-damage|p1a: Zapdos|94/100 tox|[from] Sandstorm
|-heal|p1a: Zapdos|100/100 tox|[from] item: Leftovers
|-damage|p1a: Zapdos|94/100 tox|[from] psn
|-heal|p2a: Skarmory|100/100|[from] item: Leftovers
|upkeep
|turn|20
|
|t:|1727908458
|move|p2a: Skarmory|Protect|p2a: Skarmory
|-singleturn|p2a: Skarmory|Protect
|move|p1a: Zapdos|Substitute|p1a: Zapdos
|-start|p1a: Zapdos|Substitute
|-damage|p1a: Zapdos|69/100 tox
|
|-weather|Sandstorm|[upkeep]
|-damage|p1a: Zapdos|63/100 tox|[from] Sandstorm
|-heal|p1a: Zapdos|69/100 tox|[from] item: Leftovers
|-damage|p1a: Zapdos|57/100 tox|[from] psn
|upkeep
|turn|21
|
|t:|1727908464
|switch|p2a: Blissey|Blissey, F|60/100
|move|p1a: Zapdos|Thunderbolt|p2a: Blissey
|-damage|p2a: Blissey|38/100
|
|-weather|Sandstorm|[upkeep]
|-damage|p1a: Zapdos|51/100 tox|[from] Sandstorm
|-damage|p2a: Blissey|32/100|[from] Sandstorm
|-heal|p1a: Zapdos|57/100 tox|[from] item: Leftovers
|-damage|p1a: Zapdos|38/100 tox|[from] psn
|-heal|p2a: Blissey|38/100|[from] item: Leftovers
|upkeep
|turn|22
|
|t:|1727908470
|move|p1a: Zapdos|Baton Pass|p1a: Zapdos
|
|t:|1727908476
|switch|p1a: Breloom|Breloom, F|70/100 tox|[from] Baton Pass
|move|p2a: Blissey|Wish|p2a: Blissey
|
|-weather|Sandstorm|[upkeep]
|-damage|p1a: Breloom|64/100 tox|[from] Sandstorm
|-damage|p2a: Blissey|32/100|[from] Sandstorm
|-heal|p1a: Breloom|70/100 tox|[from] item: Leftovers
|-damage|p1a: Breloom|64/100 tox|[from] psn
|-heal|p2a: Blissey|38/100|[from] item: Leftovers
|upkeep
|turn|23
|
|t:|1727908482
|-singleturn|p1a: Breloom|move: Focus Punch
|move|p2a: Blissey|Protect|p2a: Blissey
|-singleturn|p2a: Blissey|Protect
|move|p1a: Breloom|Focus Punch|p2a: Blissey
|-activate|p2a: Blissey|Protect
|
|-heal|p2a: Blissey|88/100|[from] move: Wish|[wisher] Blissey
|-weather|Sandstorm|[upkeep]
|-damage|p1a: Breloom|58/100 tox|[from] Sandstorm
|-damage|p2a: Blissey|82/100|[from] Sandstorm
|-heal|p1a: Breloom|64/100 tox|[from] item: Leftovers
|-damage|p1a: Breloom|51/100 tox|[from] psn
|-heal|p2a: Blissey|88/100|[from] item: Leftovers
|upkeep
|turn|24
|
|t:|1727908487
|switch|p2a: Gengar|Gengar, M|88/100 brn
|move|p1a: Breloom|Sky Uppercut|p2a: Gengar
|-immune|p2a: Gengar
|
|-weather|Sandstorm|[upkeep]
|-damage|p2a: Gengar|82/100 brn|[from] Sandstorm
|-damage|p1a: Breloom|45/100 tox|[from] Sandstorm
|-heal|p2a: Gengar|88/100 brn|[from] item: Leftovers
|-damage|p2a: Gengar|76/100 brn|[from] brn
|-heal|p1a: Breloom|51/100 tox|[from] item: Leftovers
|-damage|p1a: Breloom|33/100 tox|[from] psn
|upkeep
|turn|25
|
|t:|1727908495
|switch|p1a: Tyranitar|Tyranitar, F|100/100
|move|p2a: Gengar|Ice Punch|p1a: Tyranitar
|-damage|p1a: Tyranitar|83/100
|
|-weather|Sandstorm|[upkeep]
|-damage|p2a: Gengar|70/100 brn|[from] Sandstorm
|-heal|p2a: Gengar|76/100 brn|[from] item: Leftovers
|-damage|p2a: Gengar|63/100 brn|[from] brn
|-heal|p1a: Tyranitar|89/100|[from] item: Leftovers
|upkeep
|turn|26
|
|t:|1727908502
|move|p2a: Gengar|Destiny Bond|p2a: Gengar
|-singlemove|p2a: Gengar|Destiny Bond
|move|p1a: Tyranitar|Pursuit|p2a: Gengar
|-supereffective|p2a: Gengar
|-damage|p2a: Gengar|21/100 brn
|
|-weather|Sandstorm|[upkeep]
|-damage|p2a: Gengar|14/100 brn|[from] Sandstorm
|-heal|p2a: Gengar|21/100 brn|[from] item: Leftovers
|-damage|p2a: Gengar|8/100 brn|[from] brn
|-heal|p1a: Tyranitar|96/100|[from] item: Leftovers
|upkeep
|turn|27
|
|t:|1727908518
|move|p2a: Gengar|Destiny Bond|p2a: Gengar
|-singlemove|p2a: Gengar|Destiny Bond
|move|p1a: Tyranitar|Roar|p2a: Gengar
|drag|p2a: Skarmory|Skarmory, F|100/100
|
|-weather|Sandstorm|[upkeep]
|-heal|p1a: Tyranitar|100/100|[from] item: Leftovers
|upkeep
|turn|28
|
|t:|1727908532
|move|p2a: Skarmory|Spikes|p1a: Tyranitar
|-sidestart|p1: auxplr|Spikes
|move|p1a: Tyranitar|Fire Blast|p2a: Skarmory|[miss]
|-miss|p1a: Tyranitar|p2a: Skarmory
|
|-weather|Sandstorm|[upkeep]
|upkeep
|turn|29
|c|☆TaviTavi|sry
|
|t:|1727908540
|move|p2a: Skarmory|Protect|p2a: Skarmory
|-singleturn|p2a: Skarmory|Protect
|move|p1a: Tyranitar|Fire Blast|p2a: Skarmory
|-activate|p2a: Skarmory|Protect
|
|-weather|Sandstorm|[upkeep]
|upkeep
|turn|30
|c|+Sheik|Revival?
|c|☆TaviTavi|2
|inactive|TaviTavi has 270 seconds left.
|
|t:|1727908571
|move|p2a: Skarmory|Toxic|p1a: Tyranitar
|-status|p1a: Tyranitar|tox
|move|p1a: Tyranitar|Fire Blast|p2a: Skarmory|[miss]
|-miss|p1a: Tyranitar|p2a: Skarmory
|
|-weather|Sandstorm|[upkeep]
|-damage|p1a: Tyranitar|94/100 tox|[from] psn
|upkeep
|turn|31
|
|t:|1727908577
|move|p2a: Skarmory|Protect|p2a: Skarmory
|-singleturn|p2a: Skarmory|Protect
|move|p1a: Tyranitar|Fire Blast|p2a: Skarmory
|-activate|p2a: Skarmory|Protect
|
|-weather|Sandstorm|[upkeep]
|-heal|p1a: Tyranitar|100/100 tox|[from] item: Leftovers
|-damage|p1a: Tyranitar|88/100 tox|[from] psn
|upkeep
|turn|32
|
|t:|1727908584
|move|p2a: Skarmory|Protect||[still]
|-fail|p2a: Skarmory
|move|p1a: Tyranitar|Fire Blast|p2a: Skarmory
|-supereffective|p2a: Skarmory
|-damage|p2a: Skarmory|32/100
|
|-weather|Sandstorm|[upkeep]
|-heal|p2a: Skarmory|38/100|[from] item: Leftovers
|-heal|p1a: Tyranitar|94/100 tox|[from] item: Leftovers
|-damage|p1a: Tyranitar|76/100 tox|[from] psn
|upkeep
|turn|33
|
|t:|1727908601
|switch|p2a: Salamence|Salamence, M|100/100 slp
|-ability|p2a: Salamence|Intimidate|boost
|-unboost|p1a: Tyranitar|atk|1
|switch|p1a: Zapdos|Zapdos|38/100 tox
|
|-weather|Sandstorm|[upkeep]
|-damage|p2a: Salamence|94/100 slp|[from] Sandstorm
|-damage|p1a: Zapdos|32/100 tox|[from] Sandstorm
|-heal|p2a: Salamence|100/100 slp|[from] item: Leftovers
|-heal|p1a: Zapdos|38/100 tox|[from] item: Leftovers
|-damage|p1a: Zapdos|32/100 tox|[from] psn
|upkeep
|turn|34
|inactive|TaviTavi has 270 seconds left.
|
|t:|1727908631
|switch|p2a: Blissey|Blissey, F|88/100
|move|p1a: Zapdos|Thunderbolt|p2a: Blissey
|-damage|p2a: Blissey|66/100
|
|-weather|Sandstorm|[upkeep]
|-damage|p1a: Zapdos|26/100 tox|[from] Sandstorm
|-damage|p2a: Blissey|60/100|[from] Sandstorm
|-heal|p1a: Zapdos|32/100 tox|[from] item: Leftovers
|-damage|p1a: Zapdos|20/100 tox|[from] psn
|-heal|p2a: Blissey|66/100|[from] item: Leftovers
|upkeep
|turn|35
|
|t:|1727908636
|move|p1a: Zapdos|Thunderbolt|p2a: Blissey
|-damage|p2a: Blissey|44/100
|move|p2a: Blissey|Wish|p2a: Blissey
|
|-weather|Sandstorm|[upkeep]
|-damage|p1a: Zapdos|13/100 tox|[from] Sandstorm
|-damage|p2a: Blissey|38/100|[from] Sandstorm
|-heal|p1a: Zapdos|20/100 tox|[from] item: Leftovers
|-damage|p1a: Zapdos|1/100 tox|[from] psn
|-heal|p2a: Blissey|44/100|[from] item: Leftovers
|upkeep
|turn|36
|
|t:|1727908646
|switch|p2a: Salamence|Salamence, M|100/100 slp
|-ability|p2a: Salamence|Intimidate|boost
|-unboost|p1a: Zapdos|atk|1
|move|p1a: Zapdos|Thunderbolt|p2a: Salamence
|-damage|p2a: Salamence|26/100 slp
|
|-heal|p2a: Salamence|75/100 slp|[from] move: Wish|[wisher] Blissey
|-weather|Sandstorm|[upkeep]
|-damage|p1a: Zapdos|0 fnt|[from] Sandstorm
|-damage|p2a: Salamence|69/100 slp|[from] Sandstorm
|faint|p1a: Zapdos
|-heal|p2a: Salamence|75/100 slp|[from] item: Leftovers
|upkeep
|
|t:|1727908655
|switch|p1a: Milotic|Milotic, M|99/100
|-damage|p1a: Milotic|87/100|[from] Spikes
|turn|37
|
|t:|1727908668
|switch|p2a: Skarmory|Skarmory, F|38/100
|move|p1a: Milotic|Surf|p2a: Skarmory
|-damage|p2a: Skarmory|9/100
|
|-weather|Sandstorm|[upkeep]
|-damage|p1a: Milotic|81/100|[from] Sandstorm
|-heal|p1a: Milotic|87/100|[from] item: Leftovers
|-heal|p2a: Skarmory|15/100|[from] item: Leftovers
|upkeep
|turn|38
|
|t:|1727908672
|move|p1a: Milotic|Surf|p2a: Skarmory
|-damage|p2a: Skarmory|0 fnt
|faint|p2a: Skarmory
|
|t:|1727908674
|switch|p2a: Gengar|Gengar, M|8/100 brn
|
|-weather|Sandstorm|[upkeep]
|-damage|p2a: Gengar|2/100 brn|[from] Sandstorm
|-damage|p1a: Milotic|81/100|[from] Sandstorm
|-heal|p2a: Gengar|8/100 brn|[from] item: Leftovers
|-damage|p2a: Gengar|0 fnt|[from] brn
|faint|p2a: Gengar
|-heal|p1a: Milotic|87/100|[from] item: Leftovers
|upkeep
|
|t:|1727908681
|switch|p2a: Blissey|Blissey, F|44/100
|turn|39
|
|t:|1727908684
|move|p1a: Milotic|Toxic|p2a: Blissey
|-status|p2a: Blissey|tox
|move|p2a: Blissey|Wish|p2a: Blissey
|
|-weather|Sandstorm|[upkeep]
|-damage|p1a: Milotic|81/100|[from] Sandstorm
|-damage|p2a: Blissey|38/100 tox|[from] Sandstorm
|-heal|p1a: Milotic|87/100|[from] item: Leftovers
|-heal|p2a: Blissey|44/100 tox|[from] item: Leftovers
|-damage|p2a: Blissey|38/100 tox|[from] psn
|upkeep
|turn|40
|
|t:|1727908703
|switch|p1a: Claydol|Claydol|83/100
|move|p2a: Blissey|Toxic|p1a: Claydol
|-status|p1a: Claydol|tox
|
|-heal|p2a: Blissey|88/100 tox|[from] move: Wish|[wisher] Blissey
|-weather|Sandstorm|[upkeep]
|-damage|p2a: Blissey|81/100 tox|[from] Sandstorm
|-heal|p1a: Claydol|89/100 tox|[from] item: Leftovers
|-damage|p1a: Claydol|83/100 tox|[from] psn
|-heal|p2a: Blissey|88/100 tox|[from] item: Leftovers
|-damage|p2a: Blissey|75/100 tox|[from] psn
|upkeep
|turn|41
|
|t:|1727908712
|move|p2a: Blissey|Protect|p2a: Blissey
|-singleturn|p2a: Blissey|Protect
|move|p1a: Claydol|Psychic|p2a: Blissey
|-activate|p2a: Blissey|Protect
|
|-weather|Sandstorm|[upkeep]
|-damage|p2a: Blissey|69/100 tox|[from] Sandstorm
|-heal|p1a: Claydol|89/100 tox|[from] item: Leftovers
|-damage|p1a: Claydol|77/100 tox|[from] psn
|-heal|p2a: Blissey|75/100 tox|[from] item: Leftovers
|-damage|p2a: Blissey|57/100 tox|[from] psn
|upkeep
|turn|42
|
|t:|1727908719
|-curestatus|p2a: Blissey|tox|[from] ability: Natural Cure
|switch|p2a: Tyranitar|Tyranitar, F|100/100
|move|p1a: Claydol|Earthquake|p2a: Tyranitar
|-supereffective|p2a: Tyranitar
|-damage|p2a: Tyranitar|45/100
|
|-weather|Sandstorm|[upkeep]
|-heal|p1a: Claydol|83/100 tox|[from] item: Leftovers
|-damage|p1a: Claydol|64/100 tox|[from] psn
|-heal|p2a: Tyranitar|51/100|[from] item: Leftovers
|upkeep
|turn|43
|
|t:|1727908741
|move|p1a: Claydol|Earthquake|p2a: Tyranitar
|-supereffective|p2a: Tyranitar
|-damage|p2a: Tyranitar|0 fnt
|faint|p2a: Tyranitar
|
|t:|1727908750
|switch|p2a: Salamence|Salamence, M|75/100 slp
|-ability|p2a: Salamence|Intimidate|boost
|-unboost|p1a: Claydol|atk|1
|
|-weather|Sandstorm|[upkeep]
|-damage|p2a: Salamence|69/100 slp|[from] Sandstorm
|-heal|p2a: Salamence|75/100 slp|[from] item: Leftovers
|-heal|p1a: Claydol|71/100 tox|[from] item: Leftovers
|-damage|p1a: Claydol|46/100 tox|[from] psn
|upkeep
|turn|44
|
|t:|1727908760
|switch|p1a: Milotic|Milotic, M|87/100
|-damage|p1a: Milotic|75/100|[from] Spikes
|cant|p2a: Salamence|slp
|
|-weather|Sandstorm|[upkeep]
|-damage|p2a: Salamence|69/100 slp|[from] Sandstorm
|-damage|p1a: Milotic|69/100|[from] Sandstorm
|-heal|p2a: Salamence|75/100 slp|[from] item: Leftovers
|-heal|p1a: Milotic|75/100|[from] item: Leftovers
|upkeep
|turn|45
|
|t:|1727908767
|switch|p2a: Blissey|Blissey, F|57/100
|move|p1a: Milotic|Surf|p2a: Blissey
|-damage|p2a: Blissey|45/100
|
|-weather|Sandstorm|[upkeep]
|-damage|p1a: Milotic|69/100|[from] Sandstorm
|-damage|p2a: Blissey|39/100|[from] Sandstorm
|-heal|p1a: Milotic|75/100|[from] item: Leftovers
|-heal|p2a: Blissey|45/100|[from] item: Leftovers
|upkeep
|turn|46
|
|t:|1727908771
|move|p1a: Milotic|Toxic|p2a: Blissey
|-status|p2a: Blissey|tox
|move|p2a: Blissey|Wish|p2a: Blissey
|
|-weather|Sandstorm|[upkeep]
|-damage|p1a: Milotic|69/100|[from] Sandstorm
|-damage|p2a: Blissey|39/100 tox|[from] Sandstorm
|-heal|p1a: Milotic|75/100|[from] item: Leftovers
|-heal|p2a: Blissey|45/100 tox|[from] item: Leftovers
|-damage|p2a: Blissey|39/100 tox|[from] psn
|upkeep
|turn|47
|
|t:|1727908791
|move|p1a: Milotic|Surf|p2a: Blissey
|-damage|p2a: Blissey|26/100 tox
|move|p2a: Blissey|Ice Beam|p1a: Milotic
|-resisted|p1a: Milotic
|-damage|p1a: Milotic|65/100
|
|-heal|p2a: Blissey|76/100 tox|[from] move: Wish|[wisher] Blissey
|-weather|Sandstorm|[upkeep]
|-damage|p1a: Milotic|59/100|[from] Sandstorm
|-damage|p2a: Blissey|70/100 tox|[from] Sandstorm
|-heal|p1a: Milotic|65/100|[from] item: Leftovers
|-heal|p2a: Blissey|76/100 tox|[from] item: Leftovers
|-damage|p2a: Blissey|64/100 tox|[from] psn
|upkeep
|turn|48
|inactive|TaviTavi has 270 seconds left.
|
|t:|1727908828
|-curestatus|p2a: Blissey|tox|[from] ability: Natural Cure
|switch|p2a: Salamence|Salamence, M|75/100 slp
|-ability|p2a: Salamence|Intimidate|boost
|-unboost|p1a: Milotic|atk|1
|move|p1a: Milotic|Surf|p2a: Salamence
|-resisted|p2a: Salamence
|-damage|p2a: Salamence|54/100 slp
|
|-weather|Sandstorm|[upkeep]
|-damage|p2a: Salamence|48/100 slp|[from] Sandstorm
|-damage|p1a: Milotic|59/100|[from] Sandstorm
|-heal|p2a: Salamence|54/100 slp|[from] item: Leftovers
|-heal|p1a: Milotic|65/100|[from] item: Leftovers
|upkeep
|turn|49
|inactive|TaviTavi has 270 seconds left.
|
|t:|1727908841
|switch|p2a: Blissey|Blissey, F|64/100
|switch|p1a: Claydol|Claydol|46/100 tox
|
|-weather|Sandstorm|[upkeep]
|-damage|p2a: Blissey|58/100|[from] Sandstorm
|-heal|p1a: Claydol|52/100 tox|[from] item: Leftovers
|-damage|p1a: Claydol|46/100 tox|[from] psn
|-heal|p2a: Blissey|64/100|[from] item: Leftovers
|upkeep
|turn|50
|
|t:|1727908845
|move|p2a: Blissey|Protect|p2a: Blissey
|-singleturn|p2a: Blissey|Protect
|move|p1a: Claydol|Rapid Spin|p2a: Blissey
|-activate|p2a: Blissey|Protect
|
|-weather|Sandstorm|[upkeep]
|-damage|p2a: Blissey|58/100|[from] Sandstorm
|-heal|p1a: Claydol|52/100 tox|[from] item: Leftovers
|-damage|p1a: Claydol|40/100 tox|[from] psn
|-heal|p2a: Blissey|64/100|[from] item: Leftovers
|upkeep
|turn|51
|
|t:|1727908853
|move|p1a: Claydol|Explosion|p2a: Blissey
|-damage|p2a: Blissey|0 fnt
|faint|p1a: Claydol
|faint|p2a: Blissey
|
|t:|1727908859
|switch|p1a: Tyranitar|Tyranitar, F|76/100 tox
|switch|p2a: Claydol|Claydol|100/100
|-damage|p1a: Tyranitar|63/100 tox|[from] Spikes
|
|-weather|Sandstorm|[upkeep]
|-heal|p1a: Tyranitar|70/100 tox|[from] item: Leftovers
|-damage|p1a: Tyranitar|63/100 tox|[from] psn
|upkeep
|turn|52
|
|t:|1727908866
|move|p2a: Claydol|Earthquake|p1a: Tyranitar
|-supereffective|p1a: Tyranitar
|-damage|p1a: Tyranitar|4/100 tox
|move|p1a: Tyranitar|Crunch|p2a: Claydol
|-supereffective|p2a: Claydol
|-damage|p2a: Claydol|37/100
|-unboost|p2a: Claydol|spd|1
|
|-weather|Sandstorm|[upkeep]
|-heal|p2a: Claydol|43/100|[from] item: Leftovers
|-heal|p1a: Tyranitar|11/100 tox|[from] item: Leftovers
|-damage|p1a: Tyranitar|0 fnt|[from] psn
|faint|p1a: Tyranitar
|upkeep
|
|t:|1727908870
|switch|p1a: Milotic|Milotic, M|65/100
|-damage|p1a: Milotic|52/100|[from] Spikes
|turn|53
|
|t:|1727908878
|switch|p1a: Breloom|Breloom, F|33/100 tox
|-damage|p1a: Breloom|21/100 tox|[from] Spikes
|move|p2a: Claydol|Explosion|p1a: Breloom
|-damage|p1a: Breloom|0 fnt
|faint|p2a: Claydol
|faint|p1a: Breloom
|
|t:|1727908881
|switch|p1a: Milotic|Milotic, M|52/100
|switch|p2a: Salamence|Salamence, M|54/100 slp
|-ability|p2a: Salamence|Intimidate|boost
|-unboost|p1a: Milotic|atk|1
|-damage|p1a: Milotic|40/100|[from] Spikes
|
|-weather|Sandstorm|[upkeep]
|-damage|p2a: Salamence|48/100 slp|[from] Sandstorm
|-damage|p1a: Milotic|34/100|[from] Sandstorm
|-heal|p2a: Salamence|54/100 slp|[from] item: Leftovers
|-heal|p1a: Milotic|40/100|[from] item: Leftovers
|upkeep
|turn|54
|
|t:|1727908884
|cant|p2a: Salamence|slp
|move|p1a: Milotic|Recover|p1a: Milotic
|-heal|p1a: Milotic|90/100
|
|-weather|Sandstorm|[upkeep]
|-damage|p2a: Salamence|48/100 slp|[from] Sandstorm
|-damage|p1a: Milotic|84/100|[from] Sandstorm
|-heal|p2a: Salamence|54/100 slp|[from] item: Leftovers
|-heal|p1a: Milotic|90/100|[from] item: Leftovers
|upkeep
|turn|55
|
|t:|1727908887
|cant|p2a: Salamence|slp
|move|p1a: Milotic|Surf|p2a: Salamence
|-resisted|p2a: Salamence
|-damage|p2a: Salamence|32/100 slp
|
|-weather|Sandstorm|[upkeep]
|-damage|p2a: Salamence|26/100 slp|[from] Sandstorm
|-damage|p1a: Milotic|84/100|[from] Sandstorm
|-heal|p2a: Salamence|32/100 slp|[from] item: Leftovers
|-heal|p1a: Milotic|90/100|[from] item: Leftovers
|upkeep
|turn|56
|
|t:|1727908890
|-curestatus|p2a: Salamence|slp|[msg]
|move|p2a: Salamence|Hidden Power|p1a: Milotic
|-supereffective|p1a: Milotic
|-damage|p1a: Milotic|54/100
|move|p1a: Milotic|Surf|p2a: Salamence
|-resisted|p2a: Salamence
|-damage|p2a: Salamence|9/100
|
|-weather|Sandstorm|[upkeep]
|-damage|p2a: Salamence|3/100|[from] Sandstorm
|-damage|p1a: Milotic|48/100|[from] Sandstorm
|-heal|p2a: Salamence|9/100|[from] item: Leftovers
|-heal|p1a: Milotic|54/100|[from] item: Leftovers
|upkeep
|turn|57
|c|☆TaviTavi|gg wp
|c|☆auxplr|gg
|c|☆auxplr|wp
|c|☆auxplr|but
|c|☆auxplr|1 in 16 
|c|☆auxplr|you win
|c|☆TaviTavi|eyes
|c|+Sheik|Crit
|inactive|auxplr has 270 seconds left.
|c|☆TaviTavi|last turn 4sure tho
|c|+Sheik|Grass crit exist
|c|☆auxplr|yeah
|
|t:|1727908935
|move|p2a: Salamence|Hidden Power|p1a: Milotic
|-supereffective|p1a: Milotic
|-damage|p1a: Milotic|22/100
|move|p1a: Milotic|Surf|p2a: Salamence
|-resisted|p2a: Salamence
|-damage|p2a: Salamence|0 fnt
|faint|p2a: Salamence
|
|win|auxplr
|c|☆TaviTavi|nooooo\\
|c|☆TaviTavi|fun games rest well
|c|☆auxplr|come back of the century
|c|☆auxplr|i was so far behind this game
|c|☆TaviTavi|tbf
|c|☆TaviTavi|it was a 5v6
|c|☆TaviTavi|mence asleep all game 
|c|☆auxplr|thats the breloom special
|c|☆TaviTavi|I regret that click so much immidiatly
|c|☆auxplr|its not good 
|c|☆TaviTavi|yeah
|c|☆TaviTavi|cya around in ladder!
|c|☆auxplr|but it always gets 1
|c|☆auxplr|most likely not
|c|☆auxplr|i ladder with alt
|c|☆TaviTavi|aight
|c|☆auxplr|but hey ill know you
|c|☆auxplr|fun games
|c|☆TaviTavi|guess I wont cya then
|c|☆auxplr|thx man
|c|☆TaviTavi|thanks! hahaha
|player|p2|
|c|☆auxplr|i hade fun
|c|☆auxplr|you can still qualify
|c|☆auxplr|you still get 2 more chances
|player|p1|

</script>
<script type="application/json" class="data" id="replaydata-smogtours-gen3ou-794113">
{"id":"smogtours-gen3ou-794113","format":"[Gen 3] OU","players":["auxplr","TaviTavi"],"uploadtime":1727908935,"views":100,"formatid":"gen3ou","rating":null,"private":0,"password":null}
</script>

<script defer src="js/replays.js?9d40a366"></script>
