<!DOCTYPE html>
<meta charset="utf-8" />
<meta name="viewport" content="width=device-width" />

<title>[Gen 3] OU: Genexys vs. Gulchittious Boi - Replays - Pok&eacute;mon Showdown!</title>

<meta name="description" content="Watch a replay of a Pok&eacute;mon battle between Genexys and Gulchittious Boi! Format: [Gen 3] OU; Date: Nov 3, 2024" />
<!--

Hey, you! Looking in the source for the replay log?

You can find them in JSON format, just add `.json` at the end of a replay URL.

https://replay.pokemonshowdown.com/gen7randomdoublesbattle-865046831.json

Or, if you only need the log itself, add `.log` instead:

https://replay.pokemonshowdown.com/gen7randomdoublesbattle-865046831.log

-->

<link rel="stylesheet" href="//pokemonshowdown.com/style/global.css?0.023195364461161105" />
<link rel="stylesheet" href="//play.pokemonshowdown.com/style/font-awesome.css?0.13261647063804238" />
<link rel="stylesheet" href="//play.pokemonshowdown.com/style/battle.css?0.8753245789963631" />
<link rel="stylesheet" href="//play.pokemonshowdown.com/style/utilichart.css?0.8627959624976733" />

<!-- Global site tag (gtag.js) - Google Analytics -->
<script async src="https://www.googletagmanager.com/gtag/js?id=UA-26211653-1"></script>
<script>
  window.dataLayer = window.dataLayer || [];
  function gtag(){dataLayer.push(arguments);}
  gtag('js', new Date());

  gtag('config', 'UA-26211653-1');
</script>
<!-- End Google Analytics -->
<!-- Venatus Ad Manager - Install in <HEAD> of page -->
	<script src="https://hb.vntsm.com/v3/live/ad-manager.min.js" type="text/javascript" data-site-id="642aba63ec9a7b11c3c9c1be" data-mode="scan" async></script>
<!-- / Venatus Ad Manager -->

<style>
	@media (max-width:820px) {
		.battle {
			margin: 0 auto;
		}
		.battle-log {
			margin: 7px auto 0;
			max-width: 640px;
			height: 300px;
			position: static;
		}
	}
	.optgroup {
		display: inline-block;
		line-height: 22px;
		font-size: 10pt;
	}
	.optgroup .button {
		height: 25px;
		padding-top: 0;
		padding-bottom: 0;
	}
	.optgroup button.button {
		padding-left: 12px;
		padding-right: 12px;
	}
	.linklist {
		list-style: none;
		margin: 0.5em 0;
		padding: 0;
	}
	.linklist li {
		padding: 2px 0;
	}
	.sidebar {
		float: left;
		width: 320px;
	}
	.bar-wrapper {
		max-width: 1100px;
		margin: 0 auto;
	}
	.bar-wrapper.has-sidebar {
		max-width: 1430px;
	}
	.mainbar {
		margin: 0;
		padding-right: 1px;
	}
	.mainbar.has-sidebar {
		margin-left: 330px;
	}
	@media (min-width: 1511px) {
		.sidebar {
			width: 400px;
		}
		.bar-wrapper.has-sidebar {
			max-width: 1510px;
		}
		.mainbar.has-sidebar {
			margin-left: 410px;
		}
	}
	.section.first-section {
		margin-top: 9px;
	}
	.blocklink small {
		white-space: normal;
	}
	.button {
		vertical-align: middle;
	}
	.replay-controls {
		padding-top: 10px;
	}
	.replay-controls h1 {
		font-size: 16pt;
		font-weight: normal;
		color: #CCC;
	}
	.pagelink {
		text-align: center;
	}
	.pagelink a {
		width: 150px;
	}
	.textbox, .button {
		font-size: 11pt;
		vertical-align: middle;
	}
	@media (max-width: 450px) {
		.button {
			font-size: 9pt;
		}
	}
</style>

<div>

	<header>
		<div class="nav-wrapper"><ul class="nav">
			<li><a class="button nav-first" href="//pokemonshowdown.com/"><img src="//pokemonshowdown.com/images/pokemonshowdownbeta.png" srcset="//pokemonshowdown.com/images/pokemonshowdownbeta.png 1x, //pokemonshowdown.com/images/pokemonshowdownbeta@2x.png 2x" alt="Pok&eacute;mon Showdown" width="146" height="44" /> Home</a></li>
			<li><a class="button" href="//pokemonshowdown.com/dex/">Pok&eacute;dex</a></li>
			<li><a class="button cur" href="/">Replays</a></li>
			<li><a class="button" href="//pokemonshowdown.com/ladder/">Ladder</a></li>
			<li><a class="button nav-last" href="//pokemonshowdown.com/forums/">Forum</a></li>
			<li><a class="button greenbutton nav-first nav-last" href="//play.pokemonshowdown.com/">Play</a></li>
		</ul></div>
	</header>

	<div class="main" id="main">

		<noscript><section class="section">You need to enable JavaScript to use this page; sorry!</section></noscript>

	</div>

</div>

<script defer nomodule src="//play.pokemonshowdown.com/js/lib/ps-polyfill.js"></script>
<script defer src="//play.pokemonshowdown.com/js/lib/preact.min.js"></script>

<script defer src="//play.pokemonshowdown.com/config/config.js?2bddbc15"></script>
<script defer src="//play.pokemonshowdown.com/js/lib/jquery-1.11.0.min.js"></script>
<script defer src="//play.pokemonshowdown.com/js/lib/html-sanitizer-minified.js"></script>
<script defer src="//play.pokemonshowdown.com/js/battle-sound.js"></script>
<script defer src="//play.pokemonshowdown.com/js/battledata.js?0.7209276989879541"></script>
<script defer src="//play.pokemonshowdown.com/data/pokedex-mini.js?0.6111056340867951"></script>
<script defer src="//play.pokemonshowdown.com/data/pokedex-mini-bw.js?0.3532142036491459"></script>
<script defer src="//play.pokemonshowdown.com/data/graphics.js?0.24223875632456182"></script>
<script defer src="//play.pokemonshowdown.com/data/pokedex.js?0.38839984266356864"></script>
<script defer src="//play.pokemonshowdown.com/data/moves.js?0.21866028504024015"></script>
<script defer src="//play.pokemonshowdown.com/data/abilities.js?0.2005157953846628"></script>
<script defer src="//play.pokemonshowdown.com/data/items.js?0.9894211263848525"></script>
<script defer src="//play.pokemonshowdown.com/data/teambuilder-tables.js?0.6008791140282215"></script>
<script defer src="//play.pokemonshowdown.com/js/battle-tooltips.js?0.7580118955022959"></script>
<script defer src="//play.pokemonshowdown.com/js/battle.js?0.6057722274234274"></script>

<script defer src="js/utils.js?e31f9a17"></script>
<script defer src="js/replays-battle.js?7008c182"></script>

<!-- don't scrape this data! just add .json or .log after the URL!
Full API docs: https://github.com/smogon/pokemon-showdown-client/blob/master/WEB-API.md -->
<script type="text/plain" class="log" id="replaylog-smogtours-gen3ou-804545">
|inactive|Battle timer is ON: inactive players will automatically lose when time's up.
|t:|1730664931
|gametype|singles
|player|p1|Genexys|ghetsis|
|player|p2|Gulchittious Boi|101|
|teamsize|p1|6
|teamsize|p2|6
|gen|3
|tier|[Gen 3] OU
|rule|Sleep Clause Mod: Limit one foe put to sleep
|rule|Switch Priority Clause Mod: Faster Pokémon switch first
|rule|Species Clause: Limit one of each Pokémon
|rule|OHKO Clause: OHKO moves are banned
|rule|Evasion Items Clause: Evasion items are banned
|rule|Evasion Moves Clause: Evasion moves are banned
|rule|Endless Battle Clause: Forcing endless battles is banned
|rule|HP Percentage Mod: HP is shown in percentages
|rule|One Boost Passer Clause: Limit one Baton Passer that has a way to boost its stats
|rule|Freeze Clause Mod: Limit one foe frozen
|
|t:|1730664931
|start
|switch|p1a: Hariyamaguire|Hariyama, M|100/100
|switch|p2a: Zapdos|Zapdos|100/100
|turn|1
|c|☆Genexys|glhf
|
|t:|1730664941
|move|p2a: Zapdos|Substitute|p2a: Zapdos
|-start|p2a: Zapdos|Substitute
|-damage|p2a: Zapdos|76/100
|move|p1a: Hariyamaguire|Rock Slide|p2a: Zapdos
|-supereffective|p2a: Zapdos
|-end|p2a: Zapdos|Substitute
|
|-heal|p2a: Zapdos|82/100|[from] item: Leftovers
|upkeep
|turn|2
|
|t:|1730664949
|switch|p2a: Breloom|Breloom, F|100/100
|move|p1a: Hariyamaguire|Rock Slide|p2a: Breloom|[miss]
|-miss|p1a: Hariyamaguire|p2a: Breloom
|
|upkeep
|turn|3
|
|t:|1730664956
|move|p2a: Breloom|Spore|p1a: Hariyamaguire
|-status|p1a: Hariyamaguire|slp|[from] move: Spore
|cant|p1a: Hariyamaguire|slp
|
|upkeep
|turn|4
|
|t:|1730664964
|switch|p2a: Tyranitar|Tyranitar, F|100/100
|-weather|Sandstorm|[from] ability: Sand Stream|[of] p2a: Tyranitar
|switch|p1a: bagonator|Salamence, M, shiny|100/100
|-ability|p1a: bagonator|Intimidate|boost
|-unboost|p2a: Tyranitar|atk|1
|
|-weather|Sandstorm|[upkeep]
|-damage|p1a: bagonator|94/100|[from] Sandstorm
|upkeep
|turn|5
|
|t:|1730664968
|switch|p2a: Zapdos|Zapdos|82/100
|move|p1a: bagonator|Brick Break|p2a: Zapdos
|-resisted|p2a: Zapdos
|-damage|p2a: Zapdos|56/100
|
|-weather|Sandstorm|[upkeep]
|-damage|p2a: Zapdos|49/100|[from] Sandstorm
|-damage|p1a: bagonator|88/100|[from] Sandstorm
|-heal|p2a: Zapdos|56/100|[from] item: Leftovers
|upkeep
|turn|6
|
|t:|1730664973
|switch|p1a: Kebab|Blissey, F|100/100
|move|p2a: Zapdos|Substitute|p2a: Zapdos
|-start|p2a: Zapdos|Substitute
|-damage|p2a: Zapdos|31/100
|
|-weather|Sandstorm|[upkeep]
|-damage|p2a: Zapdos|24/100|[from] Sandstorm
|-damage|p1a: Kebab|94/100|[from] Sandstorm
|-heal|p2a: Zapdos|31/100|[from] item: Leftovers
|-heal|p1a: Kebab|100/100|[from] item: Leftovers
|upkeep
|turn|7
|
|t:|1730664975
|move|p2a: Zapdos|Baton Pass|p2a: Zapdos
|
|t:|1730664984
|switch|p2a: Snorlax|Snorlax, F|100/100|[from] Baton Pass
|move|p1a: Kebab|Wish|p1a: Kebab
|
|-weather|Sandstorm|[upkeep]
|-damage|p1a: Kebab|94/100|[from] Sandstorm
|-damage|p2a: Snorlax|94/100|[from] Sandstorm
|-heal|p1a: Kebab|100/100|[from] item: Leftovers
|-heal|p2a: Snorlax|100/100|[from] item: Leftovers
|upkeep
|turn|8
|
|t:|1730664987
|switch|p1a: ILTGMDSWIGH|Skarmory, F|100/100
|move|p2a: Snorlax|Return|p1a: ILTGMDSWIGH
|-resisted|p1a: ILTGMDSWIGH
|-damage|p1a: ILTGMDSWIGH|84/100
|
|-heal|p1a: ILTGMDSWIGH|100/100|[from] move: Wish|[wisher] Kebab
|-weather|Sandstorm|[upkeep]
|-damage|p2a: Snorlax|94/100|[from] Sandstorm
|-heal|p2a: Snorlax|100/100|[from] item: Leftovers
|upkeep
|turn|9
|
|t:|1730664990
|-singleturn|p2a: Snorlax|move: Focus Punch
|move|p1a: ILTGMDSWIGH|Spikes|p2a: Snorlax
|-sidestart|p2: Gulchittious Boi|Spikes
|move|p2a: Snorlax|Focus Punch|p1a: ILTGMDSWIGH
|-damage|p1a: ILTGMDSWIGH|64/100
|
|-weather|Sandstorm|[upkeep]
|-damage|p2a: Snorlax|94/100|[from] Sandstorm
|-heal|p1a: ILTGMDSWIGH|70/100|[from] item: Leftovers
|-heal|p2a: Snorlax|100/100|[from] item: Leftovers
|upkeep
|turn|10
|
|t:|1730664993
|-singleturn|p2a: Snorlax|move: Focus Punch
|move|p1a: ILTGMDSWIGH|Protect|p1a: ILTGMDSWIGH
|-singleturn|p1a: ILTGMDSWIGH|Protect
|move|p2a: Snorlax|Focus Punch|p1a: ILTGMDSWIGH
|-activate|p1a: ILTGMDSWIGH|Protect
|
|-weather|Sandstorm|[upkeep]
|-damage|p2a: Snorlax|94/100|[from] Sandstorm
|-heal|p1a: ILTGMDSWIGH|76/100|[from] item: Leftovers
|-heal|p2a: Snorlax|100/100|[from] item: Leftovers
|upkeep
|turn|11
|
|t:|1730665017
|switch|p2a: Salamence|Salamence, M|100/100
|-ability|p2a: Salamence|Intimidate|boost
|-unboost|p1a: ILTGMDSWIGH|atk|1
|move|p1a: ILTGMDSWIGH|Roar|p2a: Salamence
|drag|p2a: Snorlax|Snorlax, F|100/100
|-damage|p2a: Snorlax|88/100|[from] Spikes
|
|-weather|Sandstorm|[upkeep]
|-damage|p2a: Snorlax|82/100|[from] Sandstorm
|-heal|p1a: ILTGMDSWIGH|82/100|[from] item: Leftovers
|-heal|p2a: Snorlax|88/100|[from] item: Leftovers
|upkeep
|turn|12
|
|t:|1730665023
|switch|p2a: Salamence|Salamence, M|100/100
|-ability|p2a: Salamence|Intimidate|boost
|-unboost|p1a: ILTGMDSWIGH|atk|1
|move|p1a: ILTGMDSWIGH|Spikes|p2a: Salamence
|-sidestart|p2: Gulchittious Boi|Spikes
|
|-weather|Sandstorm|[upkeep]
|-damage|p2a: Salamence|94/100|[from] Sandstorm
|-heal|p2a: Salamence|100/100|[from] item: Leftovers
|-heal|p1a: ILTGMDSWIGH|88/100|[from] item: Leftovers
|upkeep
|turn|13
|
|t:|1730665026
|move|p1a: ILTGMDSWIGH|Protect|p1a: ILTGMDSWIGH
|-singleturn|p1a: ILTGMDSWIGH|Protect
|move|p2a: Salamence|Fire Blast|p1a: ILTGMDSWIGH
|-activate|p1a: ILTGMDSWIGH|Protect
|
|-weather|Sandstorm|[upkeep]
|-damage|p2a: Salamence|94/100|[from] Sandstorm
|-heal|p2a: Salamence|100/100|[from] item: Leftovers
|-heal|p1a: ILTGMDSWIGH|94/100|[from] item: Leftovers
|upkeep
|turn|14
|
|t:|1730665034
|switch|p1a: Tusk|Starmie|100/100
|move|p2a: Salamence|Fire Blast|p1a: Tusk
|-resisted|p1a: Tusk
|-damage|p1a: Tusk|81/100
|
|-weather|Sandstorm|[upkeep]
|-damage|p1a: Tusk|75/100|[from] Sandstorm
|-damage|p2a: Salamence|94/100|[from] Sandstorm
|-heal|p1a: Tusk|81/100|[from] item: Leftovers
|-heal|p2a: Salamence|100/100|[from] item: Leftovers
|upkeep
|turn|15
|
|t:|1730665037
|switch|p2a: Snorlax|Snorlax, F|88/100
|-damage|p2a: Snorlax|72/100|[from] Spikes
|move|p1a: Tusk|Thunder Wave|p2a: Snorlax
|-status|p2a: Snorlax|par
|
|-weather|Sandstorm|[upkeep]
|-damage|p1a: Tusk|75/100|[from] Sandstorm
|-damage|p2a: Snorlax|65/100 par|[from] Sandstorm
|-heal|p1a: Tusk|81/100|[from] item: Leftovers
|-heal|p2a: Snorlax|72/100 par|[from] item: Leftovers
|upkeep
|turn|16
|
|t:|1730665044
|switch|p1a: ILTGMDSWIGH|Skarmory, F|94/100
|switch|p2a: Salamence|Salamence, M|100/100
|-ability|p2a: Salamence|Intimidate|boost
|-unboost|p1a: ILTGMDSWIGH|atk|1
|
|-weather|Sandstorm|[upkeep]
|-damage|p2a: Salamence|94/100|[from] Sandstorm
|-heal|p2a: Salamence|100/100|[from] item: Leftovers
|-heal|p1a: ILTGMDSWIGH|99/100|[from] item: Leftovers
|upkeep
|turn|17
|
|t:|1730665049
|switch|p1a: Kebab|Blissey, F|100/100
|move|p2a: Salamence|Fire Blast|p1a: Kebab
|-damage|p1a: Kebab|86/100
|
|-weather|Sandstorm|[upkeep]
|-damage|p2a: Salamence|94/100|[from] Sandstorm
|-damage|p1a: Kebab|80/100|[from] Sandstorm
|-heal|p2a: Salamence|100/100|[from] item: Leftovers
|-heal|p1a: Kebab|86/100|[from] item: Leftovers
|upkeep
|turn|18
|
|t:|1730665054
|switch|p2a: Metagross|Metagross|100/100
|-damage|p2a: Metagross|84/100|[from] Spikes
|move|p1a: Kebab|Ice Beam|p2a: Metagross
|-resisted|p2a: Metagross
|-damage|p2a: Metagross|71/100
|
|-weather|Sandstorm|[upkeep]
|-damage|p1a: Kebab|80/100|[from] Sandstorm
|-heal|p2a: Metagross|77/100|[from] item: Leftovers
|-heal|p1a: Kebab|86/100|[from] item: Leftovers
|upkeep
|turn|19
|
|t:|1730665061
|switch|p1a: Dupont|Metagross, shiny|100/100
|move|p2a: Metagross|Hidden Power|p1a: Dupont
|-supereffective|p1a: Dupont
|-damage|p1a: Dupont|53/100
|
|-weather|Sandstorm|[upkeep]
|-heal|p1a: Dupont|59/100|[from] item: Leftovers
|-heal|p2a: Metagross|83/100|[from] item: Leftovers
|upkeep
|turn|20
|
|t:|1730665070
|switch|p2a: Zapdos|Zapdos|31/100
|move|p1a: Dupont|Protect||[still]
|-fail|p1a: Dupont
|
|-weather|Sandstorm|[upkeep]
|-damage|p2a: Zapdos|24/100|[from] Sandstorm
|-heal|p2a: Zapdos|31/100|[from] item: Leftovers
|-heal|p1a: Dupont|65/100|[from] item: Leftovers
|upkeep
|turn|21
|
|t:|1730665074
|move|p1a: Dupont|Protect|p1a: Dupont
|-singleturn|p1a: Dupont|Protect
|move|p2a: Zapdos|Thunderbolt|p1a: Dupont
|-activate|p1a: Dupont|Protect
|
|-weather|Sandstorm|[upkeep]
|-damage|p2a: Zapdos|24/100|[from] Sandstorm
|-heal|p2a: Zapdos|31/100|[from] item: Leftovers
|-heal|p1a: Dupont|71/100|[from] item: Leftovers
|upkeep
|turn|22
|
|t:|1730665076
|switch|p1a: Kebab|Blissey, F|86/100
|move|p2a: Zapdos|Baton Pass|p2a: Zapdos
|
|t:|1730665079
|switch|p2a: Breloom|Breloom, F|100/100|[from] Baton Pass
|-damage|p2a: Breloom|84/100|[from] Spikes
|
|-weather|Sandstorm|[upkeep]
|-damage|p2a: Breloom|78/100|[from] Sandstorm
|-damage|p1a: Kebab|80/100|[from] Sandstorm
|-heal|p2a: Breloom|84/100|[from] item: Leftovers
|-heal|p1a: Kebab|86/100|[from] item: Leftovers
|upkeep
|turn|23
|
|t:|1730665083
|-singleturn|p2a: Breloom|move: Focus Punch
|switch|p1a: bagonator|Salamence, M, shiny|88/100
|-ability|p1a: bagonator|Intimidate|boost
|-unboost|p2a: Breloom|atk|1
|move|p2a: Breloom|Focus Punch|p1a: bagonator
|-resisted|p1a: bagonator
|-damage|p1a: bagonator|57/100
|
|-weather|Sandstorm|[upkeep]
|-damage|p1a: bagonator|51/100|[from] Sandstorm
|-damage|p2a: Breloom|78/100|[from] Sandstorm
|-heal|p2a: Breloom|84/100|[from] item: Leftovers
|upkeep
|turn|24
|
|t:|1730665095
|move|p2a: Breloom|Mach Punch|p1a: bagonator
|-resisted|p1a: bagonator
|-damage|p1a: bagonator|42/100
|move|p1a: bagonator|Earthquake|p2a: Breloom
|-resisted|p2a: Breloom
|-crit|p2a: Breloom
|-damage|p2a: Breloom|0 fnt
|faint|p2a: Breloom
|c|☆Genexys|mb
|
|t:|1730665101
|switch|p2a: Salamence|Salamence, M|100/100
|-ability|p2a: Salamence|Intimidate|boost
|-unboost|p1a: bagonator|atk|1
|
|-weather|Sandstorm|[upkeep]
|-damage|p2a: Salamence|94/100|[from] Sandstorm
|-damage|p1a: bagonator|36/100|[from] Sandstorm
|-heal|p2a: Salamence|100/100|[from] item: Leftovers
|upkeep
|turn|25
|
|t:|1730665127
|switch|p1a: Tusk|Starmie|81/100
|move|p2a: Salamence|Brick Break|p1a: Tusk
|-resisted|p1a: Tusk
|-damage|p1a: Tusk|66/100
|
|-weather|Sandstorm|[upkeep]
|-damage|p1a: Tusk|60/100|[from] Sandstorm
|-damage|p2a: Salamence|94/100|[from] Sandstorm
|-heal|p1a: Tusk|66/100|[from] item: Leftovers
|-heal|p2a: Salamence|100/100|[from] item: Leftovers
|upkeep
|turn|26
|
|t:|1730665131
|switch|p2a: Snorlax|Snorlax, F|72/100 par
|-damage|p2a: Snorlax|55/100 par|[from] Spikes
|move|p1a: Tusk|Thunder Wave|p2a: Snorlax
|-fail|p2a: Snorlax|par
|
|-weather|Sandstorm|[upkeep]
|-damage|p1a: Tusk|60/100|[from] Sandstorm
|-damage|p2a: Snorlax|49/100 par|[from] Sandstorm
|-heal|p1a: Tusk|66/100|[from] item: Leftovers
|-heal|p2a: Snorlax|55/100 par|[from] item: Leftovers
|upkeep
|turn|27
|
|t:|1730665139
|switch|p1a: ILTGMDSWIGH|Skarmory, F|99/100
|switch|p2a: Salamence|Salamence, M|100/100
|-ability|p2a: Salamence|Intimidate|boost
|-unboost|p1a: ILTGMDSWIGH|atk|1
|
|-weather|Sandstorm|[upkeep]
|-damage|p2a: Salamence|94/100|[from] Sandstorm
|-heal|p2a: Salamence|100/100|[from] item: Leftovers
|-heal|p1a: ILTGMDSWIGH|100/100|[from] item: Leftovers
|upkeep
|turn|28
|
|t:|1730665142
|move|p2a: Salamence|Fire Blast|p1a: ILTGMDSWIGH
|-supereffective|p1a: ILTGMDSWIGH
|-damage|p1a: ILTGMDSWIGH|29/100
|move|p1a: ILTGMDSWIGH|Toxic|p2a: Salamence
|-status|p2a: Salamence|tox
|
|-weather|Sandstorm|[upkeep]
|-damage|p2a: Salamence|94/100 tox|[from] Sandstorm
|-heal|p2a: Salamence|100/100 tox|[from] item: Leftovers
|-damage|p2a: Salamence|94/100 tox|[from] psn
|-heal|p1a: ILTGMDSWIGH|35/100|[from] item: Leftovers
|upkeep
|turn|29
|
|t:|1730665147
|move|p1a: ILTGMDSWIGH|Protect|p1a: ILTGMDSWIGH
|-singleturn|p1a: ILTGMDSWIGH|Protect
|move|p2a: Salamence|Fire Blast|p1a: ILTGMDSWIGH
|-activate|p1a: ILTGMDSWIGH|Protect
|
|-weather|Sandstorm|[upkeep]
|-damage|p2a: Salamence|88/100 tox|[from] Sandstorm
|-heal|p2a: Salamence|94/100 tox|[from] item: Leftovers
|-damage|p2a: Salamence|82/100 tox|[from] psn
|-heal|p1a: ILTGMDSWIGH|41/100|[from] item: Leftovers
|upkeep
|turn|30
|
|t:|1730665153
|switch|p1a: Hariyamaguire|Hariyama, M|100/100 slp
|move|p2a: Salamence|Hidden Power|p1a: Hariyamaguire
|-damage|p1a: Hariyamaguire|85/100 slp
|
|-weather|Sandstorm|[upkeep]
|-damage|p2a: Salamence|76/100 tox|[from] Sandstorm
|-damage|p1a: Hariyamaguire|79/100 slp|[from] Sandstorm
|-heal|p2a: Salamence|82/100 tox|[from] item: Leftovers
|-damage|p2a: Salamence|64/100 tox|[from] psn
|-heal|p1a: Hariyamaguire|85/100 slp|[from] item: Leftovers
|upkeep
|turn|31
|
|t:|1730665159
|switch|p2a: Metagross|Metagross|83/100
|-damage|p2a: Metagross|66/100|[from] Spikes
|cant|p1a: Hariyamaguire|slp
|
|-weather|Sandstorm|[upkeep]
|-damage|p1a: Hariyamaguire|79/100 slp|[from] Sandstorm
|-heal|p2a: Metagross|72/100|[from] item: Leftovers
|-heal|p1a: Hariyamaguire|85/100 slp|[from] item: Leftovers
|upkeep
|turn|32
|
|t:|1730665163
|switch|p1a: Tusk|Starmie|66/100
|move|p2a: Metagross|Psychic|p1a: Tusk
|-resisted|p1a: Tusk
|-damage|p1a: Tusk|43/100
|
|-weather|Sandstorm|[upkeep]
|-damage|p1a: Tusk|37/100|[from] Sandstorm
|-heal|p1a: Tusk|43/100|[from] item: Leftovers
|-heal|p2a: Metagross|78/100|[from] item: Leftovers
|upkeep
|turn|33
|
|t:|1730665168
|switch|p2a: Snorlax|Snorlax, F|55/100 par
|-damage|p2a: Snorlax|39/100 par|[from] Spikes
|move|p1a: Tusk|Recover|p1a: Tusk
|-heal|p1a: Tusk|93/100
|
|-weather|Sandstorm|[upkeep]
|-damage|p1a: Tusk|87/100|[from] Sandstorm
|-damage|p2a: Snorlax|32/100 par|[from] Sandstorm
|-heal|p1a: Tusk|93/100|[from] item: Leftovers
|-heal|p2a: Snorlax|39/100 par|[from] item: Leftovers
|upkeep
|turn|34
|
|t:|1730665174
|-singleturn|p2a: Snorlax|move: Focus Punch
|switch|p1a: Dupont|Metagross, shiny|71/100
|move|p2a: Snorlax|Focus Punch|p1a: Dupont
|-damage|p1a: Dupont|42/100
|
|-weather|Sandstorm|[upkeep]
|-damage|p2a: Snorlax|32/100 par|[from] Sandstorm
|-heal|p1a: Dupont|48/100|[from] item: Leftovers
|-heal|p2a: Snorlax|39/100 par|[from] item: Leftovers
|upkeep
|turn|35
|
|t:|1730665178
|switch|p2a: Zapdos|Zapdos|31/100
|move|p1a: Dupont|Meteor Mash|p2a: Zapdos
|-resisted|p2a: Zapdos
|-damage|p2a: Zapdos|0 fnt
|faint|p2a: Zapdos
|
|t:|1730665179
|switch|p2a: Salamence|Salamence, M|64/100 tox
|-ability|p2a: Salamence|Intimidate|boost
|-fail|p1a: Dupont|unboost|[from] ability: Clear Body|[of] p1a: Dupont
|
|-weather|Sandstorm|[upkeep]
|-damage|p2a: Salamence|58/100 tox|[from] Sandstorm
|-heal|p2a: Salamence|64/100 tox|[from] item: Leftovers
|-damage|p2a: Salamence|58/100 tox|[from] psn
|-heal|p1a: Dupont|54/100|[from] item: Leftovers
|upkeep
|turn|36
|
|t:|1730665186
|move|p1a: Dupont|Protect|p1a: Dupont
|-singleturn|p1a: Dupont|Protect
|move|p2a: Salamence|Fire Blast|p1a: Dupont
|-activate|p1a: Dupont|Protect
|
|-weather|Sandstorm|[upkeep]
|-damage|p2a: Salamence|52/100 tox|[from] Sandstorm
|-heal|p2a: Salamence|58/100 tox|[from] item: Leftovers
|-damage|p2a: Salamence|46/100 tox|[from] psn
|-heal|p1a: Dupont|60/100|[from] item: Leftovers
|upkeep
|turn|37
|
|t:|1730665199
|switch|p1a: Hariyamaguire|Hariyama, M|85/100 slp
|move|p2a: Salamence|Fire Blast|p1a: Hariyamaguire
|-damage|p1a: Hariyamaguire|72/100 slp
|
|-weather|Sandstorm|[upkeep]
|-damage|p2a: Salamence|40/100 tox|[from] Sandstorm
|-damage|p1a: Hariyamaguire|66/100 slp|[from] Sandstorm
|-heal|p2a: Salamence|46/100 tox|[from] item: Leftovers
|-damage|p2a: Salamence|28/100 tox|[from] psn
|-heal|p1a: Hariyamaguire|72/100 slp|[from] item: Leftovers
|upkeep
|turn|38
|
|t:|1730665205
|move|p2a: Salamence|Dragon Claw|p1a: Hariyamaguire
|-damage|p1a: Hariyamaguire|44/100 slp
|-curestatus|p1a: Hariyamaguire|slp|[msg]
|move|p1a: Hariyamaguire|Whirlwind|p2a: Salamence
|drag|p2a: Snorlax|Snorlax, F|39/100 par
|-damage|p2a: Snorlax|22/100 par|[from] Spikes
|
|-weather|Sandstorm|[upkeep]
|-damage|p1a: Hariyamaguire|38/100|[from] Sandstorm
|-damage|p2a: Snorlax|16/100 par|[from] Sandstorm
|-heal|p1a: Hariyamaguire|44/100|[from] item: Leftovers
|-heal|p2a: Snorlax|22/100 par|[from] item: Leftovers
|upkeep
|turn|39
|
|t:|1730665208
|move|p1a: Hariyamaguire|Brick Break|p2a: Snorlax
|-supereffective|p2a: Snorlax
|-damage|p2a: Snorlax|0 fnt
|faint|p2a: Snorlax
|
|t:|1730665210
|switch|p2a: Metagross|Metagross|78/100
|-damage|p2a: Metagross|62/100|[from] Spikes
|
|-weather|Sandstorm|[upkeep]
|-damage|p1a: Hariyamaguire|38/100|[from] Sandstorm
|-heal|p2a: Metagross|68/100|[from] item: Leftovers
|-heal|p1a: Hariyamaguire|44/100|[from] item: Leftovers
|upkeep
|turn|40
|
|t:|1730665217
|move|p2a: Metagross|Psychic|p1a: Hariyamaguire
|-supereffective|p1a: Hariyamaguire
|-damage|p1a: Hariyamaguire|0 fnt
|faint|p1a: Hariyamaguire
|
|t:|1730665223
|switch|p1a: bagonator|Salamence, M, shiny|36/100
|-ability|p1a: bagonator|Intimidate|boost
|-fail|p2a: Metagross|unboost|[from] ability: Clear Body|[of] p2a: Metagross
|
|-weather|Sandstorm|[upkeep]
|-damage|p1a: bagonator|30/100|[from] Sandstorm
|-heal|p2a: Metagross|74/100|[from] item: Leftovers
|upkeep
|turn|41
|
|t:|1730665237
|move|p1a: bagonator|Earthquake|p2a: Metagross
|-supereffective|p2a: Metagross
|-damage|p2a: Metagross|0 fnt
|faint|p2a: Metagross
|
|t:|1730665238
|switch|p2a: Salamence|Salamence, M|28/100 tox
|-ability|p2a: Salamence|Intimidate|boost
|-unboost|p1a: bagonator|atk|1
|
|-weather|Sandstorm|[upkeep]
|-damage|p2a: Salamence|22/100 tox|[from] Sandstorm
|-damage|p1a: bagonator|24/100|[from] Sandstorm
|-heal|p2a: Salamence|28/100 tox|[from] item: Leftovers
|-damage|p2a: Salamence|22/100 tox|[from] psn
|upkeep
|turn|42
|
|t:|1730665247
|switch|p1a: ILTGMDSWIGH|Skarmory, F|41/100
|move|p2a: Salamence|Hidden Power|p1a: ILTGMDSWIGH
|-resisted|p1a: ILTGMDSWIGH
|-damage|p1a: ILTGMDSWIGH|37/100
|
|-weather|Sandstorm|[upkeep]
|-damage|p2a: Salamence|16/100 tox|[from] Sandstorm
|-heal|p2a: Salamence|22/100 tox|[from] item: Leftovers
|-damage|p2a: Salamence|10/100 tox|[from] psn
|-heal|p1a: ILTGMDSWIGH|43/100|[from] item: Leftovers
|upkeep
|turn|43
|
|t:|1730665255
|move|p2a: Salamence|Fire Blast|p1a: ILTGMDSWIGH
|-supereffective|p1a: ILTGMDSWIGH
|-damage|p1a: ILTGMDSWIGH|0 fnt
|faint|p1a: ILTGMDSWIGH
|
|t:|1730665257
|switch|p1a: bagonator|Salamence, M, shiny|24/100
|-ability|p1a: bagonator|Intimidate|boost
|-unboost|p2a: Salamence|atk|1
|
|-weather|Sandstorm|[upkeep]
|-damage|p2a: Salamence|4/100 tox|[from] Sandstorm
|-damage|p1a: bagonator|18/100|[from] Sandstorm
|-heal|p2a: Salamence|10/100 tox|[from] item: Leftovers
|-damage|p2a: Salamence|0 fnt|[from] psn
|faint|p2a: Salamence
|upkeep
|
|t:|1730665258
|switch|p2a: Tyranitar|Tyranitar, F|100/100
|-damage|p2a: Tyranitar|84/100|[from] Spikes
|turn|44
|c|☆Genexys|ggs
|
|t:|1730665263
|move|p1a: bagonator|Brick Break|p2a: Tyranitar
|-supereffective|p2a: Tyranitar
|-damage|p2a: Tyranitar|0 fnt
|faint|p2a: Tyranitar
|
|win|Genexys
|player|p2|

</script>
<script type="application/json" class="data" id="replaydata-smogtours-gen3ou-804545">
{"id":"smogtours-gen3ou-804545","format":"[Gen 3] OU","players":["Genexys","Gulchittious Boi"],"uploadtime":1730665263,"views":77,"formatid":"gen3ou","rating":null,"private":0,"password":null}
</script>

<script defer src="js/replays.js?9d40a366"></script>
