<!DOCTYPE html>
<meta charset="utf-8" />
<meta name="viewport" content="width=device-width" />

<title>[Gen 3] OU: caloominum vs. Xamvius - Replays - Pok&eacute;mon Showdown!</title>

<meta name="description" content="Watch a replay of a Pok&eacute;mon battle between caloominum and Xamvius! Format: [Gen 3] OU; Date: Oct 7, 2024" />
<!--

Hey, you! Looking in the source for the replay log?

You can find them in JSON format, just add `.json` at the end of a replay URL.

https://replay.pokemonshowdown.com/gen7randomdoublesbattle-865046831.json

Or, if you only need the log itself, add `.log` instead:

https://replay.pokemonshowdown.com/gen7randomdoublesbattle-865046831.log

-->

<link rel="stylesheet" href="//pokemonshowdown.com/style/global.css?0.023195364461161105" />
<link rel="stylesheet" href="//play.pokemonshowdown.com/style/font-awesome.css?0.13261647063804238" />
<link rel="stylesheet" href="//play.pokemonshowdown.com/style/battle.css?0.8753245789963631" />
<link rel="stylesheet" href="//play.pokemonshowdown.com/style/utilichart.css?0.8627959624976733" />

<!-- Global site tag (gtag.js) - Google Analytics -->
<script async src="https://www.googletagmanager.com/gtag/js?id=UA-26211653-1"></script>
<script>
  window.dataLayer = window.dataLayer || [];
  function gtag(){dataLayer.push(arguments);}
  gtag('js', new Date());

  gtag('config', 'UA-26211653-1');
</script>
<!-- End Google Analytics -->
<!-- Venatus Ad Manager - Install in <HEAD> of page -->
	<script src="https://hb.vntsm.com/v3/live/ad-manager.min.js" type="text/javascript" data-site-id="642aba63ec9a7b11c3c9c1be" data-mode="scan" async></script>
<!-- / Venatus Ad Manager -->

<style>
	@media (max-width:820px) {
		.battle {
			margin: 0 auto;
		}
		.battle-log {
			margin: 7px auto 0;
			max-width: 640px;
			height: 300px;
			position: static;
		}
	}
	.optgroup {
		display: inline-block;
		line-height: 22px;
		font-size: 10pt;
	}
	.optgroup .button {
		height: 25px;
		padding-top: 0;
		padding-bottom: 0;
	}
	.optgroup button.button {
		padding-left: 12px;
		padding-right: 12px;
	}
	.linklist {
		list-style: none;
		margin: 0.5em 0;
		padding: 0;
	}
	.linklist li {
		padding: 2px 0;
	}
	.sidebar {
		float: left;
		width: 320px;
	}
	.bar-wrapper {
		max-width: 1100px;
		margin: 0 auto;
	}
	.bar-wrapper.has-sidebar {
		max-width: 1430px;
	}
	.mainbar {
		margin: 0;
		padding-right: 1px;
	}
	.mainbar.has-sidebar {
		margin-left: 330px;
	}
	@media (min-width: 1511px) {
		.sidebar {
			width: 400px;
		}
		.bar-wrapper.has-sidebar {
			max-width: 1510px;
		}
		.mainbar.has-sidebar {
			margin-left: 410px;
		}
	}
	.section.first-section {
		margin-top: 9px;
	}
	.blocklink small {
		white-space: normal;
	}
	.button {
		vertical-align: middle;
	}
	.replay-controls {
		padding-top: 10px;
	}
	.replay-controls h1 {
		font-size: 16pt;
		font-weight: normal;
		color: #CCC;
	}
	.pagelink {
		text-align: center;
	}
	.pagelink a {
		width: 150px;
	}
	.textbox, .button {
		font-size: 11pt;
		vertical-align: middle;
	}
	@media (max-width: 450px) {
		.button {
			font-size: 9pt;
		}
	}
</style>

<div>

	<header>
		<div class="nav-wrapper"><ul class="nav">
			<li><a class="button nav-first" href="//pokemonshowdown.com/"><img src="//pokemonshowdown.com/images/pokemonshowdownbeta.png" srcset="//pokemonshowdown.com/images/pokemonshowdownbeta.png 1x, //pokemonshowdown.com/images/pokemonshowdownbeta@2x.png 2x" alt="Pok&eacute;mon Showdown" width="146" height="44" /> Home</a></li>
			<li><a class="button" href="//pokemonshowdown.com/dex/">Pok&eacute;dex</a></li>
			<li><a class="button cur" href="/">Replays</a></li>
			<li><a class="button" href="//pokemonshowdown.com/ladder/">Ladder</a></li>
			<li><a class="button nav-last" href="//pokemonshowdown.com/forums/">Forum</a></li>
			<li><a class="button greenbutton nav-first nav-last" href="//play.pokemonshowdown.com/">Play</a></li>
		</ul></div>
	</header>

	<div class="main" id="main">

		<noscript><section class="section">You need to enable JavaScript to use this page; sorry!</section></noscript>

	</div>

</div>

<script defer nomodule src="//play.pokemonshowdown.com/js/lib/ps-polyfill.js"></script>
<script defer src="//play.pokemonshowdown.com/js/lib/preact.min.js"></script>

<script defer src="//play.pokemonshowdown.com/config/config.js?2bddbc15"></script>
<script defer src="//play.pokemonshowdown.com/js/lib/jquery-1.11.0.min.js"></script>
<script defer src="//play.pokemonshowdown.com/js/lib/html-sanitizer-minified.js"></script>
<script defer src="//play.pokemonshowdown.com/js/battle-sound.js"></script>
<script defer src="//play.pokemonshowdown.com/js/battledata.js?0.7209276989879541"></script>
<script defer src="//play.pokemonshowdown.com/data/pokedex-mini.js?0.6111056340867951"></script>
<script defer src="//play.pokemonshowdown.com/data/pokedex-mini-bw.js?0.3532142036491459"></script>
<script defer src="//play.pokemonshowdown.com/data/graphics.js?0.24223875632456182"></script>
<script defer src="//play.pokemonshowdown.com/data/pokedex.js?0.38839984266356864"></script>
<script defer src="//play.pokemonshowdown.com/data/moves.js?0.21866028504024015"></script>
<script defer src="//play.pokemonshowdown.com/data/abilities.js?0.2005157953846628"></script>
<script defer src="//play.pokemonshowdown.com/data/items.js?0.9894211263848525"></script>
<script defer src="//play.pokemonshowdown.com/data/teambuilder-tables.js?0.6008791140282215"></script>
<script defer src="//play.pokemonshowdown.com/js/battle-tooltips.js?0.7580118955022959"></script>
<script defer src="//play.pokemonshowdown.com/js/battle.js?0.6057722274234274"></script>

<script defer src="js/utils.js?e31f9a17"></script>
<script defer src="js/replays-battle.js?7008c182"></script>

<!-- don't scrape this data! just add .json or .log after the URL!
Full API docs: https://github.com/smogon/pokemon-showdown-client/blob/master/WEB-API.md -->
<script type="text/plain" class="log" id="replaylog-smogtours-gen3ou-796245">
|inactive|Battle timer is ON: inactive players will automatically lose when time's up.
|t:|1728335407
|gametype|singles
|player|p1|caloominum|#advpliii|
|player|p2|Xamvius|1|
|teamsize|p1|6
|teamsize|p2|6
|gen|3
|tier|[Gen 3] OU
|rule|Sleep Clause Mod: Limit one foe put to sleep
|rule|Switch Priority Clause Mod: Faster Pokémon switch first
|rule|Species Clause: Limit one of each Pokémon
|rule|OHKO Clause: OHKO moves are banned
|rule|Evasion Items Clause: Evasion items are banned
|rule|Evasion Moves Clause: Evasion moves are banned
|rule|Endless Battle Clause: Forcing endless battles is banned
|rule|HP Percentage Mod: HP is shown in percentages
|rule|One Boost Passer Clause: Limit one Baton Passer that has a way to boost its stats
|rule|Freeze Clause Mod: Limit one foe frozen
|
|t:|1728335407
|start
|switch|p1a: Forretress|Forretress, F|100/100
|switch|p2a: Glalie|Glalie, F|100/100
|turn|1
|
|t:|1728335436
|move|p2a: Glalie|Taunt|p1a: Forretress
|-start|p1a: Forretress|move: Taunt
|cant|p1a: Forretress|move: Taunt|Spikes
|
|upkeep
|turn|2
|
|t:|1728335440
|move|p2a: Glalie|Spikes|p1a: Forretress
|-sidestart|p1: caloominum|Spikes
|move|p1a: Forretress|Hidden Power|p2a: Glalie
|-damage|p2a: Glalie|71/100
|
|-end|p1a: Forretress|move: Taunt|[silent]
|upkeep
|turn|3
|
|t:|1728335446
|move|p2a: Glalie|Spikes|p1a: Forretress
|-sidestart|p1: caloominum|Spikes
|move|p1a: Forretress|Hidden Power|p2a: Glalie
|-damage|p2a: Glalie|40/100
|
|upkeep
|turn|4
|
|t:|1728335454
|move|p2a: Glalie|Spikes|p1a: Forretress
|-sidestart|p1: caloominum|Spikes
|move|p1a: Forretress|Spikes|p2a: Glalie
|-sidestart|p2: Xamvius|Spikes
|
|upkeep
|turn|5
|
|t:|1728335459
|move|p2a: Glalie|Explosion|p1a: Forretress
|-resisted|p1a: Forretress
|-damage|p1a: Forretress|71/100
|faint|p2a: Glalie
|
|t:|1728335462
|switch|p2a: Moltres|Moltres|100/100
|
|-heal|p1a: Forretress|78/100|[from] item: Leftovers
|upkeep
|turn|6
|
|t:|1728335466
|switch|p1a: Blissey|Blissey, F|100/100
|-damage|p1a: Blissey|76/100|[from] Spikes
|move|p2a: Moltres|Flamethrower|p1a: Blissey
|-damage|p1a: Blissey|55/100
|-status|p1a: Blissey|brn
|
|-heal|p1a: Blissey|61/100 brn|[from] item: Leftovers
|-damage|p1a: Blissey|48/100 brn|[from] brn
|upkeep
|turn|7
|
|t:|1728335489
|switch|p2a: Jolteon|Jolteon, M|100/100
|-damage|p2a: Jolteon|88/100|[from] Spikes
|move|p1a: Blissey|Soft-Boiled|p1a: Blissey
|-heal|p1a: Blissey|98/100 brn
|
|-heal|p2a: Jolteon|94/100|[from] item: Leftovers
|-heal|p1a: Blissey|100/100 brn|[from] item: Leftovers
|-damage|p1a: Blissey|88/100 brn|[from] brn
|upkeep
|turn|8
|
|t:|1728335494
|move|p2a: Jolteon|Baton Pass|p2a: Jolteon
|
|t:|1728335497
|switch|p2a: Swampert|Swampert, F|100/100|[from] Baton Pass
|-damage|p2a: Swampert|88/100|[from] Spikes
|move|p1a: Blissey|Ice Beam|p2a: Swampert
|-damage|p2a: Swampert|57/100
|
|-heal|p2a: Swampert|63/100|[from] item: Leftovers
|-heal|p1a: Blissey|94/100 brn|[from] item: Leftovers
|-damage|p1a: Blissey|82/100 brn|[from] brn
|upkeep
|turn|9
|
|t:|1728335510
|-singleturn|p2a: Swampert|move: Focus Punch
|-curestatus|p1a: Blissey|brn|[from] ability: Natural Cure
|switch|p1a: Claydol|Claydol|100/100
|move|p2a: Swampert|Focus Punch|p1a: Claydol
|-resisted|p1a: Claydol
|-crit|p1a: Claydol
|-damage|p1a: Claydol|66/100
|
|-heal|p2a: Swampert|69/100|[from] item: Leftovers
|-heal|p1a: Claydol|72/100|[from] item: Leftovers
|upkeep
|turn|10
|
|t:|1728335515
|move|p2a: Swampert|Ice Beam|p1a: Claydol
|-supereffective|p1a: Claydol
|-damage|p1a: Claydol|35/100
|move|p1a: Claydol|Rapid Spin|p2a: Swampert
|-crit|p2a: Swampert
|-damage|p2a: Swampert|61/100
|-sideend|p1: caloominum|Spikes|[from] move: Rapid Spin|[of] p1a: Claydol
|
|-heal|p2a: Swampert|67/100|[from] item: Leftovers
|-heal|p1a: Claydol|41/100|[from] item: Leftovers
|upkeep
|turn|11
|
|t:|1728335520
|switch|p1a: Milotic|Milotic, F|100/100
|move|p2a: Swampert|Ice Beam|p1a: Milotic
|-resisted|p1a: Milotic
|-damage|p1a: Milotic|90/100
|
|-heal|p2a: Swampert|73/100|[from] item: Leftovers
|-heal|p1a: Milotic|96/100|[from] item: Leftovers
|upkeep
|turn|12
|
|t:|1728335527
|switch|p2a: Jolteon|Jolteon, M|94/100
|-damage|p2a: Jolteon|82/100|[from] Spikes
|move|p1a: Milotic|Surf|p2a: Jolteon
|-damage|p2a: Jolteon|41/100
|
|-heal|p2a: Jolteon|47/100|[from] item: Leftovers
|-heal|p1a: Milotic|100/100|[from] item: Leftovers
|upkeep
|turn|13
|
|t:|1728335533
|switch|p1a: Blissey|Blissey, F|82/100
|move|p2a: Jolteon|Hidden Power|p1a: Blissey
|-damage|p1a: Blissey|73/100
|
|-heal|p2a: Jolteon|53/100|[from] item: Leftovers
|-heal|p1a: Blissey|79/100|[from] item: Leftovers
|upkeep
|turn|14
|
|t:|1728335540
|move|p2a: Jolteon|Thunderbolt|p1a: Blissey
|-damage|p1a: Blissey|61/100
|move|p1a: Blissey|Ice Beam|p2a: Jolteon
|-damage|p2a: Jolteon|20/100
|
|-heal|p2a: Jolteon|26/100|[from] item: Leftovers
|-heal|p1a: Blissey|67/100|[from] item: Leftovers
|upkeep
|turn|15
|
|t:|1728335546
|move|p2a: Jolteon|Baton Pass|p2a: Jolteon
|
|t:|1728335557
|switch|p2a: Tyranitar|Tyranitar, M|100/100|[from] Baton Pass
|-damage|p2a: Tyranitar|88/100|[from] Spikes
|-weather|Sandstorm|[from] ability: Sand Stream|[of] p2a: Tyranitar
|move|p1a: Blissey|Soft-Boiled|p1a: Blissey
|-heal|p1a: Blissey|100/100
|
|-weather|Sandstorm|[upkeep]
|-damage|p1a: Blissey|94/100|[from] Sandstorm
|-heal|p1a: Blissey|100/100|[from] item: Leftovers
|upkeep
|turn|16
|
|t:|1728335564
|switch|p1a: Dugtrio|Dugtrio, M|100/100
|move|p2a: Tyranitar|Double-Edge|p1a: Dugtrio
|-damage|p1a: Dugtrio|0 fnt
|-damage|p2a: Tyranitar|68/100|[from] Recoil|[of] p1a: Dugtrio
|faint|p1a: Dugtrio
|
|t:|1728335573
|switch|p1a: Milotic|Milotic, F|100/100
|
|-weather|Sandstorm|[upkeep]
|-damage|p1a: Milotic|94/100|[from] Sandstorm
|-heal|p1a: Milotic|100/100|[from] item: Leftovers
|upkeep
|turn|17
|
|t:|1728335581
|switch|p2a: Gengar|Gengar, M|100/100
|move|p1a: Milotic|Surf|p2a: Gengar
|-damage|p2a: Gengar|59/100
|
|-weather|Sandstorm|[upkeep]
|-damage|p2a: Gengar|53/100|[from] Sandstorm
|-damage|p1a: Milotic|94/100|[from] Sandstorm
|-heal|p2a: Gengar|59/100|[from] item: Leftovers
|-heal|p1a: Milotic|100/100|[from] item: Leftovers
|upkeep
|turn|18
|
|t:|1728335585
|switch|p1a: Forretress|Forretress, F|78/100
|move|p2a: Gengar|Ice Punch|p1a: Forretress
|-resisted|p1a: Forretress
|-damage|p1a: Forretress|67/100
|
|-weather|Sandstorm|[upkeep]
|-damage|p2a: Gengar|53/100|[from] Sandstorm
|-heal|p2a: Gengar|59/100|[from] item: Leftovers
|-heal|p1a: Forretress|73/100|[from] item: Leftovers
|upkeep
|turn|19
|
|t:|1728335593
|switch|p2a: Moltres|Moltres|100/100
|move|p1a: Forretress|Zap Cannon|p2a: Moltres
|-supereffective|p2a: Moltres
|-damage|p2a: Moltres|69/100
|-status|p2a: Moltres|par
|
|-weather|Sandstorm|[upkeep]
|-damage|p2a: Moltres|63/100 par|[from] Sandstorm
|-heal|p1a: Forretress|79/100|[from] item: Leftovers
|-heal|p2a: Moltres|69/100 par|[from] item: Leftovers
|upkeep
|turn|20
|
|t:|1728335599
|switch|p1a: Blissey|Blissey, F|100/100
|move|p2a: Moltres|Will-O-Wisp|p1a: Blissey|[miss]
|-miss|p2a: Moltres|p1a: Blissey
|
|-weather|Sandstorm|[upkeep]
|-damage|p1a: Blissey|94/100|[from] Sandstorm
|-damage|p2a: Moltres|63/100 par|[from] Sandstorm
|-heal|p1a: Blissey|100/100|[from] item: Leftovers
|-heal|p2a: Moltres|69/100 par|[from] item: Leftovers
|upkeep
|turn|21
|
|t:|1728335605
|switch|p2a: Gengar|Gengar, M|59/100
|move|p1a: Blissey|Thunderbolt|p2a: Gengar
|-damage|p2a: Gengar|30/100
|
|-weather|Sandstorm|[upkeep]
|-damage|p2a: Gengar|24/100|[from] Sandstorm
|-damage|p1a: Blissey|94/100|[from] Sandstorm
|-heal|p2a: Gengar|30/100|[from] item: Leftovers
|-heal|p1a: Blissey|100/100|[from] item: Leftovers
|upkeep
|turn|22
|
|t:|1728335610
|switch|p1a: Forretress|Forretress, F|79/100
|move|p2a: Gengar|Explosion|p1a: Forretress
|-resisted|p1a: Forretress
|-damage|p1a: Forretress|52/100
|faint|p2a: Gengar
|
|t:|1728335615
|switch|p2a: Swampert|Swampert, F|73/100
|-damage|p2a: Swampert|61/100|[from] Spikes
|
|-weather|Sandstorm|[upkeep]
|-heal|p2a: Swampert|67/100|[from] item: Leftovers
|-heal|p1a: Forretress|58/100|[from] item: Leftovers
|upkeep
|turn|23
|
|t:|1728335618
|switch|p1a: Milotic|Milotic, F|100/100
|move|p2a: Swampert|Earthquake|p1a: Milotic
|-damage|p1a: Milotic|71/100
|
|-weather|Sandstorm|[upkeep]
|-damage|p1a: Milotic|65/100|[from] Sandstorm
|-heal|p2a: Swampert|73/100|[from] item: Leftovers
|-heal|p1a: Milotic|71/100|[from] item: Leftovers
|upkeep
|turn|24
|
|t:|1728335627
|move|p2a: Swampert|Earthquake|p1a: Milotic
|-damage|p1a: Milotic|46/100
|move|p1a: Milotic|Recover|p1a: Milotic
|-heal|p1a: Milotic|95/100
|
|-weather|Sandstorm|[upkeep]
|-damage|p1a: Milotic|89/100|[from] Sandstorm
|-heal|p2a: Swampert|79/100|[from] item: Leftovers
|-heal|p1a: Milotic|95/100|[from] item: Leftovers
|upkeep
|turn|25
|
|t:|1728335632
|move|p2a: Swampert|Earthquake|p1a: Milotic
|-damage|p1a: Milotic|66/100
|move|p1a: Milotic|Toxic|p2a: Swampert
|-status|p2a: Swampert|tox
|
|-weather|Sandstorm|[upkeep]
|-damage|p1a: Milotic|60/100|[from] Sandstorm
|-heal|p2a: Swampert|86/100 tox|[from] item: Leftovers
|-damage|p2a: Swampert|79/100 tox|[from] psn
|-heal|p1a: Milotic|66/100|[from] item: Leftovers
|upkeep
|turn|26
|
|t:|1728335640
|switch|p2a: Jolteon|Jolteon, M|26/100
|-damage|p2a: Jolteon|14/100|[from] Spikes
|move|p1a: Milotic|Recover|p1a: Milotic
|-heal|p1a: Milotic|100/100
|
|-weather|Sandstorm|[upkeep]
|-damage|p2a: Jolteon|8/100|[from] Sandstorm
|-damage|p1a: Milotic|94/100|[from] Sandstorm
|-heal|p2a: Jolteon|14/100|[from] item: Leftovers
|-heal|p1a: Milotic|100/100|[from] item: Leftovers
|upkeep
|turn|27
|
|t:|1728335644
|switch|p1a: Claydol|Claydol|41/100
|move|p2a: Jolteon|Thunderbolt|p1a: Claydol
|-immune|p1a: Claydol
|
|-weather|Sandstorm|[upkeep]
|-damage|p2a: Jolteon|8/100|[from] Sandstorm
|-heal|p2a: Jolteon|14/100|[from] item: Leftovers
|-heal|p1a: Claydol|47/100|[from] item: Leftovers
|upkeep
|turn|28
|
|t:|1728335648
|move|p2a: Jolteon|Hidden Power|p1a: Claydol
|-supereffective|p1a: Claydol
|-damage|p1a: Claydol|16/100
|move|p1a: Claydol|Earthquake|p2a: Jolteon
|-supereffective|p2a: Jolteon
|-damage|p2a: Jolteon|0 fnt
|faint|p2a: Jolteon
|
|t:|1728335658
|switch|p2a: Moltres|Moltres|69/100 par
|
|-weather|Sandstorm|[upkeep]
|-damage|p2a: Moltres|63/100 par|[from] Sandstorm
|-heal|p1a: Claydol|22/100|[from] item: Leftovers
|-heal|p2a: Moltres|69/100 par|[from] item: Leftovers
|upkeep
|turn|29
|
|t:|1728335669
|move|p1a: Claydol|Psychic|p2a: Moltres
|-damage|p2a: Moltres|43/100 par
|-unboost|p2a: Moltres|spd|1
|cant|p2a: Moltres|par
|
|-weather|Sandstorm|[upkeep]
|-damage|p2a: Moltres|37/100 par|[from] Sandstorm
|-heal|p1a: Claydol|28/100|[from] item: Leftovers
|-heal|p2a: Moltres|43/100 par|[from] item: Leftovers
|upkeep
|turn|30
|
|t:|1728335674
|move|p1a: Claydol|Psychic|p2a: Moltres
|-damage|p2a: Moltres|3/100 par
|move|p2a: Moltres|Flamethrower|p1a: Claydol
|-damage|p1a: Claydol|0 fnt
|faint|p1a: Claydol
|
|t:|1728335678
|switch|p1a: Milotic|Milotic, F|100/100
|
|-weather|Sandstorm|[upkeep]
|-damage|p1a: Milotic|94/100|[from] Sandstorm
|-damage|p2a: Moltres|0 fnt|[from] Sandstorm
|faint|p2a: Moltres
|-heal|p1a: Milotic|100/100|[from] item: Leftovers
|upkeep
|
|t:|1728335680
|switch|p2a: Tyranitar|Tyranitar, M|68/100
|-damage|p2a: Tyranitar|55/100|[from] Spikes
|turn|31
|
|t:|1728335685
|move|p2a: Tyranitar|Dragon Dance|p2a: Tyranitar
|-boost|p2a: Tyranitar|atk|1
|-boost|p2a: Tyranitar|spe|1
|move|p1a: Milotic|Surf|p2a: Tyranitar
|-supereffective|p2a: Tyranitar
|-damage|p2a: Tyranitar|0 fnt
|faint|p2a: Tyranitar
|
|t:|1728335689
|switch|p2a: Swampert|Swampert, F|79/100 tox
|-damage|p2a: Swampert|67/100 tox|[from] Spikes
|
|-weather|Sandstorm|[upkeep]
|-damage|p1a: Milotic|94/100|[from] Sandstorm
|-heal|p2a: Swampert|73/100 tox|[from] item: Leftovers
|-damage|p2a: Swampert|67/100 tox|[from] psn
|-heal|p1a: Milotic|100/100|[from] item: Leftovers
|upkeep
|turn|32
|c|☆caloominum|ggs
|
|t:|1728335698
|move|p2a: Swampert|Hydro Pump|p1a: Milotic|[miss]
|-miss|p2a: Swampert|p1a: Milotic
|move|p1a: Milotic|Surf|p2a: Swampert
|-damage|p2a: Swampert|25/100 tox
|
|-weather|Sandstorm|[upkeep]
|-damage|p1a: Milotic|94/100|[from] Sandstorm
|-heal|p2a: Swampert|32/100 tox|[from] item: Leftovers
|-damage|p2a: Swampert|19/100 tox|[from] psn
|-heal|p1a: Milotic|100/100|[from] item: Leftovers
|upkeep
|turn|33
|
|t:|1728335703
|-singleturn|p2a: Swampert|move: Focus Punch
|move|p1a: Milotic|Surf|p2a: Swampert
|-damage|p2a: Swampert|0 fnt
|faint|p2a: Swampert
|
|win|caloominum
|player|p2|

</script>
<script type="application/json" class="data" id="replaydata-smogtours-gen3ou-796245">
{"id":"smogtours-gen3ou-796245","format":"[Gen 3] OU","players":["caloominum","Xamvius"],"uploadtime":1728335703,"views":102,"formatid":"gen3ou","rating":null,"private":0,"password":null}
</script>

<script defer src="js/replays.js?9d40a366"></script>
