<!DOCTYPE html>
<meta charset="utf-8" />
<meta name="viewport" content="width=device-width" />

<title>[Gen 3] OU: icypatek vs. RodentCollector - Replays - Pok&eacute;mon Showdown!</title>

<meta name="description" content="Watch a replay of a Pok&eacute;mon battle between icypatek and RodentCollector! Format: [Gen 3] OU; Date: Oct 7, 2024" />
<!--

Hey, you! Looking in the source for the replay log?

You can find them in JSON format, just add `.json` at the end of a replay URL.

https://replay.pokemonshowdown.com/gen7randomdoublesbattle-865046831.json

Or, if you only need the log itself, add `.log` instead:

https://replay.pokemonshowdown.com/gen7randomdoublesbattle-865046831.log

-->

<link rel="stylesheet" href="//pokemonshowdown.com/style/global.css?0.023195364461161105" />
<link rel="stylesheet" href="//play.pokemonshowdown.com/style/font-awesome.css?0.13261647063804238" />
<link rel="stylesheet" href="//play.pokemonshowdown.com/style/battle.css?0.8753245789963631" />
<link rel="stylesheet" href="//play.pokemonshowdown.com/style/utilichart.css?0.8627959624976733" />

<!-- Global site tag (gtag.js) - Google Analytics -->
<script async src="https://www.googletagmanager.com/gtag/js?id=UA-26211653-1"></script>
<script>
  window.dataLayer = window.dataLayer || [];
  function gtag(){dataLayer.push(arguments);}
  gtag('js', new Date());

  gtag('config', 'UA-26211653-1');
</script>
<!-- End Google Analytics -->
<!-- Venatus Ad Manager - Install in <HEAD> of page -->
	<script src="https://hb.vntsm.com/v3/live/ad-manager.min.js" type="text/javascript" data-site-id="642aba63ec9a7b11c3c9c1be" data-mode="scan" async></script>
<!-- / Venatus Ad Manager -->

<style>
	@media (max-width:820px) {
		.battle {
			margin: 0 auto;
		}
		.battle-log {
			margin: 7px auto 0;
			max-width: 640px;
			height: 300px;
			position: static;
		}
	}
	.optgroup {
		display: inline-block;
		line-height: 22px;
		font-size: 10pt;
	}
	.optgroup .button {
		height: 25px;
		padding-top: 0;
		padding-bottom: 0;
	}
	.optgroup button.button {
		padding-left: 12px;
		padding-right: 12px;
	}
	.linklist {
		list-style: none;
		margin: 0.5em 0;
		padding: 0;
	}
	.linklist li {
		padding: 2px 0;
	}
	.sidebar {
		float: left;
		width: 320px;
	}
	.bar-wrapper {
		max-width: 1100px;
		margin: 0 auto;
	}
	.bar-wrapper.has-sidebar {
		max-width: 1430px;
	}
	.mainbar {
		margin: 0;
		padding-right: 1px;
	}
	.mainbar.has-sidebar {
		margin-left: 330px;
	}
	@media (min-width: 1511px) {
		.sidebar {
			width: 400px;
		}
		.bar-wrapper.has-sidebar {
			max-width: 1510px;
		}
		.mainbar.has-sidebar {
			margin-left: 410px;
		}
	}
	.section.first-section {
		margin-top: 9px;
	}
	.blocklink small {
		white-space: normal;
	}
	.button {
		vertical-align: middle;
	}
	.replay-controls {
		padding-top: 10px;
	}
	.replay-controls h1 {
		font-size: 16pt;
		font-weight: normal;
		color: #CCC;
	}
	.pagelink {
		text-align: center;
	}
	.pagelink a {
		width: 150px;
	}
	.textbox, .button {
		font-size: 11pt;
		vertical-align: middle;
	}
	@media (max-width: 450px) {
		.button {
			font-size: 9pt;
		}
	}
</style>

<div>

	<header>
		<div class="nav-wrapper"><ul class="nav">
			<li><a class="button nav-first" href="//pokemonshowdown.com/"><img src="//pokemonshowdown.com/images/pokemonshowdownbeta.png" srcset="//pokemonshowdown.com/images/pokemonshowdownbeta.png 1x, //pokemonshowdown.com/images/pokemonshowdownbeta@2x.png 2x" alt="Pok&eacute;mon Showdown" width="146" height="44" /> Home</a></li>
			<li><a class="button" href="//pokemonshowdown.com/dex/">Pok&eacute;dex</a></li>
			<li><a class="button cur" href="/">Replays</a></li>
			<li><a class="button" href="//pokemonshowdown.com/ladder/">Ladder</a></li>
			<li><a class="button nav-last" href="//pokemonshowdown.com/forums/">Forum</a></li>
			<li><a class="button greenbutton nav-first nav-last" href="//play.pokemonshowdown.com/">Play</a></li>
		</ul></div>
	</header>

	<div class="main" id="main">

		<noscript><section class="section">You need to enable JavaScript to use this page; sorry!</section></noscript>

	</div>

</div>

<script defer nomodule src="//play.pokemonshowdown.com/js/lib/ps-polyfill.js"></script>
<script defer src="//play.pokemonshowdown.com/js/lib/preact.min.js"></script>

<script defer src="//play.pokemonshowdown.com/config/config.js?2bddbc15"></script>
<script defer src="//play.pokemonshowdown.com/js/lib/jquery-1.11.0.min.js"></script>
<script defer src="//play.pokemonshowdown.com/js/lib/html-sanitizer-minified.js"></script>
<script defer src="//play.pokemonshowdown.com/js/battle-sound.js"></script>
<script defer src="//play.pokemonshowdown.com/js/battledata.js?0.7209276989879541"></script>
<script defer src="//play.pokemonshowdown.com/data/pokedex-mini.js?0.6111056340867951"></script>
<script defer src="//play.pokemonshowdown.com/data/pokedex-mini-bw.js?0.3532142036491459"></script>
<script defer src="//play.pokemonshowdown.com/data/graphics.js?0.24223875632456182"></script>
<script defer src="//play.pokemonshowdown.com/data/pokedex.js?0.38839984266356864"></script>
<script defer src="//play.pokemonshowdown.com/data/moves.js?0.21866028504024015"></script>
<script defer src="//play.pokemonshowdown.com/data/abilities.js?0.2005157953846628"></script>
<script defer src="//play.pokemonshowdown.com/data/items.js?0.9894211263848525"></script>
<script defer src="//play.pokemonshowdown.com/data/teambuilder-tables.js?0.6008791140282215"></script>
<script defer src="//play.pokemonshowdown.com/js/battle-tooltips.js?0.7580118955022959"></script>
<script defer src="//play.pokemonshowdown.com/js/battle.js?0.6057722274234274"></script>

<script defer src="js/utils.js?e31f9a17"></script>
<script defer src="js/replays-battle.js?7008c182"></script>

<!-- don't scrape this data! just add .json or .log after the URL!
Full API docs: https://github.com/smogon/pokemon-showdown-client/blob/master/WEB-API.md -->
<script type="text/plain" class="log" id="replaylog-smogtours-gen3ou-796158">
|inactive|Battle timer is ON: inactive players will automatically lose when time's up.
|t:|1728316878
|gametype|singles
|player|p1|icypatek|169|
|player|p2|RodentCollector|bugcatcher-gen4dp|
|teamsize|p1|6
|teamsize|p2|6
|gen|3
|tier|[Gen 3] OU
|rule|Sleep Clause Mod: Limit one foe put to sleep
|rule|Switch Priority Clause Mod: Faster Pokémon switch first
|rule|Species Clause: Limit one of each Pokémon
|rule|OHKO Clause: OHKO moves are banned
|rule|Evasion Items Clause: Evasion items are banned
|rule|Evasion Moves Clause: Evasion moves are banned
|rule|Endless Battle Clause: Forcing endless battles is banned
|rule|HP Percentage Mod: HP is shown in percentages
|rule|One Boost Passer Clause: Limit one Baton Passer that has a way to boost its stats
|rule|Freeze Clause Mod: Limit one foe frozen
|
|t:|1728316878
|start
|switch|p1a: Chama|Medicham, M|100/100
|switch|p2a: Metagross|Metagross|100/100
|turn|1
|c|☆RodentCollector|glhf
|c|☆icypatek|u2
|inactive|RodentCollector has 270 seconds left.
|
|t:|1728316910
|move|p1a: Chama|Brick Break|p2a: Metagross
|-damage|p2a: Metagross|58/100
|move|p2a: Metagross|Earthquake|p1a: Chama
|-crit|p1a: Chama
|-damage|p1a: Chama|0 fnt
|faint|p1a: Chama
|
|t:|1728316923
|switch|p1a: Sweet Pepper|Salamence, M|100/100
|-ability|p1a: Sweet Pepper|Intimidate|boost
|-fail|p2a: Metagross|unboost|[from] ability: Clear Body|[of] p2a: Metagross
|
|upkeep
|turn|2
|
|t:|1728316943
|switch|p2a: Starmie|Starmie|100/100
|move|p1a: Sweet Pepper|Earthquake|p2a: Starmie
|-crit|p2a: Starmie
|-damage|p2a: Starmie|37/100
|
|-heal|p2a: Starmie|43/100|[from] item: Leftovers
|upkeep
|turn|3
|
|t:|1728316954
|switch|p1a: Bouncing Betty|Metagross|100/100
|move|p2a: Starmie|Thunder Wave|p1a: Bouncing Betty
|-status|p1a: Bouncing Betty|par
|-enditem|p1a: Bouncing Betty|Lum Berry|[eat]
|-curestatus|p1a: Bouncing Betty|par|[msg]
|
|-heal|p2a: Starmie|50/100|[from] item: Leftovers
|upkeep
|turn|4
|
|t:|1728316971
|switch|p2a: Metagross|Metagross|58/100
|move|p1a: Bouncing Betty|Earthquake|p2a: Metagross
|-supereffective|p2a: Metagross
|-damage|p2a: Metagross|0 fnt
|faint|p2a: Metagross
|
|t:|1728316976
|switch|p2a: Charizard|Charizard, M|100/100
|
|upkeep
|turn|5
|
|t:|1728316987
|switch|p1a: Sweet Pepper|Salamence, M|100/100
|-ability|p1a: Sweet Pepper|Intimidate|boost
|-unboost|p2a: Charizard|atk|1
|move|p2a: Charizard|Substitute|p2a: Charizard
|-start|p2a: Charizard|Substitute
|-damage|p2a: Charizard|76/100
|
|-heal|p2a: Charizard|82/100|[from] item: Leftovers
|upkeep
|turn|6
|
|t:|1728316995
|move|p2a: Charizard|Fire Blast|p1a: Sweet Pepper
|-resisted|p1a: Sweet Pepper
|-damage|p1a: Sweet Pepper|65/100
|move|p1a: Sweet Pepper|Roar|p2a: Charizard
|drag|p2a: Snorlax|Snorlax, F|100/100
|
|-heal|p1a: Sweet Pepper|71/100|[from] item: Leftovers
|upkeep
|turn|7
|
|t:|1728317010
|-singleturn|p2a: Snorlax|move: Focus Punch
|switch|p1a: Bouncing Betty|Metagross|100/100
|move|p2a: Snorlax|Focus Punch|p1a: Bouncing Betty
|-damage|p1a: Bouncing Betty|64/100
|
|upkeep
|turn|8
|
|t:|1728317017
|switch|p2a: Charizard|Charizard, M|82/100
|move|p1a: Bouncing Betty|Agility|p1a: Bouncing Betty
|-boost|p1a: Bouncing Betty|spe|2
|
|-heal|p2a: Charizard|88/100|[from] item: Leftovers
|upkeep
|turn|9
|
|t:|1728317024
|move|p1a: Bouncing Betty|Explosion|p2a: Charizard
|-damage|p2a: Charizard|0 fnt
|faint|p1a: Bouncing Betty
|faint|p2a: Charizard
|
|t:|1728317035
|switch|p2a: Starmie|Starmie|50/100
|switch|p1a: Young Dolph|Gengar, M|100/100
|
|-heal|p2a: Starmie|56/100|[from] item: Leftovers
|upkeep
|turn|10
|
|t:|1728317049
|switch|p2a: Claydol|Claydol|100/100
|move|p1a: Young Dolph|Thunderbolt|p2a: Claydol
|-immune|p2a: Claydol
|
|upkeep
|turn|11
|
|t:|1728317054
|switch|p1a: Big Bank|Swampert, F|100/100
|move|p2a: Claydol|Shadow Ball|p1a: Big Bank
|-damage|p1a: Big Bank|84/100
|
|-heal|p1a: Big Bank|90/100|[from] item: Leftovers
|upkeep
|turn|12
|
|t:|1728317061
|switch|p2a: Snorlax|Snorlax, F|100/100
|move|p1a: Big Bank|Surf|p2a: Snorlax
|-damage|p2a: Snorlax|85/100
|
|-heal|p1a: Big Bank|97/100|[from] item: Leftovers
|-heal|p2a: Snorlax|91/100|[from] item: Leftovers
|upkeep
|turn|13
|
|t:|1728317069
|switch|p1a: Sweet Pepper|Salamence, M|71/100
|-ability|p1a: Sweet Pepper|Intimidate|boost
|-unboost|p2a: Snorlax|atk|1
|move|p2a: Snorlax|Body Slam|p1a: Sweet Pepper
|-damage|p1a: Sweet Pepper|39/100
|
|-heal|p1a: Sweet Pepper|45/100|[from] item: Leftovers
|-heal|p2a: Snorlax|97/100|[from] item: Leftovers
|upkeep
|turn|14
|
|t:|1728317076
|switch|p1a: Young Dolph|Gengar, M|100/100
|switch|p2a: Claydol|Claydol|100/100
|
|upkeep
|turn|15
|
|t:|1728317084
|move|p1a: Young Dolph|Ice Punch|p2a: Claydol
|-supereffective|p2a: Claydol
|-damage|p2a: Claydol|39/100
|-status|p2a: Claydol|frz
|-curestatus|p2a: Claydol|frz|[msg]
|move|p2a: Claydol|Shadow Ball|p1a: Young Dolph
|-supereffective|p1a: Young Dolph
|-damage|p1a: Young Dolph|31/100
|
|-heal|p1a: Young Dolph|37/100|[from] item: Leftovers
|-heal|p2a: Claydol|45/100|[from] item: Leftovers
|upkeep
|turn|16
|
|t:|1728317099
|switch|p2a: Snorlax|Snorlax, F|97/100
|move|p1a: Young Dolph|Hidden Power|p2a: Snorlax
|-crit|p2a: Snorlax
|-damage|p2a: Snorlax|70/100
|
|-heal|p1a: Young Dolph|43/100|[from] item: Leftovers
|-heal|p2a: Snorlax|76/100|[from] item: Leftovers
|upkeep
|turn|17
|
|t:|1728317104
|move|p1a: Young Dolph|Destiny Bond|p1a: Young Dolph
|-singlemove|p1a: Young Dolph|Destiny Bond
|move|p2a: Snorlax|Body Slam|p1a: Young Dolph
|-immune|p1a: Young Dolph
|
|-heal|p1a: Young Dolph|49/100|[from] item: Leftovers
|-heal|p2a: Snorlax|82/100|[from] item: Leftovers
|upkeep
|turn|18
|
|t:|1728317108
|move|p1a: Young Dolph|Destiny Bond|p1a: Young Dolph
|-singlemove|p1a: Young Dolph|Destiny Bond
|move|p2a: Snorlax|Shadow Ball|p1a: Young Dolph
|-supereffective|p1a: Young Dolph
|-damage|p1a: Young Dolph|0 fnt
|faint|p1a: Young Dolph
|-activate|p1a: Young Dolph|move: Destiny Bond
|faint|p2a: Snorlax
|
|t:|1728317117
|switch|p1a: Big Bank|Swampert, F|97/100
|switch|p2a: Claydol|Claydol|45/100
|
|-heal|p2a: Claydol|51/100|[from] item: Leftovers
|-heal|p1a: Big Bank|100/100|[from] item: Leftovers
|upkeep
|turn|19
|
|t:|1728317121
|move|p2a: Claydol|Explosion|p1a: Big Bank
|-damage|p1a: Big Bank|0 fnt
|faint|p2a: Claydol
|faint|p1a: Big Bank
|
|t:|1728317130
|switch|p2a: Starmie|Starmie|56/100
|switch|p1a: Amaterasu|Jirachi|100/100
|
|-heal|p2a: Starmie|62/100|[from] item: Leftovers
|upkeep
|turn|20
|
|t:|1728317155
|move|p2a: Starmie|Thunder Wave|p1a: Amaterasu
|-status|p1a: Amaterasu|par
|move|p1a: Amaterasu|Calm Mind|p1a: Amaterasu
|-boost|p1a: Amaterasu|spa|1
|-boost|p1a: Amaterasu|spd|1
|
|-heal|p2a: Starmie|68/100|[from] item: Leftovers
|upkeep
|turn|21
|
|t:|1728317161
|switch|p2a: Tyranitar|Tyranitar, M|100/100
|-weather|Sandstorm|[from] ability: Sand Stream|[of] p2a: Tyranitar
|move|p1a: Amaterasu|Substitute|p1a: Amaterasu
|-start|p1a: Amaterasu|Substitute
|-damage|p1a: Amaterasu|75/100 par
|
|-weather|Sandstorm|[upkeep]
|-heal|p1a: Amaterasu|82/100 par|[from] item: Leftovers
|upkeep
|turn|22
|
|t:|1728317167
|move|p2a: Tyranitar|Dragon Dance|p2a: Tyranitar
|-boost|p2a: Tyranitar|atk|1
|-boost|p2a: Tyranitar|spe|1
|cant|p1a: Amaterasu|par
|
|-weather|Sandstorm|[upkeep]
|-heal|p1a: Amaterasu|88/100 par|[from] item: Leftovers
|upkeep
|turn|23
|
|t:|1728317172
|move|p2a: Tyranitar|Earthquake|p1a: Amaterasu
|-supereffective|p1a: Amaterasu
|-end|p1a: Amaterasu|Substitute
|move|p1a: Amaterasu|Fire Punch|p2a: Tyranitar
|-resisted|p2a: Tyranitar
|-damage|p2a: Tyranitar|90/100
|
|-weather|Sandstorm|[upkeep]
|-heal|p2a: Tyranitar|96/100|[from] item: Leftovers
|-heal|p1a: Amaterasu|94/100 par|[from] item: Leftovers
|upkeep
|turn|24
|
|t:|1728317177
|switch|p1a: Sweet Pepper|Salamence, M|45/100
|-ability|p1a: Sweet Pepper|Intimidate|boost
|-unboost|p2a: Tyranitar|atk|1
|move|p2a: Tyranitar|Earthquake|p1a: Sweet Pepper
|-immune|p1a: Sweet Pepper
|
|-weather|Sandstorm|[upkeep]
|-damage|p1a: Sweet Pepper|39/100|[from] Sandstorm
|-heal|p2a: Tyranitar|100/100|[from] item: Leftovers
|-heal|p1a: Sweet Pepper|45/100|[from] item: Leftovers
|upkeep
|turn|25
|
|t:|1728317180
|move|p2a: Tyranitar|Rock Slide|p1a: Sweet Pepper|[miss]
|-miss|p2a: Tyranitar|p1a: Sweet Pepper
|move|p1a: Sweet Pepper|Earthquake|p2a: Tyranitar
|-supereffective|p2a: Tyranitar
|-damage|p2a: Tyranitar|51/100
|
|-weather|Sandstorm|[upkeep]
|-damage|p1a: Sweet Pepper|39/100|[from] Sandstorm
|-heal|p2a: Tyranitar|58/100|[from] item: Leftovers
|-heal|p1a: Sweet Pepper|45/100|[from] item: Leftovers
|upkeep
|turn|26
|
|t:|1728317184
|switch|p1a: Amaterasu|Jirachi|94/100 par
|move|p2a: Tyranitar|Rock Slide|p1a: Amaterasu
|-resisted|p1a: Amaterasu
|-damage|p1a: Amaterasu|78/100 par
|
|-weather|Sandstorm|[upkeep]
|-heal|p2a: Tyranitar|64/100|[from] item: Leftovers
|-heal|p1a: Amaterasu|85/100 par|[from] item: Leftovers
|upkeep
|turn|27
|
|t:|1728317189
|switch|p1a: Sweet Pepper|Salamence, M|45/100
|-ability|p1a: Sweet Pepper|Intimidate|boost
|-unboost|p2a: Tyranitar|atk|1
|move|p2a: Tyranitar|Earthquake|p1a: Sweet Pepper
|-immune|p1a: Sweet Pepper
|
|-weather|Sandstorm|[upkeep]
|-damage|p1a: Sweet Pepper|39/100|[from] Sandstorm
|-heal|p2a: Tyranitar|70/100|[from] item: Leftovers
|-heal|p1a: Sweet Pepper|45/100|[from] item: Leftovers
|upkeep
|turn|28
|
|t:|1728317191
|move|p2a: Tyranitar|Rock Slide|p1a: Sweet Pepper
|-supereffective|p1a: Sweet Pepper
|-damage|p1a: Sweet Pepper|0 fnt
|faint|p1a: Sweet Pepper
|
|t:|1728317194
|switch|p1a: Amaterasu|Jirachi|85/100 par
|
|-weather|Sandstorm|[upkeep]
|-heal|p2a: Tyranitar|76/100|[from] item: Leftovers
|-heal|p1a: Amaterasu|91/100 par|[from] item: Leftovers
|upkeep
|turn|29
|
|t:|1728317197
|move|p2a: Tyranitar|Dragon Dance|p2a: Tyranitar
|-boost|p2a: Tyranitar|atk|1
|-boost|p2a: Tyranitar|spe|1
|move|p1a: Amaterasu|Fire Punch|p2a: Tyranitar
|-resisted|p2a: Tyranitar
|-damage|p2a: Tyranitar|69/100
|-status|p2a: Tyranitar|brn
|
|-weather|Sandstorm|[upkeep]
|-heal|p2a: Tyranitar|75/100 brn|[from] item: Leftovers
|-damage|p2a: Tyranitar|63/100 brn|[from] brn
|-heal|p1a: Amaterasu|97/100 par|[from] item: Leftovers
|upkeep
|turn|30
|
|t:|1728317204
|move|p2a: Tyranitar|Dragon Dance|p2a: Tyranitar
|-boost|p2a: Tyranitar|atk|1
|-boost|p2a: Tyranitar|spe|1
|move|p1a: Amaterasu|Substitute|p1a: Amaterasu
|-start|p1a: Amaterasu|Substitute
|-damage|p1a: Amaterasu|72/100 par
|
|-weather|Sandstorm|[upkeep]
|-heal|p2a: Tyranitar|69/100 brn|[from] item: Leftovers
|-damage|p2a: Tyranitar|57/100 brn|[from] brn
|-heal|p1a: Amaterasu|78/100 par|[from] item: Leftovers
|upkeep
|turn|31
|
|t:|1728317209
|move|p2a: Tyranitar|Earthquake|p1a: Amaterasu
|-supereffective|p1a: Amaterasu
|-end|p1a: Amaterasu|Substitute
|cant|p1a: Amaterasu|par
|
|-weather|Sandstorm|[upkeep]
|-heal|p2a: Tyranitar|63/100 brn|[from] item: Leftovers
|-damage|p2a: Tyranitar|50/100 brn|[from] brn
|-heal|p1a: Amaterasu|84/100 par|[from] item: Leftovers
|upkeep
|turn|32
|
|t:|1728317214
|move|p2a: Tyranitar|Earthquake|p1a: Amaterasu
|-supereffective|p1a: Amaterasu
|-damage|p1a: Amaterasu|39/100 par
|cant|p1a: Amaterasu|par
|
|-weather|Sandstorm|[upkeep]
|-heal|p2a: Tyranitar|57/100 brn|[from] item: Leftovers
|-damage|p2a: Tyranitar|44/100 brn|[from] brn
|-heal|p1a: Amaterasu|45/100 par|[from] item: Leftovers
|upkeep
|turn|33
|
|t:|1728317218
|move|p2a: Tyranitar|Earthquake|p1a: Amaterasu
|-supereffective|p1a: Amaterasu
|-damage|p1a: Amaterasu|1/100 par
|move|p1a: Amaterasu|Fire Punch|p2a: Tyranitar
|-resisted|p2a: Tyranitar
|-damage|p2a: Tyranitar|37/100 brn
|
|-weather|Sandstorm|[upkeep]
|-heal|p2a: Tyranitar|43/100 brn|[from] item: Leftovers
|-damage|p2a: Tyranitar|31/100 brn|[from] brn
|-heal|p1a: Amaterasu|8/100 par|[from] item: Leftovers
|upkeep
|turn|34
|
|t:|1728317221
|move|p2a: Tyranitar|Earthquake|p1a: Amaterasu
|-supereffective|p1a: Amaterasu
|-damage|p1a: Amaterasu|0 fnt
|faint|p1a: Amaterasu
|
|win|RodentCollector
|c|☆icypatek|ggs
|c|☆RodentCollector|ggs

</script>
<script type="application/json" class="data" id="replaydata-smogtours-gen3ou-796158">
{"id":"smogtours-gen3ou-796158","format":"[Gen 3] OU","players":["icypatek","RodentCollector"],"uploadtime":1728317221,"views":105,"formatid":"gen3ou","rating":null,"private":0,"password":null}
</script>

<script defer src="js/replays.js?9d40a366"></script>
