<!DOCTYPE html>
<meta charset="utf-8" />
<meta name="viewport" content="width=device-width" />

<title>[Gen 3] OU: antantantantant vs. kittencel - Replays - Pok&eacute;mon Showdown!</title>

<meta name="description" content="Watch a replay of a Pok&eacute;mon battle between antantantantant and kittencel! Format: [Gen 3] OU; Date: Oct 23, 2024" />
<!--

Hey, you! Looking in the source for the replay log?

You can find them in JSON format, just add `.json` at the end of a replay URL.

https://replay.pokemonshowdown.com/gen7randomdoublesbattle-865046831.json

Or, if you only need the log itself, add `.log` instead:

https://replay.pokemonshowdown.com/gen7randomdoublesbattle-865046831.log

-->

<link rel="stylesheet" href="//pokemonshowdown.com/style/global.css?0.023195364461161105" />
<link rel="stylesheet" href="//play.pokemonshowdown.com/style/font-awesome.css?0.13261647063804238" />
<link rel="stylesheet" href="//play.pokemonshowdown.com/style/battle.css?0.8753245789963631" />
<link rel="stylesheet" href="//play.pokemonshowdown.com/style/utilichart.css?0.8627959624976733" />

<!-- Global site tag (gtag.js) - Google Analytics -->
<script async src="https://www.googletagmanager.com/gtag/js?id=UA-26211653-1"></script>
<script>
  window.dataLayer = window.dataLayer || [];
  function gtag(){dataLayer.push(arguments);}
  gtag('js', new Date());

  gtag('config', 'UA-26211653-1');
</script>
<!-- End Google Analytics -->
<!-- Venatus Ad Manager - Install in <HEAD> of page -->
	<script src="https://hb.vntsm.com/v3/live/ad-manager.min.js" type="text/javascript" data-site-id="642aba63ec9a7b11c3c9c1be" data-mode="scan" async></script>
<!-- / Venatus Ad Manager -->

<style>
	@media (max-width:820px) {
		.battle {
			margin: 0 auto;
		}
		.battle-log {
			margin: 7px auto 0;
			max-width: 640px;
			height: 300px;
			position: static;
		}
	}
	.optgroup {
		display: inline-block;
		line-height: 22px;
		font-size: 10pt;
	}
	.optgroup .button {
		height: 25px;
		padding-top: 0;
		padding-bottom: 0;
	}
	.optgroup button.button {
		padding-left: 12px;
		padding-right: 12px;
	}
	.linklist {
		list-style: none;
		margin: 0.5em 0;
		padding: 0;
	}
	.linklist li {
		padding: 2px 0;
	}
	.sidebar {
		float: left;
		width: 320px;
	}
	.bar-wrapper {
		max-width: 1100px;
		margin: 0 auto;
	}
	.bar-wrapper.has-sidebar {
		max-width: 1430px;
	}
	.mainbar {
		margin: 0;
		padding-right: 1px;
	}
	.mainbar.has-sidebar {
		margin-left: 330px;
	}
	@media (min-width: 1511px) {
		.sidebar {
			width: 400px;
		}
		.bar-wrapper.has-sidebar {
			max-width: 1510px;
		}
		.mainbar.has-sidebar {
			margin-left: 410px;
		}
	}
	.section.first-section {
		margin-top: 9px;
	}
	.blocklink small {
		white-space: normal;
	}
	.button {
		vertical-align: middle;
	}
	.replay-controls {
		padding-top: 10px;
	}
	.replay-controls h1 {
		font-size: 16pt;
		font-weight: normal;
		color: #CCC;
	}
	.pagelink {
		text-align: center;
	}
	.pagelink a {
		width: 150px;
	}
	.textbox, .button {
		font-size: 11pt;
		vertical-align: middle;
	}
	@media (max-width: 450px) {
		.button {
			font-size: 9pt;
		}
	}
</style>

<div>

	<header>
		<div class="nav-wrapper"><ul class="nav">
			<li><a class="button nav-first" href="//pokemonshowdown.com/"><img src="//pokemonshowdown.com/images/pokemonshowdownbeta.png" srcset="//pokemonshowdown.com/images/pokemonshowdownbeta.png 1x, //pokemonshowdown.com/images/pokemonshowdownbeta@2x.png 2x" alt="Pok&eacute;mon Showdown" width="146" height="44" /> Home</a></li>
			<li><a class="button" href="//pokemonshowdown.com/dex/">Pok&eacute;dex</a></li>
			<li><a class="button cur" href="/">Replays</a></li>
			<li><a class="button" href="//pokemonshowdown.com/ladder/">Ladder</a></li>
			<li><a class="button nav-last" href="//pokemonshowdown.com/forums/">Forum</a></li>
			<li><a class="button greenbutton nav-first nav-last" href="//play.pokemonshowdown.com/">Play</a></li>
		</ul></div>
	</header>

	<div class="main" id="main">

		<noscript><section class="section">You need to enable JavaScript to use this page; sorry!</section></noscript>

	</div>

</div>

<script defer nomodule src="//play.pokemonshowdown.com/js/lib/ps-polyfill.js"></script>
<script defer src="//play.pokemonshowdown.com/js/lib/preact.min.js"></script>

<script defer src="//play.pokemonshowdown.com/config/config.js?2bddbc15"></script>
<script defer src="//play.pokemonshowdown.com/js/lib/jquery-1.11.0.min.js"></script>
<script defer src="//play.pokemonshowdown.com/js/lib/html-sanitizer-minified.js"></script>
<script defer src="//play.pokemonshowdown.com/js/battle-sound.js"></script>
<script defer src="//play.pokemonshowdown.com/js/battledata.js?0.7209276989879541"></script>
<script defer src="//play.pokemonshowdown.com/data/pokedex-mini.js?0.6111056340867951"></script>
<script defer src="//play.pokemonshowdown.com/data/pokedex-mini-bw.js?0.3532142036491459"></script>
<script defer src="//play.pokemonshowdown.com/data/graphics.js?0.24223875632456182"></script>
<script defer src="//play.pokemonshowdown.com/data/pokedex.js?0.38839984266356864"></script>
<script defer src="//play.pokemonshowdown.com/data/moves.js?0.21866028504024015"></script>
<script defer src="//play.pokemonshowdown.com/data/abilities.js?0.2005157953846628"></script>
<script defer src="//play.pokemonshowdown.com/data/items.js?0.9894211263848525"></script>
<script defer src="//play.pokemonshowdown.com/data/teambuilder-tables.js?0.6008791140282215"></script>
<script defer src="//play.pokemonshowdown.com/js/battle-tooltips.js?0.7580118955022959"></script>
<script defer src="//play.pokemonshowdown.com/js/battle.js?0.6057722274234274"></script>

<script defer src="js/utils.js?e31f9a17"></script>
<script defer src="js/replays-battle.js?7008c182"></script>

<!-- don't scrape this data! just add .json or .log after the URL!
Full API docs: https://github.com/smogon/pokemon-showdown-client/blob/master/WEB-API.md -->
<script type="text/plain" class="log" id="replaylog-smogtours-gen3ou-801332">
|inactive|Battle timer is ON: inactive players will automatically lose when time's up.
|t:|1729647951
|gametype|singles
|player|p1|antantantantant|1|
|player|p2|kittencel|lady|
|teamsize|p1|6
|teamsize|p2|6
|gen|3
|tier|[Gen 3] OU
|rule|Sleep Clause Mod: Limit one foe put to sleep
|rule|Switch Priority Clause Mod: Faster Pokémon switch first
|rule|Species Clause: Limit one of each Pokémon
|rule|OHKO Clause: OHKO moves are banned
|rule|Evasion Items Clause: Evasion items are banned
|rule|Evasion Moves Clause: Evasion moves are banned
|rule|Endless Battle Clause: Forcing endless battles is banned
|rule|HP Percentage Mod: HP is shown in percentages
|rule|One Boost Passer Clause: Limit one Baton Passer that has a way to boost its stats
|rule|Freeze Clause Mod: Limit one foe frozen
|
|t:|1729647951
|start
|switch|p1a: Metagross|Metagross, shiny|100/100
|switch|p2a: TyranoCIS|Tyranitar, M, shiny|100/100
|-weather|Sandstorm|[from] ability: Sand Stream|[of] p2a: TyranoCIS
|turn|1
|c|☆antantantantant|glhf
|c|☆kittencel|glhf
|
|t:|1729647960
|switch|p2a: girls gays & zard|Charizard, M, shiny|100/100
|move|p1a: Metagross|Meteor Mash|p2a: girls gays & zard
|-resisted|p2a: girls gays & zard
|-damage|p2a: girls gays & zard|40/100
|-boost|p1a: Metagross|atk|1
|
|-weather|Sandstorm|[upkeep]
|-damage|p2a: girls gays & zard|34/100|[from] Sandstorm
|-heal|p2a: girls gays & zard|40/100|[from] item: Leftovers
|upkeep
|turn|2
|
|t:|1729647980
|switch|p2a: StupidBallThatIH8|Forretress, M|100/100
|switch|p1a: Tyranitar|Tyranitar, M|100/100
|
|-weather|Sandstorm|[upkeep]
|upkeep
|turn|3
|
|t:|1729647989
|switch|p2a: hax = hate women|Milotic, F, shiny|100/100
|move|p1a: Tyranitar|Rock Slide|p2a: hax = hate women
|-damage|p2a: hax = hate women|51/100
|
|-weather|Sandstorm|[upkeep]
|-damage|p2a: hax = hate women|45/100|[from] Sandstorm
|-heal|p2a: hax = hate women|51/100|[from] item: Leftovers
|upkeep
|turn|4
|inactive|antantantantant has 270 seconds left.
|
|t:|1729648020
|move|p2a: hax = hate women|Recover|p2a: hax = hate women
|-heal|p2a: hax = hate women|100/100
|move|p1a: Tyranitar|Rock Slide|p2a: hax = hate women
|-crit|p2a: hax = hate women
|-damage|p2a: hax = hate women|9/100
|
|-weather|Sandstorm|[upkeep]
|-damage|p2a: hax = hate women|3/100|[from] Sandstorm
|-heal|p2a: hax = hate women|9/100|[from] item: Leftovers
|upkeep
|turn|5
|inactive|antantantantant has 270 seconds left.
|
|t:|1729648033
|move|p2a: hax = hate women|Recover|p2a: hax = hate women
|-heal|p2a: hax = hate women|59/100
|move|p1a: Tyranitar|Rock Slide|p2a: hax = hate women
|-damage|p2a: hax = hate women|9/100
|
|-weather|Sandstorm|[upkeep]
|-damage|p2a: hax = hate women|3/100|[from] Sandstorm
|-heal|p2a: hax = hate women|9/100|[from] item: Leftovers
|upkeep
|turn|6
|inactive|antantantantant has 270 seconds left.
|
|t:|1729648043
|move|p2a: hax = hate women|Surf|p1a: Tyranitar
|-supereffective|p1a: Tyranitar
|-damage|p1a: Tyranitar|42/100
|move|p1a: Tyranitar|Rock Slide|p2a: hax = hate women
|-damage|p2a: hax = hate women|0 fnt
|faint|p2a: hax = hate women
|
|t:|1729648045
|switch|p2a: StupidBallThatIH8|Forretress, M|100/100
|
|-weather|Sandstorm|[upkeep]
|upkeep
|turn|7
|
|t:|1729648050
|move|p1a: Tyranitar|Rock Slide|p2a: StupidBallThatIH8
|-damage|p2a: StupidBallThatIH8|53/100
|move|p2a: StupidBallThatIH8|Spikes|p1a: Tyranitar
|-sidestart|p1: antantantantant|Spikes
|
|-weather|Sandstorm|[upkeep]
|-heal|p2a: StupidBallThatIH8|59/100|[from] item: Leftovers
|upkeep
|turn|8
|
|t:|1729648057
|switch|p2a: the SIRE|Quagsire, M|100/100
|move|p1a: Tyranitar|Rock Slide|p2a: the SIRE
|-resisted|p2a: the SIRE
|-damage|p2a: the SIRE|77/100
|
|-weather|Sandstorm|[upkeep]
|-heal|p2a: the SIRE|83/100|[from] item: Leftovers
|upkeep
|turn|9
|
|t:|1729648070
|switch|p1a: Claydol|Claydol|100/100
|move|p2a: the SIRE|Ice Beam|p1a: Claydol
|-supereffective|p1a: Claydol
|-damage|p1a: Claydol|70/100
|
|-weather|Sandstorm|[upkeep]
|-heal|p1a: Claydol|76/100|[from] item: Leftovers
|-heal|p2a: the SIRE|89/100|[from] item: Leftovers
|upkeep
|turn|10
|
|t:|1729648077
|switch|p2a: girls gays & zard|Charizard, M, shiny|40/100
|move|p1a: Claydol|Rapid Spin|p2a: girls gays & zard
|-damage|p2a: girls gays & zard|33/100
|-sideend|p1: antantantantant|Spikes|[from] move: Rapid Spin|[of] p1a: Claydol
|
|-weather|Sandstorm|[upkeep]
|-damage|p2a: girls gays & zard|27/100|[from] Sandstorm
|-heal|p2a: girls gays & zard|33/100|[from] item: Leftovers
|-heal|p1a: Claydol|82/100|[from] item: Leftovers
|upkeep
|turn|11
|
|t:|1729648085
|move|p2a: girls gays & zard|Fire Blast|p1a: Claydol
|-crit|p1a: Claydol
|-damage|p1a: Claydol|0 fnt
|faint|p1a: Claydol
|
|t:|1729648097
|switch|p1a: Aerodactyl|Aerodactyl, F|100/100
|
|-weather|Sandstorm|[upkeep]
|-damage|p2a: girls gays & zard|27/100|[from] Sandstorm
|-heal|p2a: girls gays & zard|33/100|[from] item: Leftovers
|upkeep
|turn|12
|
|t:|1729648110
|switch|p2a: StupidBallThatIH8|Forretress, M|59/100
|move|p1a: Aerodactyl|Double-Edge|p2a: StupidBallThatIH8
|-resisted|p2a: StupidBallThatIH8
|-damage|p2a: StupidBallThatIH8|41/100
|
|-weather|Sandstorm|[upkeep]
|-heal|p2a: StupidBallThatIH8|47/100|[from] item: Leftovers
|upkeep
|turn|13
|
|t:|1729648116
|switch|p1a: Swampert|Swampert, F|100/100
|move|p2a: StupidBallThatIH8|Spikes|p1a: Swampert
|-sidestart|p1: antantantantant|Spikes
|
|-weather|Sandstorm|[upkeep]
|-heal|p2a: StupidBallThatIH8|53/100|[from] item: Leftovers
|upkeep
|turn|14
|
|t:|1729648127
|switch|p2a: the SIRE|Quagsire, M|89/100
|move|p1a: Swampert|Earthquake|p2a: the SIRE
|-damage|p2a: the SIRE|62/100
|
|-weather|Sandstorm|[upkeep]
|-heal|p2a: the SIRE|68/100|[from] item: Leftovers
|upkeep
|turn|15
|
|t:|1729648136
|switch|p1a: Gengar|Gengar, F, shiny|100/100
|move|p2a: the SIRE|Curse|p2a: the SIRE
|-unboost|p2a: the SIRE|spe|1
|-boost|p2a: the SIRE|atk|1
|-boost|p2a: the SIRE|def|1
|
|-weather|Sandstorm|[upkeep]
|-damage|p1a: Gengar|94/100|[from] Sandstorm
|-heal|p1a: Gengar|100/100|[from] item: Leftovers
|-heal|p2a: the SIRE|74/100|[from] item: Leftovers
|upkeep
|turn|16
|inactive|antantantantant has 270 seconds left.
|inactive|kittencel has 270 seconds left.
|inactive|antantantantant has 240 seconds left.
|
|t:|1729648207
|move|p1a: Gengar|Giga Drain|p2a: the SIRE
|-supereffective|p2a: the SIRE
|-damage|p2a: the SIRE|0 fnt
|faint|p2a: the SIRE
|
|t:|1729648210
|switch|p2a: TyranoCIS|Tyranitar, M, shiny|100/100
|
|-weather|Sandstorm|[upkeep]
|-damage|p1a: Gengar|94/100|[from] Sandstorm
|-heal|p1a: Gengar|100/100|[from] item: Leftovers
|upkeep
|turn|17
|inactive|antantantantant has 240 seconds left.
|
|t:|1729648225
|move|p1a: Gengar|Giga Drain|p2a: TyranoCIS
|-supereffective|p2a: TyranoCIS
|-damage|p2a: TyranoCIS|61/100
|move|p2a: TyranoCIS|Pursuit|p1a: Gengar
|-supereffective|p1a: Gengar
|-damage|p1a: Gengar|46/100
|
|-weather|Sandstorm|[upkeep]
|-damage|p1a: Gengar|40/100|[from] Sandstorm
|-heal|p1a: Gengar|46/100|[from] item: Leftovers
|-heal|p2a: TyranoCIS|67/100|[from] item: Leftovers
|upkeep
|turn|18
|
|t:|1729648233
|move|p1a: Gengar|Giga Drain|p2a: TyranoCIS
|-supereffective|p2a: TyranoCIS
|-damage|p2a: TyranoCIS|28/100
|-heal|p1a: Gengar|73/100|[from] drain|[of] p2a: TyranoCIS
|move|p2a: TyranoCIS|Crunch|p1a: Gengar
|-supereffective|p1a: Gengar
|-damage|p1a: Gengar|0 fnt
|faint|p1a: Gengar
|inactive|antantantantant has 240 seconds left.
|
|t:|1729648257
|switch|p1a: Metagross|Metagross, shiny|100/100
|-damage|p1a: Metagross|88/100|[from] Spikes
|
|-weather|Sandstorm|[upkeep]
|-heal|p2a: TyranoCIS|34/100|[from] item: Leftovers
|upkeep
|turn|19
|
|t:|1729648263
|move|p1a: Metagross|Meteor Mash|p2a: TyranoCIS
|-supereffective|p2a: TyranoCIS
|-damage|p2a: TyranoCIS|0 fnt
|faint|p2a: TyranoCIS
|
|t:|1729648265
|switch|p2a: girls gays & zard|Charizard, M, shiny|33/100
|
|-weather|Sandstorm|[upkeep]
|-damage|p2a: girls gays & zard|27/100|[from] Sandstorm
|-heal|p2a: girls gays & zard|33/100|[from] item: Leftovers
|upkeep
|turn|20
|
|t:|1729648271
|switch|p1a: Tyranitar|Tyranitar, M|42/100
|-damage|p1a: Tyranitar|30/100|[from] Spikes
|move|p2a: girls gays & zard|Fire Blast|p1a: Tyranitar|[miss]
|-miss|p2a: girls gays & zard|p1a: Tyranitar
|
|-weather|Sandstorm|[upkeep]
|-damage|p2a: girls gays & zard|27/100|[from] Sandstorm
|-heal|p2a: girls gays & zard|33/100|[from] item: Leftovers
|upkeep
|turn|21
|
|t:|1729648275
|move|p2a: girls gays & zard|Hidden Power|p1a: Tyranitar
|-supereffective|p1a: Tyranitar
|-damage|p1a: Tyranitar|0 fnt
|faint|p1a: Tyranitar
|
|t:|1729648278
|switch|p1a: Aerodactyl|Aerodactyl, F|100/100
|
|-weather|Sandstorm|[upkeep]
|-damage|p2a: girls gays & zard|27/100|[from] Sandstorm
|-heal|p2a: girls gays & zard|33/100|[from] item: Leftovers
|upkeep
|turn|22
|inactive|antantantantant has 270 seconds left.
|inactive|kittencel has 270 seconds left.
|
|t:|1729648321
|switch|p2a: StupidBallThatIH8|Forretress, M|53/100
|move|p1a: Aerodactyl|Double-Edge|p2a: StupidBallThatIH8
|-resisted|p2a: StupidBallThatIH8
|-damage|p2a: StupidBallThatIH8|33/100
|
|-weather|Sandstorm|[upkeep]
|-heal|p2a: StupidBallThatIH8|39/100|[from] item: Leftovers
|upkeep
|turn|23
|
|t:|1729648326
|switch|p1a: Swampert|Swampert, F|100/100
|-damage|p1a: Swampert|88/100|[from] Spikes
|switch|p2a: girls gays & zard|Charizard, M, shiny|33/100
|
|-weather|Sandstorm|[upkeep]
|-damage|p2a: girls gays & zard|27/100|[from] Sandstorm
|-heal|p2a: girls gays & zard|33/100|[from] item: Leftovers
|-heal|p1a: Swampert|94/100|[from] item: Leftovers
|upkeep
|turn|24
|
|t:|1729648337
|move|p2a: girls gays & zard|Hidden Power|p1a: Swampert
|-supereffective|p1a: Swampert
|-damage|p1a: Swampert|16/100
|move|p1a: Swampert|Ice Beam|p2a: girls gays & zard
|-damage|p2a: girls gays & zard|3/100
|
|-weather|Sandstorm|[upkeep]
|-damage|p2a: girls gays & zard|0 fnt|[from] Sandstorm
|faint|p2a: girls gays & zard
|-heal|p1a: Swampert|22/100|[from] item: Leftovers
|upkeep
|
|t:|1729648342
|switch|p2a: fujoshing out!|Blissey, F|100/100
|turn|25
|
|t:|1729648348
|move|p2a: fujoshing out!|Ice Beam|p1a: Swampert
|-damage|p1a: Swampert|0 fnt
|faint|p1a: Swampert
|
|t:|1729648352
|switch|p1a: Metagross|Metagross, shiny|88/100
|-damage|p1a: Metagross|76/100|[from] Spikes
|
|-weather|Sandstorm|[upkeep]
|-damage|p2a: fujoshing out!|94/100|[from] Sandstorm
|-heal|p2a: fujoshing out!|100/100|[from] item: Leftovers
|upkeep
|turn|26
|
|t:|1729648366
|switch|p2a: StupidBallThatIH8|Forretress, M|39/100
|move|p1a: Metagross|Meteor Mash|p2a: StupidBallThatIH8
|-resisted|p2a: StupidBallThatIH8
|-damage|p2a: StupidBallThatIH8|9/100
|-boost|p1a: Metagross|atk|1
|
|-weather|Sandstorm|[upkeep]
|-heal|p2a: StupidBallThatIH8|16/100|[from] item: Leftovers
|upkeep
|turn|27
|
|t:|1729648371
|move|p1a: Metagross|Meteor Mash|p2a: StupidBallThatIH8
|-resisted|p2a: StupidBallThatIH8
|-crit|p2a: StupidBallThatIH8
|-damage|p2a: StupidBallThatIH8|0 fnt
|faint|p2a: StupidBallThatIH8
|
|t:|1729648373
|switch|p2a: fujoshing out!|Blissey, F|100/100
|
|-weather|Sandstorm|[upkeep]
|-damage|p2a: fujoshing out!|94/100|[from] Sandstorm
|-heal|p2a: fujoshing out!|100/100|[from] item: Leftovers
|upkeep
|turn|28
|
|t:|1729648376
|move|p1a: Metagross|Meteor Mash|p2a: fujoshing out!|[miss]
|-miss|p1a: Metagross|p2a: fujoshing out!
|move|p2a: fujoshing out!|Thunderbolt|p1a: Metagross
|-damage|p1a: Metagross|46/100
|
|-weather|Sandstorm|[upkeep]
|-damage|p2a: fujoshing out!|94/100|[from] Sandstorm
|-heal|p2a: fujoshing out!|100/100|[from] item: Leftovers
|upkeep
|turn|29
|
|t:|1729648379
|move|p1a: Metagross|Meteor Mash|p2a: fujoshing out!
|-damage|p2a: fujoshing out!|0 fnt
|-boost|p1a: Metagross|atk|1
|faint|p2a: fujoshing out!
|
|win|antantantantant
|c|☆kittencel|gg
|c|☆antantantantant|gg

</script>
<script type="application/json" class="data" id="replaydata-smogtours-gen3ou-801332">
{"id":"smogtours-gen3ou-801332","format":"[Gen 3] OU","players":["antantantantant","kittencel"],"uploadtime":1729648379,"views":159,"formatid":"gen3ou","rating":null,"private":0,"password":null}
</script>

<script defer src="js/replays.js?9d40a366"></script>
