<!DOCTYPE html>
<meta charset="utf-8" />
<meta name="viewport" content="width=device-width" />

<title>[Gen 3] OU: BongMoodeus vs. PuruglyIsUgly - Replays - Pok&eacute;mon Showdown!</title>

<meta name="description" content="Watch a replay of a Pok&eacute;mon battle between BongMoodeus and PuruglyIsUgly! Format: [Gen 3] OU; Date: Oct 14, 2024" />
<!--

Hey, you! Looking in the source for the replay log?

You can find them in JSON format, just add `.json` at the end of a replay URL.

https://replay.pokemonshowdown.com/gen7randomdoublesbattle-865046831.json

Or, if you only need the log itself, add `.log` instead:

https://replay.pokemonshowdown.com/gen7randomdoublesbattle-865046831.log

-->

<link rel="stylesheet" href="//pokemonshowdown.com/style/global.css?0.767286132409787" />
<link rel="stylesheet" href="//play.pokemonshowdown.com/style/font-awesome.css?0.9266228007934947" />
<link rel="stylesheet" href="//play.pokemonshowdown.com/style/battle.css?0.7924700842790926" />
<link rel="stylesheet" href="//play.pokemonshowdown.com/style/utilichart.css?0.8777417872839479" />

<!-- Global site tag (gtag.js) - Google Analytics -->
<script async src="https://www.googletagmanager.com/gtag/js?id=UA-26211653-1"></script>
<script>
  window.dataLayer = window.dataLayer || [];
  function gtag(){dataLayer.push(arguments);}
  gtag('js', new Date());

  gtag('config', 'UA-26211653-1');
</script>
<!-- End Google Analytics -->
<!-- Venatus Ad Manager - Install in <HEAD> of page -->
	<script src="https://hb.vntsm.com/v3/live/ad-manager.min.js" type="text/javascript" data-site-id="642aba63ec9a7b11c3c9c1be" data-mode="scan" async></script>
<!-- / Venatus Ad Manager -->

<style>
	@media (max-width:820px) {
		.battle {
			margin: 0 auto;
		}
		.battle-log {
			margin: 7px auto 0;
			max-width: 640px;
			height: 300px;
			position: static;
		}
	}
	.optgroup {
		display: inline-block;
		line-height: 22px;
		font-size: 10pt;
	}
	.optgroup .button {
		height: 25px;
		padding-top: 0;
		padding-bottom: 0;
	}
	.optgroup button.button {
		padding-left: 12px;
		padding-right: 12px;
	}
	.linklist {
		list-style: none;
		margin: 0.5em 0;
		padding: 0;
	}
	.linklist li {
		padding: 2px 0;
	}
	.sidebar {
		float: left;
		width: 320px;
	}
	.bar-wrapper {
		max-width: 1100px;
		margin: 0 auto;
	}
	.bar-wrapper.has-sidebar {
		max-width: 1430px;
	}
	.mainbar {
		margin: 0;
		padding-right: 1px;
	}
	.mainbar.has-sidebar {
		margin-left: 330px;
	}
	@media (min-width: 1511px) {
		.sidebar {
			width: 400px;
		}
		.bar-wrapper.has-sidebar {
			max-width: 1510px;
		}
		.mainbar.has-sidebar {
			margin-left: 410px;
		}
	}
	.section.first-section {
		margin-top: 9px;
	}
	.blocklink small {
		white-space: normal;
	}
	.button {
		vertical-align: middle;
	}
	.replay-controls {
		padding-top: 10px;
	}
	.replay-controls h1 {
		font-size: 16pt;
		font-weight: normal;
		color: #CCC;
	}
	.pagelink {
		text-align: center;
	}
	.pagelink a {
		width: 150px;
	}
	.textbox, .button {
		font-size: 11pt;
		vertical-align: middle;
	}
	@media (max-width: 450px) {
		.button {
			font-size: 9pt;
		}
	}
</style>

<div>

	<header>
		<div class="nav-wrapper"><ul class="nav">
			<li><a class="button nav-first" href="//pokemonshowdown.com/"><img src="//pokemonshowdown.com/images/pokemonshowdownbeta.png" srcset="//pokemonshowdown.com/images/pokemonshowdownbeta.png 1x, //pokemonshowdown.com/images/pokemonshowdownbeta@2x.png 2x" alt="Pok&eacute;mon Showdown" width="146" height="44" /> Home</a></li>
			<li><a class="button" href="//pokemonshowdown.com/dex/">Pok&eacute;dex</a></li>
			<li><a class="button cur" href="/">Replays</a></li>
			<li><a class="button" href="//pokemonshowdown.com/ladder/">Ladder</a></li>
			<li><a class="button nav-last" href="//pokemonshowdown.com/forums/">Forum</a></li>
			<li><a class="button greenbutton nav-first nav-last" href="//play.pokemonshowdown.com/">Play</a></li>
		</ul></div>
	</header>

	<div class="main" id="main">

		<noscript><section class="section">You need to enable JavaScript to use this page; sorry!</section></noscript>

	</div>

</div>

<script defer nomodule src="//play.pokemonshowdown.com/js/lib/ps-polyfill.js"></script>
<script defer src="//play.pokemonshowdown.com/js/lib/preact.min.js"></script>

<script defer src="//play.pokemonshowdown.com/config/config.js?6dec07f6"></script>
<script defer src="//play.pokemonshowdown.com/js/lib/jquery-1.11.0.min.js"></script>
<script defer src="//play.pokemonshowdown.com/js/lib/html-sanitizer-minified.js"></script>
<script defer src="//play.pokemonshowdown.com/js/battle-sound.js"></script>
<script defer src="//play.pokemonshowdown.com/js/battledata.js?0.6315294753075389"></script>
<script defer src="//play.pokemonshowdown.com/data/pokedex-mini.js?0.7603743185311358"></script>
<script defer src="//play.pokemonshowdown.com/data/pokedex-mini-bw.js?0.030888842834281283"></script>
<script defer src="//play.pokemonshowdown.com/data/graphics.js?0.05593094747507488"></script>
<script defer src="//play.pokemonshowdown.com/data/pokedex.js?0.47064822249611904"></script>
<script defer src="//play.pokemonshowdown.com/data/moves.js?0.8583693120512459"></script>
<script defer src="//play.pokemonshowdown.com/data/abilities.js?0.16017181182386842"></script>
<script defer src="//play.pokemonshowdown.com/data/items.js?0.4163379185673943"></script>
<script defer src="//play.pokemonshowdown.com/data/teambuilder-tables.js?0.31075597372830477"></script>
<script defer src="//play.pokemonshowdown.com/js/battle-tooltips.js?0.6536193500708172"></script>
<script defer src="//play.pokemonshowdown.com/js/battle.js?0.1916591943277901"></script>

<script defer src="js/utils.js?e31f9a17"></script>
<script defer src="js/replays-battle.js?7008c182"></script>

<!-- don't scrape this data! just add .json or .log after the URL!
Full API docs: https://github.com/smogon/pokemon-showdown-client/blob/master/WEB-API.md -->
<script type="text/plain" class="log" id="replaylog-smogtours-gen3ou-798794">
|inactive|Battle timer is ON: inactive players will automatically lose when time's up.
|t:|1728943196
|gametype|singles
|player|p1|BongMoodeus|102|
|player|p2|PuruglyIsUgly|169|
|teamsize|p1|6
|teamsize|p2|6
|gen|3
|tier|[Gen 3] OU
|rule|Sleep Clause Mod: Limit one foe put to sleep
|rule|Switch Priority Clause Mod: Faster Pokémon switch first
|rule|Species Clause: Limit one of each Pokémon
|rule|OHKO Clause: OHKO moves are banned
|rule|Evasion Items Clause: Evasion items are banned
|rule|Evasion Moves Clause: Evasion moves are banned
|rule|Endless Battle Clause: Forcing endless battles is banned
|rule|HP Percentage Mod: HP is shown in percentages
|rule|One Boost Passer Clause: Limit one Baton Passer that has a way to boost its stats
|rule|Freeze Clause Mod: Limit one foe frozen
|
|t:|1728943196
|start
|switch|p1a: Skarmory|Skarmory, M|100/100
|switch|p2a: Forretress|Forretress, F|100/100
|turn|1
|c|☆PuruglyIsUgly|hf
|
|t:|1728943204
|move|p1a: Skarmory|Spikes|p2a: Forretress
|-sidestart|p2: PuruglyIsUgly|Spikes
|move|p2a: Forretress|Spikes|p1a: Skarmory
|-sidestart|p1: BongMoodeus|Spikes
|
|upkeep
|turn|2
|c|☆BongMoodeus|gl hf
|
|t:|1728943212
|switch|p1a: Gengar|Gengar, F|100/100
|move|p2a: Forretress|Spikes|p1a: Gengar
|-sidestart|p1: BongMoodeus|Spikes
|
|upkeep
|turn|3
|
|t:|1728943222
|switch|p2a: Jolteon|Jolteon, F|100/100
|-damage|p2a: Jolteon|88/100|[from] Spikes
|move|p1a: Gengar|Fire Punch|p2a: Jolteon
|-damage|p2a: Jolteon|52/100
|
|-heal|p2a: Jolteon|58/100|[from] item: Leftovers
|upkeep
|turn|4
|
|t:|1728943233
|switch|p1a: Jolteon|Jolteon, M|100/100
|-damage|p1a: Jolteon|84/100|[from] Spikes
|move|p2a: Jolteon|Thunder Wave|p1a: Jolteon
|-status|p1a: Jolteon|par
|
|-heal|p2a: Jolteon|64/100|[from] item: Leftovers
|-heal|p1a: Jolteon|90/100 par|[from] item: Leftovers
|upkeep
|turn|5
|
|t:|1728943241
|move|p2a: Jolteon|Baton Pass|p2a: Jolteon
|
|t:|1728943250
|switch|p2a: Porygon2|Porygon2|100/100|[from] Baton Pass
|-damage|p2a: Porygon2|88/100|[from] Spikes
|-ability|p2a: Porygon2|Volt Absorb|[from] ability: Trace|[of] p1a: Jolteon
|cant|p1a: Jolteon|par
|
|-heal|p2a: Porygon2|94/100|[from] item: Leftovers
|-heal|p1a: Jolteon|96/100 par|[from] item: Leftovers
|upkeep
|turn|6
|
|t:|1728943260
|move|p2a: Porygon2|Ice Beam|p1a: Jolteon
|-damage|p1a: Jolteon|66/100 par
|move|p1a: Jolteon|Baton Pass|p1a: Jolteon
|
|t:|1728943273
|switch|p1a: Metagross|Metagross|100/100|[from] Baton Pass
|-damage|p1a: Metagross|84/100|[from] Spikes
|
|-heal|p2a: Porygon2|100/100|[from] item: Leftovers
|upkeep
|turn|7
|
|t:|1728943288
|switch|p2a: Forretress|Forretress, F|100/100
|-damage|p2a: Forretress|88/100|[from] Spikes
|move|p1a: Metagross|Meteor Mash|p2a: Forretress
|-resisted|p2a: Forretress
|-damage|p2a: Forretress|59/100
|
|-heal|p2a: Forretress|65/100|[from] item: Leftovers
|upkeep
|turn|8
|
|t:|1728943301
|move|p1a: Metagross|Meteor Mash|p2a: Forretress
|-resisted|p2a: Forretress
|-damage|p2a: Forretress|32/100
|move|p2a: Forretress|Spikes|p1a: Metagross
|-sidestart|p1: BongMoodeus|Spikes
|
|-heal|p2a: Forretress|38/100|[from] item: Leftovers
|upkeep
|turn|9
|
|t:|1728943306
|move|p1a: Metagross|Meteor Mash|p2a: Forretress
|-resisted|p2a: Forretress
|-crit|p2a: Forretress
|-damage|p2a: Forretress|0 fnt
|faint|p2a: Forretress
|
|t:|1728943310
|switch|p2a: Blaziken|Blaziken, M|100/100
|-damage|p2a: Blaziken|88/100|[from] Spikes
|
|upkeep
|turn|10
|
|t:|1728943329
|switch|p1a: Jolteon|Jolteon, M|66/100 par
|-damage|p1a: Jolteon|41/100 par|[from] Spikes
|move|p2a: Blaziken|Flamethrower|p1a: Jolteon
|-damage|p1a: Jolteon|0 fnt
|faint|p1a: Jolteon
|
|t:|1728943330
|switch|p1a: Starmie|Starmie|100/100
|-damage|p1a: Starmie|76/100|[from] Spikes
|
|-heal|p1a: Starmie|82/100|[from] item: Leftovers
|upkeep
|turn|11
|
|t:|1728943340
|switch|p2a: Jolteon|Jolteon, F|64/100
|-damage|p2a: Jolteon|52/100|[from] Spikes
|move|p1a: Starmie|Psychic|p2a: Jolteon
|-damage|p2a: Jolteon|3/100
|
|-heal|p2a: Jolteon|9/100|[from] item: Leftovers
|-heal|p1a: Starmie|88/100|[from] item: Leftovers
|upkeep
|turn|12
|
|t:|1728943348
|switch|p1a: Tyranitar|Tyranitar, M|100/100
|-damage|p1a: Tyranitar|75/100|[from] Spikes
|-weather|Sandstorm|[from] ability: Sand Stream|[of] p1a: Tyranitar
|move|p2a: Jolteon|Thunderbolt|p1a: Tyranitar
|-damage|p1a: Tyranitar|39/100
|-status|p1a: Tyranitar|par
|
|-weather|Sandstorm|[upkeep]
|-damage|p2a: Jolteon|3/100|[from] Sandstorm
|-heal|p2a: Jolteon|9/100|[from] item: Leftovers
|-heal|p1a: Tyranitar|45/100 par|[from] item: Leftovers
|upkeep
|turn|13
|
|t:|1728943359
|move|p2a: Jolteon|Thunderbolt|p1a: Tyranitar
|-damage|p1a: Tyranitar|9/100 par
|cant|p1a: Tyranitar|par
|
|-weather|Sandstorm|[upkeep]
|-damage|p2a: Jolteon|3/100|[from] Sandstorm
|-heal|p2a: Jolteon|9/100|[from] item: Leftovers
|-heal|p1a: Tyranitar|15/100 par|[from] item: Leftovers
|upkeep
|turn|14
|
|t:|1728943364
|move|p2a: Jolteon|Thunderbolt|p1a: Tyranitar
|-damage|p1a: Tyranitar|0 fnt
|faint|p1a: Tyranitar
|
|t:|1728943367
|switch|p1a: Gengar|Gengar, F|100/100
|
|-weather|Sandstorm|[upkeep]
|-damage|p2a: Jolteon|3/100|[from] Sandstorm
|-damage|p1a: Gengar|95/100|[from] Sandstorm
|-heal|p2a: Jolteon|9/100|[from] item: Leftovers
|-heal|p1a: Gengar|100/100|[from] item: Leftovers
|upkeep
|turn|15
|
|t:|1728943377
|move|p2a: Jolteon|Baton Pass|p2a: Jolteon
|
|t:|1728943380
|switch|p2a: Blaziken|Blaziken, M|88/100|[from] Baton Pass
|-damage|p2a: Blaziken|76/100|[from] Spikes
|move|p1a: Gengar|Fire Punch|p2a: Blaziken
|-resisted|p2a: Blaziken
|-damage|p2a: Blaziken|58/100
|
|-weather|Sandstorm|[upkeep]
|-damage|p1a: Gengar|95/100|[from] Sandstorm
|-damage|p2a: Blaziken|52/100|[from] Sandstorm
|-heal|p1a: Gengar|100/100|[from] item: Leftovers
|upkeep
|turn|16
|
|t:|1728943405
|move|p1a: Gengar|Explosion|p2a: Blaziken
|-damage|p2a: Blaziken|0 fnt
|faint|p1a: Gengar
|faint|p2a: Blaziken
|
|t:|1728943411
|switch|p1a: Metagross|Metagross|84/100
|switch|p2a: Metagross|Metagross|100/100
|-damage|p1a: Metagross|59/100|[from] Spikes
|-damage|p2a: Metagross|88/100|[from] Spikes
|
|-weather|Sandstorm|[upkeep]
|-heal|p2a: Metagross|94/100|[from] item: Leftovers
|upkeep
|turn|17
|
|t:|1728943425
|move|p1a: Metagross|Explosion|p2a: Metagross
|-resisted|p2a: Metagross
|-damage|p2a: Metagross|0 fnt
|faint|p1a: Metagross
|faint|p2a: Metagross
|
|t:|1728943434
|switch|p1a: Skarmory|Skarmory, M|100/100
|switch|p2a: Porygon2|Porygon2|100/100
|-damage|p2a: Porygon2|88/100|[from] Spikes
|-ability|p2a: Porygon2|Keen Eye|[from] ability: Trace|[of] p1a: Skarmory
|
|-weather|Sandstorm|[upkeep]
|-damage|p2a: Porygon2|82/100|[from] Sandstorm
|-heal|p2a: Porygon2|88/100|[from] item: Leftovers
|upkeep
|turn|18
|
|t:|1728943441
|move|p1a: Skarmory|Toxic|p2a: Porygon2
|-status|p2a: Porygon2|tox
|move|p2a: Porygon2|Thunderbolt|p1a: Skarmory
|-supereffective|p1a: Skarmory
|-damage|p1a: Skarmory|56/100
|
|-weather|Sandstorm|[upkeep]
|-damage|p2a: Porygon2|82/100 tox|[from] Sandstorm
|-heal|p1a: Skarmory|62/100|[from] item: Leftovers
|-heal|p2a: Porygon2|88/100 tox|[from] item: Leftovers
|-damage|p2a: Porygon2|82/100 tox|[from] psn
|upkeep
|turn|19
|
|t:|1728943449
|move|p1a: Skarmory|Protect|p1a: Skarmory
|-singleturn|p1a: Skarmory|Protect
|move|p2a: Porygon2|Thunderbolt|p1a: Skarmory
|-activate|p1a: Skarmory|Protect
|
|-weather|Sandstorm|[upkeep]
|-damage|p2a: Porygon2|76/100 tox|[from] Sandstorm
|-heal|p1a: Skarmory|68/100|[from] item: Leftovers
|-heal|p2a: Porygon2|82/100 tox|[from] item: Leftovers
|-damage|p2a: Porygon2|70/100 tox|[from] psn
|upkeep
|turn|20
|
|t:|1728943454
|move|p1a: Skarmory|Spikes|p2a: Porygon2
|-sidestart|p2: PuruglyIsUgly|Spikes
|move|p2a: Porygon2|Thunderbolt|p1a: Skarmory
|-supereffective|p1a: Skarmory
|-damage|p1a: Skarmory|23/100
|
|-weather|Sandstorm|[upkeep]
|-damage|p2a: Porygon2|64/100 tox|[from] Sandstorm
|-heal|p1a: Skarmory|29/100|[from] item: Leftovers
|-heal|p2a: Porygon2|70/100 tox|[from] item: Leftovers
|-damage|p2a: Porygon2|51/100 tox|[from] psn
|upkeep
|turn|21
|
|t:|1728943459
|move|p1a: Skarmory|Protect|p1a: Skarmory
|-singleturn|p1a: Skarmory|Protect
|move|p2a: Porygon2|Recover|p2a: Porygon2
|-heal|p2a: Porygon2|100/100 tox
|
|-weather|Sandstorm|[upkeep]
|-damage|p2a: Porygon2|94/100 tox|[from] Sandstorm
|-heal|p1a: Skarmory|35/100|[from] item: Leftovers
|-heal|p2a: Porygon2|100/100 tox|[from] item: Leftovers
|-damage|p2a: Porygon2|76/100 tox|[from] psn
|upkeep
|turn|22
|
|t:|1728943469
|move|p1a: Skarmory|Spikes|p2a: Porygon2
|-sidestart|p2: PuruglyIsUgly|Spikes
|move|p2a: Porygon2|Thunderbolt|p1a: Skarmory
|-supereffective|p1a: Skarmory
|-damage|p1a: Skarmory|0 fnt
|faint|p1a: Skarmory
|
|t:|1728943470
|switch|p1a: Starmie|Starmie|88/100
|-damage|p1a: Starmie|63/100|[from] Spikes
|
|-weather|Sandstorm|[upkeep]
|-damage|p1a: Starmie|57/100|[from] Sandstorm
|-damage|p2a: Porygon2|70/100 tox|[from] Sandstorm
|-heal|p1a: Starmie|63/100|[from] item: Leftovers
|-heal|p2a: Porygon2|76/100 tox|[from] item: Leftovers
|-damage|p2a: Porygon2|45/100 tox|[from] psn
|upkeep
|turn|23
|
|t:|1728943476
|move|p1a: Starmie|Hydro Pump|p2a: Porygon2
|-damage|p2a: Porygon2|0 fnt
|faint|p2a: Porygon2
|
|t:|1728943480
|switch|p2a: Suicune|Suicune|100/100
|-damage|p2a: Suicune|76/100|[from] Spikes
|
|-weather|Sandstorm|[upkeep]
|-damage|p1a: Starmie|57/100|[from] Sandstorm
|-damage|p2a: Suicune|69/100|[from] Sandstorm
|-heal|p1a: Starmie|63/100|[from] item: Leftovers
|-heal|p2a: Suicune|76/100|[from] item: Leftovers
|upkeep
|turn|24
|
|t:|1728943484
|move|p1a: Starmie|Thunderbolt|p2a: Suicune
|-supereffective|p2a: Suicune
|-damage|p2a: Suicune|31/100
|move|p2a: Suicune|Calm Mind|p2a: Suicune
|-boost|p2a: Suicune|spa|1
|-boost|p2a: Suicune|spd|1
|
|-weather|Sandstorm|[upkeep]
|-damage|p1a: Starmie|57/100|[from] Sandstorm
|-damage|p2a: Suicune|25/100|[from] Sandstorm
|-heal|p1a: Starmie|63/100|[from] item: Leftovers
|-heal|p2a: Suicune|31/100|[from] item: Leftovers
|upkeep
|turn|25
|
|t:|1728943491
|move|p1a: Starmie|Psychic|p2a: Suicune
|-damage|p2a: Suicune|10/100
|move|p2a: Suicune|Rest|p2a: Suicune
|-status|p2a: Suicune|slp|[from] move: Rest
|-heal|p2a: Suicune|100/100 slp|[silent]
|
|-weather|Sandstorm|[upkeep]
|-damage|p1a: Starmie|57/100|[from] Sandstorm
|-damage|p2a: Suicune|94/100 slp|[from] Sandstorm
|-heal|p1a: Starmie|63/100|[from] item: Leftovers
|-heal|p2a: Suicune|100/100 slp|[from] item: Leftovers
|upkeep
|turn|26
|
|t:|1728943502
|move|p1a: Starmie|Psychic|p2a: Suicune
|-damage|p2a: Suicune|80/100 slp
|cant|p2a: Suicune|slp
|
|-weather|Sandstorm|[upkeep]
|-damage|p1a: Starmie|57/100|[from] Sandstorm
|-damage|p2a: Suicune|74/100 slp|[from] Sandstorm
|-heal|p1a: Starmie|63/100|[from] item: Leftovers
|-heal|p2a: Suicune|80/100 slp|[from] item: Leftovers
|upkeep
|turn|27
|
|t:|1728943507
|move|p1a: Starmie|Thunderbolt|p2a: Suicune
|-supereffective|p2a: Suicune
|-damage|p2a: Suicune|50/100 slp
|cant|p2a: Suicune|slp
|
|-weather|Sandstorm|[upkeep]
|-damage|p1a: Starmie|57/100|[from] Sandstorm
|-damage|p2a: Suicune|43/100 slp|[from] Sandstorm
|-heal|p1a: Starmie|63/100|[from] item: Leftovers
|-heal|p2a: Suicune|50/100 slp|[from] item: Leftovers
|upkeep
|turn|28
|
|t:|1728943513
|move|p1a: Starmie|Psychic|p2a: Suicune
|-crit|p2a: Suicune
|-damage|p2a: Suicune|0 fnt
|faint|p2a: Suicune
|c|☆PuruglyIsUgly|gg
|
|t:|1728943520
|switch|p2a: Jolteon|Jolteon, F|9/100
|-damage|p2a: Jolteon|0 fnt|[from] Spikes
|faint|p2a: Jolteon
|
|win|BongMoodeus
|c|☆BongMoodeus|gg wp

</script>
<script type="application/json" class="data" id="replaydata-smogtours-gen3ou-798794">
{"id":"smogtours-gen3ou-798794","format":"[Gen 3] OU","players":["BongMoodeus","PuruglyIsUgly"],"uploadtime":1728943520,"views":121,"formatid":"gen3ou","rating":null,"private":0,"password":null}
</script>

<script defer src="js/replays.js?9d40a366"></script>
