<!DOCTYPE html>
<meta charset="utf-8" />
<meta name="viewport" content="width=device-width" />

<title>[Gen 3] OU: Genexys vs. xXEricXx - Replays - Pok&eacute;mon Showdown!</title>

<meta name="description" content="Watch a replay of a Pok&eacute;mon battle between Genexys and xXEricXx! Format: [Gen 3] OU; Date: Oct 13, 2024" />
<!--

Hey, you! Looking in the source for the replay log?

You can find them in JSON format, just add `.json` at the end of a replay URL.

https://replay.pokemonshowdown.com/gen7randomdoublesbattle-865046831.json

Or, if you only need the log itself, add `.log` instead:

https://replay.pokemonshowdown.com/gen7randomdoublesbattle-865046831.log

-->

<link rel="stylesheet" href="//pokemonshowdown.com/style/global.css?0.023195364461161105" />
<link rel="stylesheet" href="//play.pokemonshowdown.com/style/font-awesome.css?0.13261647063804238" />
<link rel="stylesheet" href="//play.pokemonshowdown.com/style/battle.css?0.8753245789963631" />
<link rel="stylesheet" href="//play.pokemonshowdown.com/style/utilichart.css?0.8627959624976733" />

<!-- Global site tag (gtag.js) - Google Analytics -->
<script async src="https://www.googletagmanager.com/gtag/js?id=UA-26211653-1"></script>
<script>
  window.dataLayer = window.dataLayer || [];
  function gtag(){dataLayer.push(arguments);}
  gtag('js', new Date());

  gtag('config', 'UA-26211653-1');
</script>
<!-- End Google Analytics -->
<!-- Venatus Ad Manager - Install in <HEAD> of page -->
	<script src="https://hb.vntsm.com/v3/live/ad-manager.min.js" type="text/javascript" data-site-id="642aba63ec9a7b11c3c9c1be" data-mode="scan" async></script>
<!-- / Venatus Ad Manager -->

<style>
	@media (max-width:820px) {
		.battle {
			margin: 0 auto;
		}
		.battle-log {
			margin: 7px auto 0;
			max-width: 640px;
			height: 300px;
			position: static;
		}
	}
	.optgroup {
		display: inline-block;
		line-height: 22px;
		font-size: 10pt;
	}
	.optgroup .button {
		height: 25px;
		padding-top: 0;
		padding-bottom: 0;
	}
	.optgroup button.button {
		padding-left: 12px;
		padding-right: 12px;
	}
	.linklist {
		list-style: none;
		margin: 0.5em 0;
		padding: 0;
	}
	.linklist li {
		padding: 2px 0;
	}
	.sidebar {
		float: left;
		width: 320px;
	}
	.bar-wrapper {
		max-width: 1100px;
		margin: 0 auto;
	}
	.bar-wrapper.has-sidebar {
		max-width: 1430px;
	}
	.mainbar {
		margin: 0;
		padding-right: 1px;
	}
	.mainbar.has-sidebar {
		margin-left: 330px;
	}
	@media (min-width: 1511px) {
		.sidebar {
			width: 400px;
		}
		.bar-wrapper.has-sidebar {
			max-width: 1510px;
		}
		.mainbar.has-sidebar {
			margin-left: 410px;
		}
	}
	.section.first-section {
		margin-top: 9px;
	}
	.blocklink small {
		white-space: normal;
	}
	.button {
		vertical-align: middle;
	}
	.replay-controls {
		padding-top: 10px;
	}
	.replay-controls h1 {
		font-size: 16pt;
		font-weight: normal;
		color: #CCC;
	}
	.pagelink {
		text-align: center;
	}
	.pagelink a {
		width: 150px;
	}
	.textbox, .button {
		font-size: 11pt;
		vertical-align: middle;
	}
	@media (max-width: 450px) {
		.button {
			font-size: 9pt;
		}
	}
</style>

<div>

	<header>
		<div class="nav-wrapper"><ul class="nav">
			<li><a class="button nav-first" href="//pokemonshowdown.com/"><img src="//pokemonshowdown.com/images/pokemonshowdownbeta.png" srcset="//pokemonshowdown.com/images/pokemonshowdownbeta.png 1x, //pokemonshowdown.com/images/pokemonshowdownbeta@2x.png 2x" alt="Pok&eacute;mon Showdown" width="146" height="44" /> Home</a></li>
			<li><a class="button" href="//pokemonshowdown.com/dex/">Pok&eacute;dex</a></li>
			<li><a class="button cur" href="/">Replays</a></li>
			<li><a class="button" href="//pokemonshowdown.com/ladder/">Ladder</a></li>
			<li><a class="button nav-last" href="//pokemonshowdown.com/forums/">Forum</a></li>
			<li><a class="button greenbutton nav-first nav-last" href="//play.pokemonshowdown.com/">Play</a></li>
		</ul></div>
	</header>

	<div class="main" id="main">

		<noscript><section class="section">You need to enable JavaScript to use this page; sorry!</section></noscript>

	</div>

</div>

<script defer nomodule src="//play.pokemonshowdown.com/js/lib/ps-polyfill.js"></script>
<script defer src="//play.pokemonshowdown.com/js/lib/preact.min.js"></script>

<script defer src="//play.pokemonshowdown.com/config/config.js?2bddbc15"></script>
<script defer src="//play.pokemonshowdown.com/js/lib/jquery-1.11.0.min.js"></script>
<script defer src="//play.pokemonshowdown.com/js/lib/html-sanitizer-minified.js"></script>
<script defer src="//play.pokemonshowdown.com/js/battle-sound.js"></script>
<script defer src="//play.pokemonshowdown.com/js/battledata.js?0.7209276989879541"></script>
<script defer src="//play.pokemonshowdown.com/data/pokedex-mini.js?0.6111056340867951"></script>
<script defer src="//play.pokemonshowdown.com/data/pokedex-mini-bw.js?0.3532142036491459"></script>
<script defer src="//play.pokemonshowdown.com/data/graphics.js?0.24223875632456182"></script>
<script defer src="//play.pokemonshowdown.com/data/pokedex.js?0.38839984266356864"></script>
<script defer src="//play.pokemonshowdown.com/data/moves.js?0.21866028504024015"></script>
<script defer src="//play.pokemonshowdown.com/data/abilities.js?0.2005157953846628"></script>
<script defer src="//play.pokemonshowdown.com/data/items.js?0.9894211263848525"></script>
<script defer src="//play.pokemonshowdown.com/data/teambuilder-tables.js?0.6008791140282215"></script>
<script defer src="//play.pokemonshowdown.com/js/battle-tooltips.js?0.7580118955022959"></script>
<script defer src="//play.pokemonshowdown.com/js/battle.js?0.6057722274234274"></script>

<script defer src="js/utils.js?e31f9a17"></script>
<script defer src="js/replays-battle.js?7008c182"></script>

<!-- don't scrape this data! just add .json or .log after the URL!
Full API docs: https://github.com/smogon/pokemon-showdown-client/blob/master/WEB-API.md -->
<script type="text/plain" class="log" id="replaylog-smogtours-gen3ou-798217">
|inactive|Battle timer is ON: inactive players will automatically lose when time's up.
|t:|1728842376
|gametype|singles
|player|p1|Genexys|ghetsis|
|player|p2|xXEricXx|red|
|teamsize|p1|6
|teamsize|p2|6
|gen|3
|tier|[Gen 3] OU
|rule|Sleep Clause Mod: Limit one foe put to sleep
|rule|Switch Priority Clause Mod: Faster Pokémon switch first
|rule|Species Clause: Limit one of each Pokémon
|rule|OHKO Clause: OHKO moves are banned
|rule|Evasion Items Clause: Evasion items are banned
|rule|Evasion Moves Clause: Evasion moves are banned
|rule|Endless Battle Clause: Forcing endless battles is banned
|rule|HP Percentage Mod: HP is shown in percentages
|rule|One Boost Passer Clause: Limit one Baton Passer that has a way to boost its stats
|rule|Freeze Clause Mod: Limit one foe frozen
|
|t:|1728842376
|start
|switch|p1a: Tyranitar|Tyranitar, M|100/100
|switch|p2a: Salamence|Salamence, M|100/100
|-ability|p2a: Salamence|Intimidate|boost
|-unboost|p1a: Tyranitar|atk|1
|-weather|Sandstorm|[from] ability: Sand Stream|[of] p1a: Tyranitar
|turn|1
|c|☆xXEricXx|hf
|c|☆Genexys|glhf
|
|t:|1728842399
|switch|p2a: Breloom|Breloom, M|100/100
|switch|p1a: Forretress|Forretress, F|100/100
|
|-weather|Sandstorm|[upkeep]
|-damage|p2a: Breloom|94/100|[from] Sandstorm
|-heal|p2a: Breloom|100/100|[from] item: Leftovers
|upkeep
|turn|2
|
|t:|1728842404
|switch|p1a: Celebi|Celebi|100/100
|move|p2a: Breloom|Spore|p1a: Celebi
|-status|p1a: Celebi|slp|[from] move: Spore
|
|-weather|Sandstorm|[upkeep]
|-damage|p1a: Celebi|94/100 slp|[from] Sandstorm
|-damage|p2a: Breloom|94/100|[from] Sandstorm
|-heal|p1a: Celebi|100/100 slp|[from] item: Leftovers
|-heal|p2a: Breloom|100/100|[from] item: Leftovers
|upkeep
|turn|3
|
|t:|1728842414
|switch|p2a: Houndoom|Houndoom, F|100/100
|cant|p1a: Celebi|slp
|
|-weather|Sandstorm|[upkeep]
|-damage|p2a: Houndoom|94/100|[from] Sandstorm
|-damage|p1a: Celebi|94/100 slp|[from] Sandstorm
|-heal|p2a: Houndoom|100/100|[from] item: Leftovers
|-heal|p1a: Celebi|100/100 slp|[from] item: Leftovers
|upkeep
|turn|4
|
|t:|1728842420
|-activate|p1a: Celebi|move: Pursuit
|move|p2a: Houndoom|Pursuit|p1a: Celebi|[from]Pursuit
|-supereffective|p1a: Celebi
|-damage|p1a: Celebi|35/100 slp
|-curestatus|p1a: Celebi|slp|[from] ability: Natural Cure
|switch|p1a: Hariyama|Hariyama, M|100/100
|
|-weather|Sandstorm|[upkeep]
|-damage|p2a: Houndoom|94/100|[from] Sandstorm
|-damage|p1a: Hariyama|94/100|[from] Sandstorm
|-heal|p2a: Houndoom|100/100|[from] item: Leftovers
|-heal|p1a: Hariyama|100/100|[from] item: Leftovers
|upkeep
|turn|5
|inactive|xXEricXx has 270 seconds left.
|
|t:|1728842468
|switch|p2a: Metagross|Metagross|100/100
|move|p1a: Hariyama|Knock Off|p2a: Metagross
|-damage|p2a: Metagross|98/100
|-enditem|p2a: Metagross|Leftovers|[from] move: Knock Off|[of] p1a: Hariyama
|-hint|In Gens 3-4, Knock Off only makes the target's item unusable; it cannot obtain a new item.
|
|-weather|Sandstorm|[upkeep]
|-damage|p1a: Hariyama|94/100|[from] Sandstorm
|-heal|p1a: Hariyama|100/100|[from] item: Leftovers
|upkeep
|turn|6
|
|t:|1728842484
|switch|p2a: Salamence|Salamence, M|100/100
|-ability|p2a: Salamence|Intimidate|boost
|-unboost|p1a: Hariyama|atk|1
|move|p1a: Hariyama|Whirlwind|p2a: Salamence
|drag|p2a: Breloom|Breloom, M|100/100
|
|-weather|Sandstorm|[upkeep]
|-damage|p2a: Breloom|94/100|[from] Sandstorm
|-damage|p1a: Hariyama|94/100|[from] Sandstorm
|-heal|p2a: Breloom|100/100|[from] item: Leftovers
|-heal|p1a: Hariyama|100/100|[from] item: Leftovers
|upkeep
|turn|7
|
|t:|1728842491
|move|p2a: Breloom|Spore|p1a: Hariyama
|-status|p1a: Hariyama|slp|[from] move: Spore
|cant|p1a: Hariyama|slp
|
|-weather|Sandstorm|[upkeep]
|-damage|p2a: Breloom|94/100|[from] Sandstorm
|-damage|p1a: Hariyama|94/100 slp|[from] Sandstorm
|-heal|p2a: Breloom|100/100|[from] item: Leftovers
|-heal|p1a: Hariyama|100/100 slp|[from] item: Leftovers
|upkeep
|turn|8
|
|t:|1728842499
|-singleturn|p2a: Breloom|move: Focus Punch
|switch|p1a: Swampert|Swampert, F|100/100
|move|p2a: Breloom|Focus Punch|p1a: Swampert
|-crit|p1a: Swampert
|-damage|p1a: Swampert|0 fnt
|faint|p1a: Swampert
|
|t:|1728842510
|switch|p1a: Forretress|Forretress, F|100/100
|
|-weather|Sandstorm|[upkeep]
|-damage|p2a: Breloom|94/100|[from] Sandstorm
|-heal|p2a: Breloom|100/100|[from] item: Leftovers
|upkeep
|turn|9
|inactive|xXEricXx has 270 seconds left.
|
|t:|1728842528
|switch|p2a: Salamence|Salamence, M|100/100
|-ability|p2a: Salamence|Intimidate|boost
|-unboost|p1a: Forretress|atk|1
|move|p1a: Forretress|Spikes|p2a: Salamence
|-sidestart|p2: xXEricXx|Spikes
|
|-weather|Sandstorm|[upkeep]
|-damage|p2a: Salamence|94/100|[from] Sandstorm
|-heal|p2a: Salamence|100/100|[from] item: Leftovers
|upkeep
|turn|10
|
|t:|1728842533
|switch|p1a: Blissey|Blissey, F|100/100
|move|p2a: Salamence|Fire Blast|p1a: Blissey
|-damage|p1a: Blissey|87/100
|
|-weather|Sandstorm|[upkeep]
|-damage|p2a: Salamence|94/100|[from] Sandstorm
|-damage|p1a: Blissey|81/100|[from] Sandstorm
|-heal|p2a: Salamence|100/100|[from] item: Leftovers
|-heal|p1a: Blissey|87/100|[from] item: Leftovers
|upkeep
|turn|11
|inactive|xXEricXx has 270 seconds left.
|inactive|xXEricXx has 240 seconds left.
|
|t:|1728842585
|switch|p2a: Snorlax|Snorlax, M, shiny|100/100
|-damage|p2a: Snorlax|88/100|[from] Spikes
|move|p1a: Blissey|Wish|p1a: Blissey
|
|-weather|Sandstorm|[upkeep]
|-damage|p1a: Blissey|81/100|[from] Sandstorm
|-damage|p2a: Snorlax|82/100|[from] Sandstorm
|-heal|p1a: Blissey|87/100|[from] item: Leftovers
|-heal|p2a: Snorlax|88/100|[from] item: Leftovers
|upkeep
|turn|12
|inactive|xXEricXx has 240 seconds left.
|
|t:|1728842598
|switch|p1a: Celebi|Celebi|35/100
|move|p2a: Snorlax|Shadow Ball|p1a: Celebi
|-supereffective|p1a: Celebi
|-damage|p1a: Celebi|0 fnt
|faint|p1a: Celebi
|
|t:|1728842607
|switch|p1a: Hariyama|Hariyama, M|100/100 slp
|
|-weather|Sandstorm|[upkeep]
|-damage|p1a: Hariyama|94/100 slp|[from] Sandstorm
|-damage|p2a: Snorlax|82/100|[from] Sandstorm
|-heal|p1a: Hariyama|100/100 slp|[from] item: Leftovers
|-heal|p2a: Snorlax|88/100|[from] item: Leftovers
|upkeep
|turn|13
|inactive|xXEricXx has 240 seconds left.
|
|t:|1728842636
|-curestatus|p1a: Hariyama|slp|[msg]
|move|p1a: Hariyama|Brick Break|p2a: Snorlax
|-supereffective|p2a: Snorlax
|-damage|p2a: Snorlax|42/100
|move|p2a: Snorlax|Return|p1a: Hariyama
|-damage|p1a: Hariyama|55/100
|
|-weather|Sandstorm|[upkeep]
|-damage|p1a: Hariyama|49/100|[from] Sandstorm
|-damage|p2a: Snorlax|35/100|[from] Sandstorm
|-heal|p1a: Hariyama|55/100|[from] item: Leftovers
|-heal|p2a: Snorlax|42/100|[from] item: Leftovers
|upkeep
|turn|14
|inactive|xXEricXx has 210 seconds left.
|
|t:|1728842674
|switch|p2a: Starmie|Starmie|100/100
|-damage|p2a: Starmie|88/100|[from] Spikes
|move|p1a: Hariyama|Knock Off|p2a: Starmie
|-supereffective|p2a: Starmie
|-damage|p2a: Starmie|83/100
|-enditem|p2a: Starmie|Leftovers|[from] move: Knock Off|[of] p1a: Hariyama
|
|-weather|Sandstorm|[upkeep]
|-damage|p2a: Starmie|77/100|[from] Sandstorm
|-damage|p1a: Hariyama|49/100|[from] Sandstorm
|-heal|p1a: Hariyama|55/100|[from] item: Leftovers
|upkeep
|turn|15
|
|t:|1728842686
|switch|p1a: Blissey|Blissey, F|87/100
|move|p2a: Starmie|Rapid Spin|p1a: Blissey
|-damage|p1a: Blissey|84/100
|-sideend|p2: xXEricXx|Spikes|[from] move: Rapid Spin|[of] p2a: Starmie
|
|-weather|Sandstorm|[upkeep]
|-damage|p2a: Starmie|71/100|[from] Sandstorm
|-damage|p1a: Blissey|78/100|[from] Sandstorm
|-heal|p1a: Blissey|84/100|[from] item: Leftovers
|upkeep
|turn|16
|
|t:|1728842690
|switch|p2a: Snorlax|Snorlax, M, shiny|42/100
|move|p1a: Blissey|Wish|p1a: Blissey
|
|-weather|Sandstorm|[upkeep]
|-damage|p1a: Blissey|78/100|[from] Sandstorm
|-damage|p2a: Snorlax|35/100|[from] Sandstorm
|-heal|p1a: Blissey|84/100|[from] item: Leftovers
|-heal|p2a: Snorlax|42/100|[from] item: Leftovers
|upkeep
|turn|17
|
|t:|1728842704
|switch|p1a: Hariyama|Hariyama, M|55/100
|move|p2a: Snorlax|Return|p1a: Hariyama
|-damage|p1a: Hariyama|9/100
|
|-heal|p1a: Hariyama|59/100|[from] move: Wish|[wisher] Blissey
|-weather|Sandstorm|[upkeep]
|-damage|p1a: Hariyama|52/100|[from] Sandstorm
|-damage|p2a: Snorlax|35/100|[from] Sandstorm
|-heal|p1a: Hariyama|59/100|[from] item: Leftovers
|-heal|p2a: Snorlax|42/100|[from] item: Leftovers
|upkeep
|turn|18
|
|t:|1728842714
|switch|p2a: Starmie|Starmie|71/100
|move|p1a: Hariyama|Brick Break|p2a: Starmie
|-resisted|p2a: Starmie
|-crit|p2a: Starmie
|-damage|p2a: Starmie|39/100
|
|-weather|Sandstorm|[upkeep]
|-damage|p2a: Starmie|32/100|[from] Sandstorm
|-damage|p1a: Hariyama|52/100|[from] Sandstorm
|-heal|p1a: Hariyama|59/100|[from] item: Leftovers
|upkeep
|turn|19
|
|t:|1728842722
|move|p2a: Starmie|Recover|p2a: Starmie
|-heal|p2a: Starmie|82/100
|move|p1a: Hariyama|Rock Slide|p2a: Starmie
|-damage|p2a: Starmie|59/100
|
|-weather|Sandstorm|[upkeep]
|-damage|p2a: Starmie|53/100|[from] Sandstorm
|-damage|p1a: Hariyama|52/100|[from] Sandstorm
|-heal|p1a: Hariyama|59/100|[from] item: Leftovers
|upkeep
|turn|20
|inactive|xXEricXx has 240 seconds left.
|
|t:|1728842728
|switch|p1a: Forretress|Forretress, F|100/100
|move|p2a: Starmie|Surf|p1a: Forretress
|-damage|p1a: Forretress|67/100
|
|-weather|Sandstorm|[upkeep]
|-damage|p2a: Starmie|46/100|[from] Sandstorm
|-heal|p1a: Forretress|73/100|[from] item: Leftovers
|upkeep
|turn|21
|inactive|xXEricXx has 240 seconds left.
|
|t:|1728842753
|move|p2a: Starmie|Surf|p1a: Forretress
|-damage|p1a: Forretress|39/100
|move|p1a: Forretress|Spikes|p2a: Starmie
|-sidestart|p2: xXEricXx|Spikes
|
|-weather|Sandstorm|[upkeep]
|-damage|p2a: Starmie|40/100|[from] Sandstorm
|-heal|p1a: Forretress|46/100|[from] item: Leftovers
|upkeep
|turn|22
|
|t:|1728842759
|move|p2a: Starmie|Thunder Wave|p1a: Forretress
|-status|p1a: Forretress|par
|move|p1a: Forretress|Hidden Power|p2a: Starmie
|-supereffective|p2a: Starmie
|-damage|p2a: Starmie|0 fnt
|faint|p2a: Starmie
|
|t:|1728842768
|switch|p2a: Salamence|Salamence, M|100/100
|-ability|p2a: Salamence|Intimidate|boost
|-unboost|p1a: Forretress|atk|1
|
|-weather|Sandstorm|[upkeep]
|-damage|p2a: Salamence|94/100|[from] Sandstorm
|-heal|p2a: Salamence|100/100|[from] item: Leftovers
|-heal|p1a: Forretress|52/100 par|[from] item: Leftovers
|upkeep
|turn|23
|
|t:|1728842774
|switch|p1a: Hariyama|Hariyama, M|59/100
|move|p2a: Salamence|Brick Break|p1a: Hariyama
|-damage|p1a: Hariyama|35/100
|
|-weather|Sandstorm|[upkeep]
|-damage|p2a: Salamence|94/100|[from] Sandstorm
|-damage|p1a: Hariyama|29/100|[from] Sandstorm
|-heal|p2a: Salamence|100/100|[from] item: Leftovers
|-heal|p1a: Hariyama|35/100|[from] item: Leftovers
|upkeep
|turn|24
|inactive|xXEricXx has 240 seconds left.
|
|t:|1728842804
|move|p2a: Salamence|Dragon Claw|p1a: Hariyama
|-damage|p1a: Hariyama|10/100
|move|p1a: Hariyama|Rock Slide|p2a: Salamence
|-supereffective|p2a: Salamence
|-damage|p2a: Salamence|49/100
|
|-weather|Sandstorm|[upkeep]
|-damage|p2a: Salamence|43/100|[from] Sandstorm
|-damage|p1a: Hariyama|3/100|[from] Sandstorm
|-heal|p2a: Salamence|49/100|[from] item: Leftovers
|-heal|p1a: Hariyama|10/100|[from] item: Leftovers
|upkeep
|turn|25
|
|t:|1728842811
|move|p2a: Salamence|Brick Break|p1a: Hariyama
|-damage|p1a: Hariyama|0 fnt
|faint|p1a: Hariyama
|
|t:|1728842813
|switch|p1a: Blissey|Blissey, F|84/100
|
|-weather|Sandstorm|[upkeep]
|-damage|p2a: Salamence|43/100|[from] Sandstorm
|-damage|p1a: Blissey|78/100|[from] Sandstorm
|-heal|p2a: Salamence|49/100|[from] item: Leftovers
|-heal|p1a: Blissey|84/100|[from] item: Leftovers
|upkeep
|turn|26
|inactive|xXEricXx has 240 seconds left.
|
|t:|1728842830
|move|p2a: Salamence|Brick Break|p1a: Blissey
|-supereffective|p1a: Blissey
|-damage|p1a: Blissey|27/100
|move|p1a: Blissey|Ice Beam|p2a: Salamence
|-supereffective|p2a: Salamence
|-damage|p2a: Salamence|0 fnt
|faint|p2a: Salamence
|
|t:|1728842854
|switch|p2a: Snorlax|Snorlax, M, shiny|42/100
|-damage|p2a: Snorlax|29/100|[from] Spikes
|
|-weather|Sandstorm|[upkeep]
|-damage|p1a: Blissey|21/100|[from] Sandstorm
|-damage|p2a: Snorlax|23/100|[from] Sandstorm
|-heal|p1a: Blissey|27/100|[from] item: Leftovers
|-heal|p2a: Snorlax|29/100|[from] item: Leftovers
|upkeep
|turn|27
|
|t:|1728842860
|move|p1a: Blissey|Wish|p1a: Blissey
|move|p2a: Snorlax|Self-Destruct|p1a: Blissey
|-damage|p1a: Blissey|0 fnt
|faint|p2a: Snorlax
|faint|p1a: Blissey
|
|t:|1728842877
|switch|p1a: Forretress|Forretress, F|52/100 par
|switch|p2a: Metagross|Metagross|98/100
|-damage|p2a: Metagross|86/100|[from] Spikes
|
|-weather|Sandstorm|[upkeep]
|-heal|p1a: Forretress|58/100 par|[from] item: Leftovers
|upkeep
|turn|28
|
|t:|1728842884
|move|p2a: Metagross|Explosion|p1a: Forretress
|-resisted|p1a: Forretress
|-damage|p1a: Forretress|0 fnt
|faint|p2a: Metagross
|faint|p1a: Forretress
|
|t:|1728842888
|switch|p2a: Breloom|Breloom, M|100/100
|switch|p1a: Tyranitar|Tyranitar, M|100/100
|-damage|p2a: Breloom|88/100|[from] Spikes
|
|-weather|Sandstorm|[upkeep]
|-damage|p2a: Breloom|82/100|[from] Sandstorm
|-heal|p2a: Breloom|88/100|[from] item: Leftovers
|upkeep
|turn|29
|
|t:|1728842892
|move|p2a: Breloom|Mach Punch|p1a: Tyranitar
|-supereffective|p1a: Tyranitar
|-damage|p1a: Tyranitar|31/100
|move|p1a: Tyranitar|Fire Blast|p2a: Breloom
|-supereffective|p2a: Breloom
|-damage|p2a: Breloom|0 fnt
|faint|p2a: Breloom
|c|☆Genexys|ggwp
|c|☆xXEricXx|gg
|
|t:|1728842898
|switch|p2a: Houndoom|Houndoom, F|100/100
|-damage|p2a: Houndoom|88/100|[from] Spikes
|
|-weather|Sandstorm|[upkeep]
|-damage|p2a: Houndoom|82/100|[from] Sandstorm
|-heal|p2a: Houndoom|88/100|[from] item: Leftovers
|-heal|p1a: Tyranitar|37/100|[from] item: Leftovers
|upkeep
|turn|30
|
|t:|1728842901
|move|p2a: Houndoom|Hidden Power|p1a: Tyranitar
|-supereffective|p1a: Tyranitar
|-damage|p1a: Tyranitar|0 fnt
|faint|p1a: Tyranitar
|
|win|xXEricXx

</script>
<script type="application/json" class="data" id="replaydata-smogtours-gen3ou-798217">
{"id":"smogtours-gen3ou-798217","format":"[Gen 3] OU","players":["Genexys","xXEricXx"],"uploadtime":1728842901,"views":116,"formatid":"gen3ou","rating":null,"private":0,"password":null}
</script>

<script defer src="js/replays.js?9d40a366"></script>
