<!DOCTYPE html>
<meta charset="utf-8" />
<meta name="viewport" content="width=device-width" />

<title>[Gen 3] OU: T1W1B vs. EatYourToast - Replays - Pok&eacute;mon Showdown!</title>

<meta name="description" content="Watch a replay of a Pok&eacute;mon battle between T1W1B and EatYourToast! Format: [Gen 3] OU; Date: Oct 17, 2024" />
<!--

Hey, you! Looking in the source for the replay log?

You can find them in JSON format, just add `.json` at the end of a replay URL.

https://replay.pokemonshowdown.com/gen7randomdoublesbattle-865046831.json

Or, if you only need the log itself, add `.log` instead:

https://replay.pokemonshowdown.com/gen7randomdoublesbattle-865046831.log

-->

<link rel="stylesheet" href="//pokemonshowdown.com/style/global.css?0.023195364461161105" />
<link rel="stylesheet" href="//play.pokemonshowdown.com/style/font-awesome.css?0.13261647063804238" />
<link rel="stylesheet" href="//play.pokemonshowdown.com/style/battle.css?0.8753245789963631" />
<link rel="stylesheet" href="//play.pokemonshowdown.com/style/utilichart.css?0.8627959624976733" />

<!-- Global site tag (gtag.js) - Google Analytics -->
<script async src="https://www.googletagmanager.com/gtag/js?id=UA-26211653-1"></script>
<script>
  window.dataLayer = window.dataLayer || [];
  function gtag(){dataLayer.push(arguments);}
  gtag('js', new Date());

  gtag('config', 'UA-26211653-1');
</script>
<!-- End Google Analytics -->
<!-- Venatus Ad Manager - Install in <HEAD> of page -->
	<script src="https://hb.vntsm.com/v3/live/ad-manager.min.js" type="text/javascript" data-site-id="642aba63ec9a7b11c3c9c1be" data-mode="scan" async></script>
<!-- / Venatus Ad Manager -->

<style>
	@media (max-width:820px) {
		.battle {
			margin: 0 auto;
		}
		.battle-log {
			margin: 7px auto 0;
			max-width: 640px;
			height: 300px;
			position: static;
		}
	}
	.optgroup {
		display: inline-block;
		line-height: 22px;
		font-size: 10pt;
	}
	.optgroup .button {
		height: 25px;
		padding-top: 0;
		padding-bottom: 0;
	}
	.optgroup button.button {
		padding-left: 12px;
		padding-right: 12px;
	}
	.linklist {
		list-style: none;
		margin: 0.5em 0;
		padding: 0;
	}
	.linklist li {
		padding: 2px 0;
	}
	.sidebar {
		float: left;
		width: 320px;
	}
	.bar-wrapper {
		max-width: 1100px;
		margin: 0 auto;
	}
	.bar-wrapper.has-sidebar {
		max-width: 1430px;
	}
	.mainbar {
		margin: 0;
		padding-right: 1px;
	}
	.mainbar.has-sidebar {
		margin-left: 330px;
	}
	@media (min-width: 1511px) {
		.sidebar {
			width: 400px;
		}
		.bar-wrapper.has-sidebar {
			max-width: 1510px;
		}
		.mainbar.has-sidebar {
			margin-left: 410px;
		}
	}
	.section.first-section {
		margin-top: 9px;
	}
	.blocklink small {
		white-space: normal;
	}
	.button {
		vertical-align: middle;
	}
	.replay-controls {
		padding-top: 10px;
	}
	.replay-controls h1 {
		font-size: 16pt;
		font-weight: normal;
		color: #CCC;
	}
	.pagelink {
		text-align: center;
	}
	.pagelink a {
		width: 150px;
	}
	.textbox, .button {
		font-size: 11pt;
		vertical-align: middle;
	}
	@media (max-width: 450px) {
		.button {
			font-size: 9pt;
		}
	}
</style>

<div>

	<header>
		<div class="nav-wrapper"><ul class="nav">
			<li><a class="button nav-first" href="//pokemonshowdown.com/"><img src="//pokemonshowdown.com/images/pokemonshowdownbeta.png" srcset="//pokemonshowdown.com/images/pokemonshowdownbeta.png 1x, //pokemonshowdown.com/images/pokemonshowdownbeta@2x.png 2x" alt="Pok&eacute;mon Showdown" width="146" height="44" /> Home</a></li>
			<li><a class="button" href="//pokemonshowdown.com/dex/">Pok&eacute;dex</a></li>
			<li><a class="button cur" href="/">Replays</a></li>
			<li><a class="button" href="//pokemonshowdown.com/ladder/">Ladder</a></li>
			<li><a class="button nav-last" href="//pokemonshowdown.com/forums/">Forum</a></li>
			<li><a class="button greenbutton nav-first nav-last" href="//play.pokemonshowdown.com/">Play</a></li>
		</ul></div>
	</header>

	<div class="main" id="main">

		<noscript><section class="section">You need to enable JavaScript to use this page; sorry!</section></noscript>

	</div>

</div>

<script defer nomodule src="//play.pokemonshowdown.com/js/lib/ps-polyfill.js"></script>
<script defer src="//play.pokemonshowdown.com/js/lib/preact.min.js"></script>

<script defer src="//play.pokemonshowdown.com/config/config.js?2bddbc15"></script>
<script defer src="//play.pokemonshowdown.com/js/lib/jquery-1.11.0.min.js"></script>
<script defer src="//play.pokemonshowdown.com/js/lib/html-sanitizer-minified.js"></script>
<script defer src="//play.pokemonshowdown.com/js/battle-sound.js"></script>
<script defer src="//play.pokemonshowdown.com/js/battledata.js?0.7209276989879541"></script>
<script defer src="//play.pokemonshowdown.com/data/pokedex-mini.js?0.6111056340867951"></script>
<script defer src="//play.pokemonshowdown.com/data/pokedex-mini-bw.js?0.3532142036491459"></script>
<script defer src="//play.pokemonshowdown.com/data/graphics.js?0.24223875632456182"></script>
<script defer src="//play.pokemonshowdown.com/data/pokedex.js?0.38839984266356864"></script>
<script defer src="//play.pokemonshowdown.com/data/moves.js?0.21866028504024015"></script>
<script defer src="//play.pokemonshowdown.com/data/abilities.js?0.2005157953846628"></script>
<script defer src="//play.pokemonshowdown.com/data/items.js?0.9894211263848525"></script>
<script defer src="//play.pokemonshowdown.com/data/teambuilder-tables.js?0.6008791140282215"></script>
<script defer src="//play.pokemonshowdown.com/js/battle-tooltips.js?0.7580118955022959"></script>
<script defer src="//play.pokemonshowdown.com/js/battle.js?0.6057722274234274"></script>

<script defer src="js/utils.js?e31f9a17"></script>
<script defer src="js/replays-battle.js?7008c182"></script>

<!-- don't scrape this data! just add .json or .log after the URL!
Full API docs: https://github.com/smogon/pokemon-showdown-client/blob/master/WEB-API.md -->
<script type="text/plain" class="log" id="replaylog-smogtours-gen3ou-799315">
|inactive|Battle timer is ON: inactive players will automatically lose when time's up.
|t:|1729190581
|gametype|singles
|player|p1|T1W1B|whitney|
|player|p2|EatYourToast|2|
|teamsize|p1|6
|teamsize|p2|6
|gen|3
|tier|[Gen 3] OU
|rule|Sleep Clause Mod: Limit one foe put to sleep
|rule|Switch Priority Clause Mod: Faster Pokémon switch first
|rule|Species Clause: Limit one of each Pokémon
|rule|OHKO Clause: OHKO moves are banned
|rule|Evasion Items Clause: Evasion items are banned
|rule|Evasion Moves Clause: Evasion moves are banned
|rule|Endless Battle Clause: Forcing endless battles is banned
|rule|HP Percentage Mod: HP is shown in percentages
|rule|One Boost Passer Clause: Limit one Baton Passer that has a way to boost its stats
|rule|Freeze Clause Mod: Limit one foe frozen
|
|t:|1729190581
|start
|switch|p1a: Tyranitar|Tyranitar, M|100/100
|switch|p2a: Reese's Puffs|Forretress, F|100/100
|-weather|Sandstorm|[from] ability: Sand Stream|[of] p1a: Tyranitar
|turn|1
|c|☆T1W1B|hf
|
|t:|1729190592
|switch|p2a: Captain Crunch|Swampert, M|100/100
|move|p1a: Tyranitar|Fire Blast|p2a: Captain Crunch
|-resisted|p2a: Captain Crunch
|-damage|p2a: Captain Crunch|83/100
|
|-weather|Sandstorm|[upkeep]
|-heal|p2a: Captain Crunch|89/100|[from] item: Leftovers
|upkeep
|turn|2
|
|t:|1729190604
|switch|p1a: Skarmory|Skarmory, F|100/100
|move|p2a: Captain Crunch|Roar|p1a: Skarmory
|drag|p1a: Swampert|Swampert, F|100/100
|
|-weather|Sandstorm|[upkeep]
|-heal|p2a: Captain Crunch|96/100|[from] item: Leftovers
|upkeep
|turn|3
|
|t:|1729190612
|switch|p1a: Skarmory|Skarmory, F|100/100
|move|p2a: Captain Crunch|Toxic|p1a: Skarmory
|-immune|p1a: Skarmory
|
|-weather|Sandstorm|[upkeep]
|-heal|p2a: Captain Crunch|100/100|[from] item: Leftovers
|upkeep
|turn|4
|
|t:|1729190622
|switch|p2a: Reese's Puffs|Forretress, F|100/100
|move|p1a: Skarmory|Spikes|p2a: Reese's Puffs
|-sidestart|p2: EatYourToast|Spikes
|
|-weather|Sandstorm|[upkeep]
|upkeep
|turn|5
|
|t:|1729190641
|switch|p1a: Salamence|Salamence, M|100/100
|-ability|p1a: Salamence|Intimidate|boost
|-unboost|p2a: Reese's Puffs|atk|1
|move|p2a: Reese's Puffs|Spikes|p1a: Salamence
|-sidestart|p1: T1W1B|Spikes
|
|-weather|Sandstorm|[upkeep]
|-damage|p1a: Salamence|94/100|[from] Sandstorm
|-heal|p1a: Salamence|100/100|[from] item: Leftovers
|upkeep
|turn|6
|
|t:|1729190662
|switch|p2a: Zaptwo|Zapdos|100/100
|move|p1a: Salamence|Hidden Power|p2a: Zaptwo
|-resisted|p2a: Zaptwo
|-crit|p2a: Zaptwo
|-damage|p2a: Zaptwo|83/100
|
|-weather|Sandstorm|[upkeep]
|-damage|p1a: Salamence|94/100|[from] Sandstorm
|-damage|p2a: Zaptwo|77/100|[from] Sandstorm
|-heal|p1a: Salamence|100/100|[from] item: Leftovers
|-heal|p2a: Zaptwo|83/100|[from] item: Leftovers
|upkeep
|turn|7
|inactive|T1W1B has 270 seconds left.
|
|t:|1729190715
|switch|p1a: Jirachi|Jirachi|100/100
|-damage|p1a: Jirachi|88/100|[from] Spikes
|move|p2a: Zaptwo|Thunderbolt|p1a: Jirachi
|-damage|p1a: Jirachi|64/100
|
|-weather|Sandstorm|[upkeep]
|-damage|p2a: Zaptwo|77/100|[from] Sandstorm
|-heal|p2a: Zaptwo|83/100|[from] item: Leftovers
|-heal|p1a: Jirachi|70/100|[from] item: Leftovers
|upkeep
|turn|8
|inactive|EatYourToast has 270 seconds left.
|
|t:|1729190732
|move|p2a: Zaptwo|Thunderbolt|p1a: Jirachi
|-damage|p1a: Jirachi|42/100
|move|p1a: Jirachi|Wish|p1a: Jirachi
|
|-weather|Sandstorm|[upkeep]
|-damage|p2a: Zaptwo|77/100|[from] Sandstorm
|-heal|p2a: Zaptwo|83/100|[from] item: Leftovers
|-heal|p1a: Jirachi|48/100|[from] item: Leftovers
|upkeep
|turn|9
|
|t:|1729190741
|switch|p2a: Captain Crunch|Swampert, M|100/100
|-damage|p2a: Captain Crunch|88/100|[from] Spikes
|move|p1a: Jirachi|Toxic|p2a: Captain Crunch
|-status|p2a: Captain Crunch|tox
|
|-heal|p1a: Jirachi|98/100|[from] move: Wish|[wisher] Jirachi
|-weather|Sandstorm|[upkeep]
|-heal|p1a: Jirachi|100/100|[from] item: Leftovers
|-heal|p2a: Captain Crunch|94/100 tox|[from] item: Leftovers
|-damage|p2a: Captain Crunch|88/100 tox|[from] psn
|upkeep
|turn|10
|inactive|T1W1B has 270 seconds left.
|inactive|EatYourToast has 270 seconds left.
|
|t:|1729190769
|switch|p2a: Egg|Blissey, F|100/100
|-damage|p2a: Egg|88/100|[from] Spikes
|move|p1a: Jirachi|Protect||[still]
|-fail|p1a: Jirachi
|
|-weather|Sandstorm|[upkeep]
|-damage|p2a: Egg|82/100|[from] Sandstorm
|-heal|p2a: Egg|88/100|[from] item: Leftovers
|upkeep
|turn|11
|inactive|EatYourToast has 270 seconds left.
|
|t:|1729190788
|move|p1a: Jirachi|Toxic|p2a: Egg
|-status|p2a: Egg|tox
|move|p2a: Egg|Seismic Toss|p1a: Jirachi
|-damage|p1a: Jirachi|76/100
|
|-weather|Sandstorm|[upkeep]
|-damage|p2a: Egg|82/100 tox|[from] Sandstorm
|-heal|p1a: Jirachi|82/100|[from] item: Leftovers
|-heal|p2a: Egg|88/100 tox|[from] item: Leftovers
|-damage|p2a: Egg|82/100 tox|[from] psn
|upkeep
|turn|12
|
|t:|1729190798
|move|p1a: Jirachi|Wish|p1a: Jirachi
|move|p2a: Egg|Thunder Wave|p1a: Jirachi
|-status|p1a: Jirachi|par
|
|-weather|Sandstorm|[upkeep]
|-damage|p2a: Egg|76/100 tox|[from] Sandstorm
|-heal|p2a: Egg|82/100 tox|[from] item: Leftovers
|-damage|p2a: Egg|70/100 tox|[from] psn
|-heal|p1a: Jirachi|88/100 par|[from] item: Leftovers
|upkeep
|turn|13
|inactive|T1W1B has 270 seconds left.
|inactive|EatYourToast has 270 seconds left.
|
|t:|1729190825
|-curestatus|p2a: Egg|tox|[from] ability: Natural Cure
|switch|p2a: Captain Crunch|Swampert, M|88/100 tox
|-damage|p2a: Captain Crunch|76/100 tox|[from] Spikes
|move|p1a: Jirachi|Fire Punch|p2a: Captain Crunch
|-resisted|p2a: Captain Crunch
|-damage|p2a: Captain Crunch|68/100 tox
|
|-heal|p1a: Jirachi|100/100 par|[from] move: Wish|[wisher] Jirachi
|-weather|Sandstorm|[upkeep]
|-heal|p2a: Captain Crunch|74/100 tox|[from] item: Leftovers
|-damage|p2a: Captain Crunch|68/100 tox|[from] psn
|upkeep
|turn|14
|
|t:|1729190839
|switch|p1a: Salamence|Salamence, M|100/100
|-ability|p1a: Salamence|Intimidate|boost
|-unboost|p2a: Captain Crunch|atk|1
|move|p2a: Captain Crunch|Surf|p1a: Salamence
|-resisted|p1a: Salamence
|-damage|p1a: Salamence|82/100
|
|-weather|Sandstorm|[upkeep]
|-damage|p1a: Salamence|76/100|[from] Sandstorm
|-heal|p1a: Salamence|82/100|[from] item: Leftovers
|-heal|p2a: Captain Crunch|74/100 tox|[from] item: Leftovers
|-damage|p2a: Captain Crunch|62/100 tox|[from] psn
|upkeep
|turn|15
|
|t:|1729190856
|switch|p2a: Zaptwo|Zapdos|83/100
|move|p1a: Salamence|Hidden Power|p2a: Zaptwo
|-resisted|p2a: Zaptwo
|-damage|p2a: Zaptwo|75/100
|
|-weather|Sandstorm|[upkeep]
|-damage|p1a: Salamence|76/100|[from] Sandstorm
|-damage|p2a: Zaptwo|69/100|[from] Sandstorm
|-heal|p1a: Salamence|82/100|[from] item: Leftovers
|-heal|p2a: Zaptwo|75/100|[from] item: Leftovers
|upkeep
|turn|16
|
|t:|1729190873
|switch|p1a: Jirachi|Jirachi|100/100 par
|-damage|p1a: Jirachi|88/100 par|[from] Spikes
|move|p2a: Zaptwo|Thunderbolt|p1a: Jirachi
|-damage|p1a: Jirachi|62/100 par
|
|-weather|Sandstorm|[upkeep]
|-damage|p2a: Zaptwo|69/100|[from] Sandstorm
|-heal|p2a: Zaptwo|75/100|[from] item: Leftovers
|-heal|p1a: Jirachi|69/100 par|[from] item: Leftovers
|upkeep
|turn|17
|
|t:|1729190883
|move|p2a: Zaptwo|Thunderbolt|p1a: Jirachi
|-damage|p1a: Jirachi|41/100 par
|move|p1a: Jirachi|Wish|p1a: Jirachi
|
|-weather|Sandstorm|[upkeep]
|-damage|p2a: Zaptwo|69/100|[from] Sandstorm
|-heal|p2a: Zaptwo|75/100|[from] item: Leftovers
|-heal|p1a: Jirachi|47/100 par|[from] item: Leftovers
|upkeep
|turn|18
|inactive|T1W1B has 270 seconds left.
|
|t:|1729190891
|move|p2a: Zaptwo|Thunderbolt|p1a: Jirachi
|-damage|p1a: Jirachi|23/100 par
|move|p1a: Jirachi|Toxic|p2a: Zaptwo
|-status|p2a: Zaptwo|tox
|
|-heal|p1a: Jirachi|73/100 par|[from] move: Wish|[wisher] Jirachi
|-weather|Sandstorm|[upkeep]
|-damage|p2a: Zaptwo|69/100 tox|[from] Sandstorm
|-heal|p2a: Zaptwo|75/100 tox|[from] item: Leftovers
|-damage|p2a: Zaptwo|69/100 tox|[from] psn
|-heal|p1a: Jirachi|79/100 par|[from] item: Leftovers
|upkeep
|turn|19
|
|t:|1729190903
|move|p2a: Zaptwo|Thunderbolt|p1a: Jirachi
|-damage|p1a: Jirachi|55/100 par
|move|p1a: Jirachi|Wish|p1a: Jirachi
|
|-weather|Sandstorm|[upkeep]
|-damage|p2a: Zaptwo|62/100 tox|[from] Sandstorm
|-heal|p2a: Zaptwo|69/100 tox|[from] item: Leftovers
|-damage|p2a: Zaptwo|56/100 tox|[from] psn
|-heal|p1a: Jirachi|61/100 par|[from] item: Leftovers
|upkeep
|turn|20
|
|t:|1729190914
|move|p2a: Zaptwo|Rest|p2a: Zaptwo
|-status|p2a: Zaptwo|slp|[from] move: Rest
|-heal|p2a: Zaptwo|100/100 slp|[silent]
|move|p1a: Jirachi|Fire Punch|p2a: Zaptwo
|-damage|p2a: Zaptwo|89/100 slp
|
|-heal|p1a: Jirachi|100/100 par|[from] move: Wish|[wisher] Jirachi
|-weather|Sandstorm|[upkeep]
|-damage|p2a: Zaptwo|82/100 slp|[from] Sandstorm
|-heal|p2a: Zaptwo|89/100 slp|[from] item: Leftovers
|upkeep
|turn|21
|
|t:|1729190932
|switch|p1a: Zapdos|Zapdos|100/100
|cant|p2a: Zaptwo|slp
|move|p2a: Zaptwo|Sleep Talk|p2a: Zaptwo
|move|p2a: Zaptwo|Thunderbolt|p1a: Zapdos|[from]Sleep Talk
|-damage|p1a: Zapdos|51/100
|
|-weather|Sandstorm|[upkeep]
|-damage|p1a: Zapdos|45/100|[from] Sandstorm
|-damage|p2a: Zaptwo|82/100 slp|[from] Sandstorm
|-heal|p1a: Zapdos|51/100|[from] item: Leftovers
|-heal|p2a: Zaptwo|89/100 slp|[from] item: Leftovers
|upkeep
|turn|22
|
|t:|1729190942
|move|p1a: Zapdos|Thunderbolt|p2a: Zaptwo
|-damage|p2a: Zaptwo|56/100 slp
|cant|p2a: Zaptwo|slp
|move|p2a: Zaptwo|Sleep Talk|p2a: Zaptwo
|move|p2a: Zaptwo|Rest|p2a: Zaptwo|[from]Sleep Talk
|
|-weather|Sandstorm|[upkeep]
|-damage|p1a: Zapdos|45/100|[from] Sandstorm
|-damage|p2a: Zaptwo|50/100 slp|[from] Sandstorm
|-heal|p1a: Zapdos|51/100|[from] item: Leftovers
|-heal|p2a: Zaptwo|56/100 slp|[from] item: Leftovers
|upkeep
|turn|23
|
|t:|1729190953
|move|p1a: Zapdos|Thunderbolt|p2a: Zaptwo
|-damage|p2a: Zaptwo|24/100 slp
|-curestatus|p2a: Zaptwo|slp|[msg]
|move|p2a: Zaptwo|Thunderbolt|p1a: Zapdos
|-damage|p1a: Zapdos|5/100
|
|-weather|Sandstorm|[upkeep]
|-damage|p1a: Zapdos|0 fnt|[from] Sandstorm
|-damage|p2a: Zaptwo|18/100|[from] Sandstorm
|faint|p1a: Zapdos
|-heal|p2a: Zaptwo|24/100|[from] item: Leftovers
|upkeep
|
|t:|1729190961
|switch|p1a: Salamence|Salamence, M|82/100
|-ability|p1a: Salamence|Intimidate|boost
|-unboost|p2a: Zaptwo|atk|1
|turn|24
|
|t:|1729190979
|switch|p2a: Egg|Blissey, F|70/100
|-damage|p2a: Egg|57/100|[from] Spikes
|move|p1a: Salamence|Dragon Claw|p2a: Egg
|-damage|p2a: Egg|41/100
|
|-weather|Sandstorm|[upkeep]
|-damage|p1a: Salamence|76/100|[from] Sandstorm
|-damage|p2a: Egg|35/100|[from] Sandstorm
|-heal|p1a: Salamence|82/100|[from] item: Leftovers
|-heal|p2a: Egg|41/100|[from] item: Leftovers
|upkeep
|turn|25
|
|t:|1729190997
|switch|p2a: Captain Crunch|Swampert, M|62/100 tox
|-damage|p2a: Captain Crunch|49/100 tox|[from] Spikes
|move|p1a: Salamence|Brick Break|p2a: Captain Crunch
|-damage|p2a: Captain Crunch|34/100 tox
|
|-weather|Sandstorm|[upkeep]
|-damage|p1a: Salamence|76/100|[from] Sandstorm
|-heal|p1a: Salamence|82/100|[from] item: Leftovers
|-heal|p2a: Captain Crunch|40/100 tox|[from] item: Leftovers
|-damage|p2a: Captain Crunch|34/100 tox|[from] psn
|upkeep
|turn|26
|
|t:|1729191007
|move|p1a: Salamence|Hidden Power|p2a: Captain Crunch
|-supereffective|p2a: Captain Crunch
|-damage|p2a: Captain Crunch|0 fnt
|faint|p2a: Captain Crunch
|
|t:|1729191011
|switch|p2a: Boo|Aerodactyl, M|100/100
|
|-weather|Sandstorm|[upkeep]
|-damage|p1a: Salamence|76/100|[from] Sandstorm
|-heal|p1a: Salamence|82/100|[from] item: Leftovers
|upkeep
|turn|27
|
|t:|1729191024
|switch|p1a: Swampert|Swampert, F|100/100
|-damage|p1a: Swampert|88/100|[from] Spikes
|move|p2a: Boo|Rock Slide|p1a: Swampert
|-resisted|p1a: Swampert
|-damage|p1a: Swampert|72/100
|
|-weather|Sandstorm|[upkeep]
|-heal|p1a: Swampert|79/100|[from] item: Leftovers
|upkeep
|turn|28
|
|t:|1729191057
|switch|p2a: Reese's Puffs|Forretress, F|100/100
|-damage|p2a: Reese's Puffs|88/100|[from] Spikes
|move|p1a: Swampert|Ice Beam|p2a: Reese's Puffs
|-resisted|p2a: Reese's Puffs
|-damage|p2a: Reese's Puffs|80/100
|
|-weather|Sandstorm|[upkeep]
|-heal|p1a: Swampert|85/100|[from] item: Leftovers
|-heal|p2a: Reese's Puffs|86/100|[from] item: Leftovers
|upkeep
|turn|29
|
|t:|1729191067
|switch|p1a: Salamence|Salamence, M|82/100
|-ability|p1a: Salamence|Intimidate|boost
|-unboost|p2a: Reese's Puffs|atk|1
|move|p2a: Reese's Puffs|Rapid Spin|p1a: Salamence
|-damage|p1a: Salamence|79/100
|-sideend|p2: EatYourToast|Spikes|[from] move: Rapid Spin|[of] p2a: Reese's Puffs
|
|-weather|Sandstorm|[upkeep]
|-damage|p1a: Salamence|73/100|[from] Sandstorm
|-heal|p1a: Salamence|79/100|[from] item: Leftovers
|-heal|p2a: Reese's Puffs|92/100|[from] item: Leftovers
|upkeep
|turn|30
|inactive|EatYourToast has 240 seconds left.
|inactive|EatYourToast has 210 seconds left.
|
|t:|1729191136
|switch|p2a: Coco Pebbles|Tyranitar, M|100/100
|move|p1a: Salamence|Fire Blast|p2a: Coco Pebbles
|-resisted|p2a: Coco Pebbles
|-damage|p2a: Coco Pebbles|83/100
|
|-weather|Sandstorm|[upkeep]
|-damage|p1a: Salamence|73/100|[from] Sandstorm
|-heal|p1a: Salamence|79/100|[from] item: Leftovers
|-heal|p2a: Coco Pebbles|90/100|[from] item: Leftovers
|upkeep
|turn|31
|inactive|EatYourToast has 180 seconds left.
|inactive|EatYourToast has 150 seconds left.
|
|t:|1729191207
|switch|p1a: Swampert|Swampert, F|85/100
|-damage|p1a: Swampert|72/100|[from] Spikes
|move|p2a: Coco Pebbles|Counter|p1a: Swampert
|
|-weather|Sandstorm|[upkeep]
|-heal|p2a: Coco Pebbles|96/100|[from] item: Leftovers
|-heal|p1a: Swampert|79/100|[from] item: Leftovers
|upkeep
|turn|32
|
|t:|1729191221
|switch|p2a: Egg|Blissey, F|41/100
|move|p1a: Swampert|Ice Beam|p2a: Egg
|-damage|p2a: Egg|34/100
|
|-weather|Sandstorm|[upkeep]
|-damage|p2a: Egg|28/100|[from] Sandstorm
|-heal|p2a: Egg|34/100|[from] item: Leftovers
|-heal|p1a: Swampert|85/100|[from] item: Leftovers
|upkeep
|turn|33
|
|t:|1729191233
|switch|p1a: Jirachi|Jirachi|100/100 par
|-damage|p1a: Jirachi|88/100 par|[from] Spikes
|move|p2a: Egg|Soft-Boiled|p2a: Egg
|-heal|p2a: Egg|84/100
|
|-weather|Sandstorm|[upkeep]
|-damage|p2a: Egg|78/100|[from] Sandstorm
|-heal|p2a: Egg|84/100|[from] item: Leftovers
|-heal|p1a: Jirachi|94/100 par|[from] item: Leftovers
|upkeep
|turn|34
|
|t:|1729191244
|move|p2a: Egg|Seismic Toss|p1a: Jirachi
|-damage|p1a: Jirachi|70/100 par
|move|p1a: Jirachi|Toxic|p2a: Egg
|-status|p2a: Egg|tox
|
|-weather|Sandstorm|[upkeep]
|-damage|p2a: Egg|78/100 tox|[from] Sandstorm
|-heal|p2a: Egg|84/100 tox|[from] item: Leftovers
|-damage|p2a: Egg|78/100 tox|[from] psn
|-heal|p1a: Jirachi|76/100 par|[from] item: Leftovers
|upkeep
|turn|35
|
|t:|1729191256
|move|p2a: Egg|Wish|p2a: Egg
|move|p1a: Jirachi|Wish|p1a: Jirachi
|
|-weather|Sandstorm|[upkeep]
|-damage|p2a: Egg|71/100 tox|[from] Sandstorm
|-heal|p2a: Egg|78/100 tox|[from] item: Leftovers
|-damage|p2a: Egg|65/100 tox|[from] psn
|-heal|p1a: Jirachi|82/100 par|[from] item: Leftovers
|upkeep
|turn|36
|
|t:|1729191269
|-curestatus|p2a: Egg|tox|[from] ability: Natural Cure
|switch|p2a: Coco Pebbles|Tyranitar, M|96/100
|cant|p1a: Jirachi|par
|
|-heal|p2a: Coco Pebbles|100/100|[from] move: Wish|[wisher] Egg
|-heal|p1a: Jirachi|100/100 par|[from] move: Wish|[wisher] Jirachi
|-weather|Sandstorm|[upkeep]
|upkeep
|turn|37
|
|t:|1729191282
|switch|p1a: Swampert|Swampert, F|85/100
|-damage|p1a: Swampert|72/100|[from] Spikes
|move|p2a: Coco Pebbles|Flamethrower|p1a: Swampert
|-resisted|p1a: Swampert
|-damage|p1a: Swampert|61/100
|
|-weather|Sandstorm|[upkeep]
|-heal|p1a: Swampert|67/100|[from] item: Leftovers
|upkeep
|turn|38
|
|t:|1729191291
|move|p2a: Coco Pebbles|Crunch|p1a: Swampert
|-damage|p1a: Swampert|35/100
|move|p1a: Swampert|Earthquake|p2a: Coco Pebbles
|-supereffective|p2a: Coco Pebbles
|-damage|p2a: Coco Pebbles|41/100
|
|-weather|Sandstorm|[upkeep]
|-heal|p2a: Coco Pebbles|47/100|[from] item: Leftovers
|-heal|p1a: Swampert|42/100|[from] item: Leftovers
|upkeep
|turn|39
|
|t:|1729191300
|move|p2a: Coco Pebbles|Crunch|p1a: Swampert
|-damage|p1a: Swampert|11/100
|move|p1a: Swampert|Earthquake|p2a: Coco Pebbles
|-supereffective|p2a: Coco Pebbles
|-damage|p2a: Coco Pebbles|0 fnt
|faint|p2a: Coco Pebbles
|
|t:|1729191312
|switch|p2a: Zaptwo|Zapdos|24/100
|
|-weather|Sandstorm|[upkeep]
|-damage|p2a: Zaptwo|18/100|[from] Sandstorm
|-heal|p2a: Zaptwo|24/100|[from] item: Leftovers
|-heal|p1a: Swampert|17/100|[from] item: Leftovers
|upkeep
|turn|40
|
|t:|1729191325
|move|p2a: Zaptwo|Rest|p2a: Zaptwo
|-status|p2a: Zaptwo|slp|[from] move: Rest
|-heal|p2a: Zaptwo|100/100 slp|[silent]
|move|p1a: Swampert|Ice Beam|p2a: Zaptwo
|-supereffective|p2a: Zaptwo
|-damage|p2a: Zaptwo|73/100 slp
|
|-weather|Sandstorm|[upkeep]
|-damage|p2a: Zaptwo|66/100 slp|[from] Sandstorm
|-heal|p2a: Zaptwo|73/100 slp|[from] item: Leftovers
|-heal|p1a: Swampert|23/100|[from] item: Leftovers
|upkeep
|turn|41
|
|t:|1729191335
|cant|p2a: Zaptwo|slp
|move|p2a: Zaptwo|Sleep Talk|p2a: Zaptwo
|move|p2a: Zaptwo|Rest|p2a: Zaptwo|[from]Sleep Talk
|move|p1a: Swampert|Ice Beam|p2a: Zaptwo
|-supereffective|p2a: Zaptwo
|-damage|p2a: Zaptwo|48/100 slp
|
|-weather|Sandstorm|[upkeep]
|-damage|p2a: Zaptwo|41/100 slp|[from] Sandstorm
|-heal|p2a: Zaptwo|48/100 slp|[from] item: Leftovers
|-heal|p1a: Swampert|30/100|[from] item: Leftovers
|upkeep
|turn|42
|
|t:|1729191346
|cant|p2a: Zaptwo|slp
|move|p2a: Zaptwo|Sleep Talk|p2a: Zaptwo
|move|p2a: Zaptwo|Rest|p2a: Zaptwo|[from]Sleep Talk
|move|p1a: Swampert|Ice Beam|p2a: Zaptwo
|-supereffective|p2a: Zaptwo
|-damage|p2a: Zaptwo|22/100 slp
|
|-weather|Sandstorm|[upkeep]
|-damage|p2a: Zaptwo|16/100 slp|[from] Sandstorm
|-heal|p2a: Zaptwo|22/100 slp|[from] item: Leftovers
|-heal|p1a: Swampert|36/100|[from] item: Leftovers
|upkeep
|turn|43
|
|t:|1729191356
|-curestatus|p2a: Zaptwo|slp|[msg]
|move|p2a: Zaptwo|Hidden Power|p1a: Swampert
|-supereffective|p1a: Swampert
|-damage|p1a: Swampert|0 fnt
|faint|p1a: Swampert
|
|t:|1729191365
|switch|p1a: Salamence|Salamence, M|79/100
|-ability|p1a: Salamence|Intimidate|boost
|-unboost|p2a: Zaptwo|atk|1
|
|-weather|Sandstorm|[upkeep]
|-damage|p1a: Salamence|73/100|[from] Sandstorm
|-damage|p2a: Zaptwo|16/100|[from] Sandstorm
|-heal|p1a: Salamence|79/100|[from] item: Leftovers
|-heal|p2a: Zaptwo|22/100|[from] item: Leftovers
|upkeep
|turn|44
|inactive|EatYourToast has 150 seconds left.
|inactive|EatYourToast has 120 seconds left.
|inactive|EatYourToast has 90 seconds left.
|
|t:|1729191434
|move|p1a: Salamence|Brick Break|p2a: Zaptwo
|-resisted|p2a: Zaptwo
|-damage|p2a: Zaptwo|12/100
|move|p2a: Zaptwo|Rest|p2a: Zaptwo
|-status|p2a: Zaptwo|slp|[from] move: Rest
|-heal|p2a: Zaptwo|100/100 slp|[silent]
|
|-weather|Sandstorm|[upkeep]
|-damage|p1a: Salamence|73/100|[from] Sandstorm
|-damage|p2a: Zaptwo|94/100 slp|[from] Sandstorm
|-heal|p1a: Salamence|79/100|[from] item: Leftovers
|-heal|p2a: Zaptwo|100/100 slp|[from] item: Leftovers
|upkeep
|turn|45
|inactive|EatYourToast has 90 seconds left.
|
|t:|1729191445
|move|p1a: Salamence|Dragon Claw|p2a: Zaptwo
|-damage|p2a: Zaptwo|73/100 slp
|cant|p2a: Zaptwo|slp
|move|p2a: Zaptwo|Sleep Talk|p2a: Zaptwo
|move|p2a: Zaptwo|Rest|p2a: Zaptwo|[from]Sleep Talk
|
|-weather|Sandstorm|[upkeep]
|-damage|p1a: Salamence|73/100|[from] Sandstorm
|-damage|p2a: Zaptwo|67/100 slp|[from] Sandstorm
|-heal|p1a: Salamence|79/100|[from] item: Leftovers
|-heal|p2a: Zaptwo|73/100 slp|[from] item: Leftovers
|upkeep
|turn|46
|inactive|EatYourToast has 90 seconds left.
|
|t:|1729191455
|move|p1a: Salamence|Dragon Claw|p2a: Zaptwo
|-damage|p2a: Zaptwo|45/100 slp
|cant|p2a: Zaptwo|slp
|move|p2a: Zaptwo|Sleep Talk|p2a: Zaptwo
|move|p2a: Zaptwo|Hidden Power|p1a: Salamence|[from]Sleep Talk
|-resisted|p1a: Salamence
|-damage|p1a: Salamence|72/100
|
|-weather|Sandstorm|[upkeep]
|-damage|p1a: Salamence|66/100|[from] Sandstorm
|-damage|p2a: Zaptwo|39/100 slp|[from] Sandstorm
|-heal|p1a: Salamence|72/100|[from] item: Leftovers
|-heal|p2a: Zaptwo|45/100 slp|[from] item: Leftovers
|upkeep
|turn|47
|inactive|EatYourToast has 90 seconds left.
|
|t:|1729191467
|move|p1a: Salamence|Dragon Claw|p2a: Zaptwo
|-damage|p2a: Zaptwo|16/100 slp
|-curestatus|p2a: Zaptwo|slp|[msg]
|move|p2a: Zaptwo|Rest|p2a: Zaptwo
|-status|p2a: Zaptwo|slp|[from] move: Rest
|-heal|p2a: Zaptwo|100/100 slp|[silent]
|
|-weather|Sandstorm|[upkeep]
|-damage|p1a: Salamence|66/100|[from] Sandstorm
|-damage|p2a: Zaptwo|94/100 slp|[from] Sandstorm
|-heal|p1a: Salamence|72/100|[from] item: Leftovers
|-heal|p2a: Zaptwo|100/100 slp|[from] item: Leftovers
|upkeep
|turn|48
|inactive|EatYourToast has 90 seconds left.
|
|t:|1729191488
|move|p1a: Salamence|Dragon Claw|p2a: Zaptwo
|-damage|p2a: Zaptwo|71/100 slp
|cant|p2a: Zaptwo|slp
|move|p2a: Zaptwo|Sleep Talk|p2a: Zaptwo
|move|p2a: Zaptwo|Rest|p2a: Zaptwo|[from]Sleep Talk
|
|-weather|Sandstorm|[upkeep]
|-damage|p1a: Salamence|66/100|[from] Sandstorm
|-damage|p2a: Zaptwo|65/100 slp|[from] Sandstorm
|-heal|p1a: Salamence|72/100|[from] item: Leftovers
|-heal|p2a: Zaptwo|71/100 slp|[from] item: Leftovers
|upkeep
|turn|49
|inactive|EatYourToast has 90 seconds left.
|
|t:|1729191498
|move|p1a: Salamence|Dragon Claw|p2a: Zaptwo
|-damage|p2a: Zaptwo|42/100 slp
|cant|p2a: Zaptwo|slp
|move|p2a: Zaptwo|Sleep Talk|p2a: Zaptwo
|move|p2a: Zaptwo|Thunderbolt|p1a: Salamence|[from]Sleep Talk
|-damage|p1a: Salamence|22/100
|
|-weather|Sandstorm|[upkeep]
|-damage|p1a: Salamence|16/100|[from] Sandstorm
|-damage|p2a: Zaptwo|35/100 slp|[from] Sandstorm
|-heal|p1a: Salamence|22/100|[from] item: Leftovers
|-heal|p2a: Zaptwo|42/100 slp|[from] item: Leftovers
|upkeep
|turn|50
|inactive|EatYourToast has 90 seconds left.
|
|t:|1729191510
|switch|p1a: Tyranitar|Tyranitar, M|100/100
|-damage|p1a: Tyranitar|88/100|[from] Spikes
|-curestatus|p2a: Zaptwo|slp|[msg]
|move|p2a: Zaptwo|Rest|p2a: Zaptwo
|-status|p2a: Zaptwo|slp|[from] move: Rest
|-heal|p2a: Zaptwo|100/100 slp|[silent]
|
|-weather|Sandstorm|[upkeep]
|-damage|p2a: Zaptwo|94/100 slp|[from] Sandstorm
|-heal|p2a: Zaptwo|100/100 slp|[from] item: Leftovers
|-heal|p1a: Tyranitar|94/100|[from] item: Leftovers
|upkeep
|turn|51
|inactive|EatYourToast has 90 seconds left.
|
|t:|1729191524
|cant|p2a: Zaptwo|slp
|move|p2a: Zaptwo|Sleep Talk|p2a: Zaptwo
|move|p2a: Zaptwo|Thunderbolt|p1a: Tyranitar|[from]Sleep Talk
|-damage|p1a: Tyranitar|60/100
|move|p1a: Tyranitar|Crunch|p2a: Zaptwo
|-damage|p2a: Zaptwo|74/100 slp
|
|-weather|Sandstorm|[upkeep]
|-damage|p2a: Zaptwo|68/100 slp|[from] Sandstorm
|-heal|p2a: Zaptwo|74/100 slp|[from] item: Leftovers
|-heal|p1a: Tyranitar|66/100|[from] item: Leftovers
|upkeep
|turn|52
|inactive|EatYourToast has 90 seconds left.
|
|t:|1729191534
|cant|p2a: Zaptwo|slp
|move|p2a: Zaptwo|Sleep Talk|p2a: Zaptwo
|move|p2a: Zaptwo|Hidden Power|p1a: Tyranitar|[from]Sleep Talk
|-supereffective|p1a: Tyranitar
|-damage|p1a: Tyranitar|35/100
|move|p1a: Tyranitar|Crunch|p2a: Zaptwo
|-damage|p2a: Zaptwo|49/100 slp
|
|-weather|Sandstorm|[upkeep]
|-damage|p2a: Zaptwo|43/100 slp|[from] Sandstorm
|-heal|p2a: Zaptwo|49/100 slp|[from] item: Leftovers
|-heal|p1a: Tyranitar|42/100|[from] item: Leftovers
|upkeep
|turn|53
|inactive|EatYourToast has 90 seconds left.
|
|t:|1729191554
|-curestatus|p2a: Zaptwo|slp|[msg]
|move|p2a: Zaptwo|Thunderbolt|p1a: Tyranitar
|-damage|p1a: Tyranitar|9/100
|-status|p1a: Tyranitar|par
|move|p1a: Tyranitar|Crunch|p2a: Zaptwo
|-damage|p2a: Zaptwo|25/100
|
|-weather|Sandstorm|[upkeep]
|-damage|p2a: Zaptwo|18/100|[from] Sandstorm
|-heal|p2a: Zaptwo|25/100|[from] item: Leftovers
|-heal|p1a: Tyranitar|15/100 par|[from] item: Leftovers
|upkeep
|turn|54
|inactive|EatYourToast has 90 seconds left.
|
|t:|1729191565
|move|p2a: Zaptwo|Rest|p2a: Zaptwo
|-status|p2a: Zaptwo|slp|[from] move: Rest
|-heal|p2a: Zaptwo|100/100 slp|[silent]
|move|p1a: Tyranitar|Crunch|p2a: Zaptwo
|-damage|p2a: Zaptwo|76/100 slp
|
|-weather|Sandstorm|[upkeep]
|-damage|p2a: Zaptwo|70/100 slp|[from] Sandstorm
|-heal|p2a: Zaptwo|76/100 slp|[from] item: Leftovers
|-heal|p1a: Tyranitar|21/100 par|[from] item: Leftovers
|upkeep
|turn|55
|inactive|EatYourToast has 90 seconds left.
|
|t:|1729191575
|cant|p2a: Zaptwo|slp
|move|p2a: Zaptwo|Sleep Talk|p2a: Zaptwo
|move|p2a: Zaptwo|Rest|p2a: Zaptwo|[from]Sleep Talk
|move|p1a: Tyranitar|Crunch|p2a: Zaptwo
|-damage|p2a: Zaptwo|51/100 slp
|
|-weather|Sandstorm|[upkeep]
|-damage|p2a: Zaptwo|45/100 slp|[from] Sandstorm
|-heal|p2a: Zaptwo|51/100 slp|[from] item: Leftovers
|-heal|p1a: Tyranitar|27/100 par|[from] item: Leftovers
|upkeep
|turn|56
|
|t:|1729191584
|cant|p2a: Zaptwo|slp
|move|p2a: Zaptwo|Sleep Talk|p2a: Zaptwo
|move|p2a: Zaptwo|Thunderbolt|p1a: Tyranitar|[from]Sleep Talk
|-damage|p1a: Tyranitar|0 fnt
|faint|p1a: Tyranitar
|
|t:|1729191599
|switch|p1a: Salamence|Salamence, M|22/100
|-ability|p1a: Salamence|Intimidate|boost
|-unboost|p2a: Zaptwo|atk|1
|
|-weather|Sandstorm|[upkeep]
|-damage|p1a: Salamence|16/100|[from] Sandstorm
|-damage|p2a: Zaptwo|45/100 slp|[from] Sandstorm
|-heal|p1a: Salamence|22/100|[from] item: Leftovers
|-heal|p2a: Zaptwo|51/100 slp|[from] item: Leftovers
|upkeep
|turn|57
|
|t:|1729191607
|move|p1a: Salamence|Dragon Claw|p2a: Zaptwo
|-damage|p2a: Zaptwo|21/100 slp
|-curestatus|p2a: Zaptwo|slp|[msg]
|move|p2a: Zaptwo|Thunderbolt|p1a: Salamence
|-damage|p1a: Salamence|0 fnt
|faint|p1a: Salamence
|
|t:|1729191611
|switch|p1a: Jirachi|Jirachi|100/100 par
|-damage|p1a: Jirachi|88/100 par|[from] Spikes
|
|-weather|Sandstorm|[upkeep]
|-damage|p2a: Zaptwo|15/100|[from] Sandstorm
|-heal|p2a: Zaptwo|21/100|[from] item: Leftovers
|-heal|p1a: Jirachi|94/100 par|[from] item: Leftovers
|upkeep
|turn|58
|
|t:|1729191630
|move|p2a: Zaptwo|Rest|p2a: Zaptwo
|-status|p2a: Zaptwo|slp|[from] move: Rest
|-heal|p2a: Zaptwo|100/100 slp|[silent]
|move|p1a: Jirachi|Fire Punch|p2a: Zaptwo
|-damage|p2a: Zaptwo|88/100 slp
|
|-weather|Sandstorm|[upkeep]
|-damage|p2a: Zaptwo|81/100 slp|[from] Sandstorm
|-heal|p2a: Zaptwo|88/100 slp|[from] item: Leftovers
|-heal|p1a: Jirachi|100/100 par|[from] item: Leftovers
|upkeep
|turn|59
|inactive|EatYourToast has 120 seconds left.
|
|t:|1729191645
|switch|p2a: Egg|Blissey, F|65/100
|cant|p1a: Jirachi|par
|
|-weather|Sandstorm|[upkeep]
|-damage|p2a: Egg|59/100|[from] Sandstorm
|-heal|p2a: Egg|65/100|[from] item: Leftovers
|upkeep
|turn|60
|
|t:|1729191652
|move|p2a: Egg|Soft-Boiled|p2a: Egg
|-heal|p2a: Egg|100/100
|move|p1a: Jirachi|Toxic|p2a: Egg
|-status|p2a: Egg|tox
|
|-weather|Sandstorm|[upkeep]
|-damage|p2a: Egg|94/100 tox|[from] Sandstorm
|-heal|p2a: Egg|100/100 tox|[from] item: Leftovers
|-damage|p2a: Egg|94/100 tox|[from] psn
|upkeep
|turn|61
|inactive|EatYourToast has 120 seconds left.
|
|t:|1729191663
|switch|p1a: Skarmory|Skarmory, F|100/100
|move|p2a: Egg|Seismic Toss|p1a: Skarmory
|-damage|p1a: Skarmory|71/100
|
|-weather|Sandstorm|[upkeep]
|-damage|p2a: Egg|88/100 tox|[from] Sandstorm
|-heal|p1a: Skarmory|77/100|[from] item: Leftovers
|-heal|p2a: Egg|94/100 tox|[from] item: Leftovers
|-damage|p2a: Egg|82/100 tox|[from] psn
|upkeep
|turn|62
|inactive|EatYourToast has 120 seconds left.
|
|t:|1729191676
|-curestatus|p2a: Egg|tox|[from] ability: Natural Cure
|switch|p2a: Reese's Puffs|Forretress, F|92/100
|move|p1a: Skarmory|Spikes|p2a: Reese's Puffs
|-sidestart|p2: EatYourToast|Spikes
|
|-weather|Sandstorm|[upkeep]
|-heal|p1a: Skarmory|83/100|[from] item: Leftovers
|-heal|p2a: Reese's Puffs|98/100|[from] item: Leftovers
|upkeep
|turn|63
|inactive|EatYourToast has 120 seconds left.
|
|t:|1729191684
|move|p1a: Skarmory|Drill Peck|p2a: Reese's Puffs
|-damage|p2a: Reese's Puffs|82/100
|move|p2a: Reese's Puffs|Spikes|p1a: Skarmory
|-sidestart|p1: T1W1B|Spikes
|
|-weather|Sandstorm|[upkeep]
|-heal|p1a: Skarmory|89/100|[from] item: Leftovers
|-heal|p2a: Reese's Puffs|89/100|[from] item: Leftovers
|upkeep
|turn|64
|
|t:|1729191691
|move|p1a: Skarmory|Drill Peck|p2a: Reese's Puffs
|-damage|p2a: Reese's Puffs|73/100
|move|p2a: Reese's Puffs|Spikes|p1a: Skarmory
|-sidestart|p1: T1W1B|Spikes
|
|-weather|Sandstorm|[upkeep]
|-heal|p1a: Skarmory|95/100|[from] item: Leftovers
|-heal|p2a: Reese's Puffs|79/100|[from] item: Leftovers
|upkeep
|turn|65
|
|t:|1729191701
|move|p1a: Skarmory|Drill Peck|p2a: Reese's Puffs
|-damage|p2a: Reese's Puffs|62/100
|move|p2a: Reese's Puffs|Rapid Spin|p1a: Skarmory
|-resisted|p1a: Skarmory
|-damage|p1a: Skarmory|93/100
|-sideend|p2: EatYourToast|Spikes|[from] move: Rapid Spin|[of] p2a: Reese's Puffs
|
|-weather|Sandstorm|[upkeep]
|-heal|p1a: Skarmory|99/100|[from] item: Leftovers
|-heal|p2a: Reese's Puffs|68/100|[from] item: Leftovers
|upkeep
|turn|66
|
|t:|1729191710
|move|p1a: Skarmory|Drill Peck|p2a: Reese's Puffs
|-damage|p2a: Reese's Puffs|51/100
|move|p2a: Reese's Puffs|Rapid Spin|p1a: Skarmory
|-resisted|p1a: Skarmory
|-damage|p1a: Skarmory|98/100
|
|-weather|Sandstorm|[upkeep]
|-heal|p1a: Skarmory|100/100|[from] item: Leftovers
|-heal|p2a: Reese's Puffs|58/100|[from] item: Leftovers
|upkeep
|turn|67
|
|t:|1729191723
|move|p1a: Skarmory|Drill Peck|p2a: Reese's Puffs
|-damage|p2a: Reese's Puffs|42/100
|move|p2a: Reese's Puffs|Rapid Spin|p1a: Skarmory
|-resisted|p1a: Skarmory
|-damage|p1a: Skarmory|99/100
|
|-weather|Sandstorm|[upkeep]
|-heal|p1a: Skarmory|100/100|[from] item: Leftovers
|-heal|p2a: Reese's Puffs|48/100|[from] item: Leftovers
|upkeep
|turn|68
|
|t:|1729191731
|move|p1a: Skarmory|Drill Peck|p2a: Reese's Puffs
|-damage|p2a: Reese's Puffs|31/100
|move|p2a: Reese's Puffs|Explosion|p1a: Skarmory
|-resisted|p1a: Skarmory
|-damage|p1a: Skarmory|63/100
|faint|p2a: Reese's Puffs
|
|t:|1729191737
|switch|p2a: Zaptwo|Zapdos|88/100 slp
|
|-weather|Sandstorm|[upkeep]
|-damage|p2a: Zaptwo|81/100 slp|[from] Sandstorm
|-heal|p2a: Zaptwo|88/100 slp|[from] item: Leftovers
|-heal|p1a: Skarmory|69/100|[from] item: Leftovers
|upkeep
|turn|69
|
|t:|1729191744
|switch|p1a: Jirachi|Jirachi|100/100 par
|-damage|p1a: Jirachi|75/100 par|[from] Spikes
|cant|p2a: Zaptwo|slp
|move|p2a: Zaptwo|Sleep Talk|p2a: Zaptwo
|move|p2a: Zaptwo|Thunderbolt|p1a: Jirachi|[from]Sleep Talk
|-damage|p1a: Jirachi|48/100 par
|
|-weather|Sandstorm|[upkeep]
|-damage|p2a: Zaptwo|81/100 slp|[from] Sandstorm
|-heal|p2a: Zaptwo|88/100 slp|[from] item: Leftovers
|-heal|p1a: Jirachi|54/100 par|[from] item: Leftovers
|upkeep
|turn|70
|
|t:|1729191758
|cant|p2a: Zaptwo|slp
|move|p2a: Zaptwo|Sleep Talk|p2a: Zaptwo
|move|p2a: Zaptwo|Thunderbolt|p1a: Jirachi|[from]Sleep Talk
|-damage|p1a: Jirachi|30/100 par
|move|p1a: Jirachi|Wish|p1a: Jirachi
|
|-weather|Sandstorm|[upkeep]
|-damage|p2a: Zaptwo|81/100 slp|[from] Sandstorm
|-heal|p2a: Zaptwo|88/100 slp|[from] item: Leftovers
|-heal|p1a: Jirachi|36/100 par|[from] item: Leftovers
|upkeep
|turn|71
|
|t:|1729191772
|switch|p2a: Egg|Blissey, F|82/100
|move|p1a: Jirachi|Protect||[still]
|-fail|p1a: Jirachi
|
|-heal|p1a: Jirachi|86/100 par|[from] move: Wish|[wisher] Jirachi
|-weather|Sandstorm|[upkeep]
|-damage|p2a: Egg|76/100|[from] Sandstorm
|-heal|p2a: Egg|82/100|[from] item: Leftovers
|-heal|p1a: Jirachi|93/100 par|[from] item: Leftovers
|upkeep
|turn|72
|
|t:|1729191786
|move|p2a: Egg|Thunder Wave|p1a: Jirachi
|-fail|p1a: Jirachi|par
|move|p1a: Jirachi|Toxic|p2a: Egg|[miss]
|-miss|p1a: Jirachi|p2a: Egg
|
|-weather|Sandstorm|[upkeep]
|-damage|p2a: Egg|76/100|[from] Sandstorm
|-heal|p2a: Egg|82/100|[from] item: Leftovers
|-heal|p1a: Jirachi|99/100 par|[from] item: Leftovers
|upkeep
|turn|73
|
|t:|1729191795
|move|p2a: Egg|Seismic Toss|p1a: Jirachi
|-damage|p1a: Jirachi|74/100 par
|move|p1a: Jirachi|Toxic|p2a: Egg
|-status|p2a: Egg|tox
|
|-weather|Sandstorm|[upkeep]
|-damage|p2a: Egg|76/100 tox|[from] Sandstorm
|-heal|p2a: Egg|82/100 tox|[from] item: Leftovers
|-damage|p2a: Egg|76/100 tox|[from] psn
|-heal|p1a: Jirachi|80/100 par|[from] item: Leftovers
|upkeep
|turn|74
|inactive|EatYourToast has 150 seconds left.
|
|t:|1729191805
|move|p2a: Egg|Seismic Toss|p1a: Jirachi
|-damage|p1a: Jirachi|55/100 par
|move|p1a: Jirachi|Fire Punch|p2a: Egg
|-damage|p2a: Egg|69/100 tox
|
|-weather|Sandstorm|[upkeep]
|-damage|p2a: Egg|63/100 tox|[from] Sandstorm
|-heal|p2a: Egg|69/100 tox|[from] item: Leftovers
|-damage|p2a: Egg|57/100 tox|[from] psn
|-heal|p1a: Jirachi|62/100 par|[from] item: Leftovers
|upkeep
|turn|75
|inactive|EatYourToast has 150 seconds left.
|
|t:|1729191816
|move|p2a: Egg|Soft-Boiled|p2a: Egg
|-heal|p2a: Egg|100/100 tox
|move|p1a: Jirachi|Wish|p1a: Jirachi
|
|-weather|Sandstorm|[upkeep]
|-damage|p2a: Egg|94/100 tox|[from] Sandstorm
|-heal|p2a: Egg|100/100 tox|[from] item: Leftovers
|-damage|p2a: Egg|82/100 tox|[from] psn
|-heal|p1a: Jirachi|68/100 par|[from] item: Leftovers
|upkeep
|turn|76
|inactive|EatYourToast has 150 seconds left.
|
|t:|1729191824
|-curestatus|p2a: Egg|tox|[from] ability: Natural Cure
|switch|p2a: Zaptwo|Zapdos|88/100 slp
|move|p1a: Jirachi|Fire Punch|p2a: Zaptwo
|-damage|p2a: Zaptwo|75/100 slp
|
|-heal|p1a: Jirachi|100/100 par|[from] move: Wish|[wisher] Jirachi
|-weather|Sandstorm|[upkeep]
|-damage|p2a: Zaptwo|69/100 slp|[from] Sandstorm
|-heal|p2a: Zaptwo|75/100 slp|[from] item: Leftovers
|upkeep
|turn|77
|inactive|EatYourToast has 150 seconds left.
|
|t:|1729191835
|switch|p2a: Egg|Blissey, F|82/100
|move|p1a: Jirachi|Fire Punch|p2a: Egg
|-damage|p2a: Egg|76/100
|
|-weather|Sandstorm|[upkeep]
|-damage|p2a: Egg|70/100|[from] Sandstorm
|-heal|p2a: Egg|76/100|[from] item: Leftovers
|upkeep
|turn|78
|
|t:|1729191843
|switch|p2a: Zaptwo|Zapdos|75/100 slp
|move|p1a: Jirachi|Toxic|p2a: Zaptwo|[miss]
|-miss|p1a: Jirachi|p2a: Zaptwo
|
|-weather|Sandstorm|[upkeep]
|-damage|p2a: Zaptwo|69/100 slp|[from] Sandstorm
|-heal|p2a: Zaptwo|75/100 slp|[from] item: Leftovers
|upkeep
|turn|79
|
|t:|1729191853
|switch|p2a: Egg|Blissey, F|76/100
|switch|p1a: Skarmory|Skarmory, F|69/100
|
|-weather|Sandstorm|[upkeep]
|-damage|p2a: Egg|70/100|[from] Sandstorm
|-heal|p1a: Skarmory|75/100|[from] item: Leftovers
|-heal|p2a: Egg|76/100|[from] item: Leftovers
|upkeep
|turn|80
|
|t:|1729191861
|move|p1a: Skarmory|Spikes|p2a: Egg
|-sidestart|p2: EatYourToast|Spikes
|move|p2a: Egg|Thunder Wave|p1a: Skarmory
|-status|p1a: Skarmory|par
|
|-weather|Sandstorm|[upkeep]
|-damage|p2a: Egg|70/100|[from] Sandstorm
|-heal|p2a: Egg|76/100|[from] item: Leftovers
|-heal|p1a: Skarmory|81/100 par|[from] item: Leftovers
|upkeep
|turn|81
|
|t:|1729191872
|move|p2a: Egg|Seismic Toss|p1a: Skarmory
|-damage|p1a: Skarmory|51/100 par
|move|p1a: Skarmory|Roar|p2a: Egg
|drag|p2a: Zaptwo|Zapdos|75/100 slp
|
|-weather|Sandstorm|[upkeep]
|-damage|p2a: Zaptwo|69/100 slp|[from] Sandstorm
|-heal|p2a: Zaptwo|75/100 slp|[from] item: Leftovers
|-heal|p1a: Skarmory|57/100 par|[from] item: Leftovers
|upkeep
|turn|82
|
|t:|1729191881
|switch|p2a: Boo|Aerodactyl, M|100/100
|switch|p1a: Jirachi|Jirachi|100/100 par
|-damage|p1a: Jirachi|75/100 par|[from] Spikes
|
|-weather|Sandstorm|[upkeep]
|-heal|p1a: Jirachi|82/100 par|[from] item: Leftovers
|upkeep
|turn|83
|inactive|EatYourToast has 180 seconds left.
|
|t:|1729191890
|move|p1a: Jirachi|Protect|p1a: Jirachi
|-singleturn|p1a: Jirachi|Protect
|move|p2a: Boo|Earthquake|p1a: Jirachi
|-activate|p1a: Jirachi|Protect
|
|-weather|Sandstorm|[upkeep]
|-heal|p1a: Jirachi|88/100 par|[from] item: Leftovers
|upkeep
|turn|84
|inactive|EatYourToast has 180 seconds left.
|
|t:|1729191900
|switch|p1a: Skarmory|Skarmory, F|57/100 par
|move|p2a: Boo|Earthquake|p1a: Skarmory
|-immune|p1a: Skarmory
|
|-weather|Sandstorm|[upkeep]
|-heal|p1a: Skarmory|63/100 par|[from] item: Leftovers
|upkeep
|turn|85
|
|t:|1729191907
|switch|p2a: Egg|Blissey, F|76/100
|-damage|p2a: Egg|64/100|[from] Spikes
|cant|p1a: Skarmory|par
|
|-weather|Sandstorm|[upkeep]
|-damage|p2a: Egg|57/100|[from] Sandstorm
|-heal|p2a: Egg|64/100|[from] item: Leftovers
|-heal|p1a: Skarmory|69/100 par|[from] item: Leftovers
|upkeep
|turn|86
|
|t:|1729191916
|move|p2a: Egg|Seismic Toss|p1a: Skarmory
|-damage|p1a: Skarmory|39/100 par
|cant|p1a: Skarmory|par
|
|-weather|Sandstorm|[upkeep]
|-damage|p2a: Egg|57/100|[from] Sandstorm
|-heal|p2a: Egg|64/100|[from] item: Leftovers
|-heal|p1a: Skarmory|45/100 par|[from] item: Leftovers
|upkeep
|turn|87
|
|t:|1729191924
|move|p1a: Skarmory|Protect|p1a: Skarmory
|-singleturn|p1a: Skarmory|Protect
|move|p2a: Egg|Seismic Toss|p1a: Skarmory
|-activate|p1a: Skarmory|Protect
|
|-weather|Sandstorm|[upkeep]
|-damage|p2a: Egg|57/100|[from] Sandstorm
|-heal|p2a: Egg|64/100|[from] item: Leftovers
|-heal|p1a: Skarmory|51/100 par|[from] item: Leftovers
|upkeep
|turn|88
|
|t:|1729191932
|switch|p1a: Jirachi|Jirachi|88/100 par
|-damage|p1a: Jirachi|63/100 par|[from] Spikes
|move|p2a: Egg|Seismic Toss|p1a: Jirachi
|-damage|p1a: Jirachi|38/100 par
|
|-weather|Sandstorm|[upkeep]
|-damage|p2a: Egg|57/100|[from] Sandstorm
|-heal|p2a: Egg|64/100|[from] item: Leftovers
|-heal|p1a: Jirachi|44/100 par|[from] item: Leftovers
|upkeep
|turn|89
|
|t:|1729191943
|move|p2a: Egg|Seismic Toss|p1a: Jirachi
|-damage|p1a: Jirachi|20/100 par
|move|p1a: Jirachi|Wish|p1a: Jirachi
|
|-weather|Sandstorm|[upkeep]
|-damage|p2a: Egg|57/100|[from] Sandstorm
|-heal|p2a: Egg|64/100|[from] item: Leftovers
|-heal|p1a: Jirachi|26/100 par|[from] item: Leftovers
|upkeep
|turn|90
|
|t:|1729191954
|move|p1a: Jirachi|Protect|p1a: Jirachi
|-singleturn|p1a: Jirachi|Protect
|move|p2a: Egg|Seismic Toss|p1a: Jirachi
|-activate|p1a: Jirachi|Protect
|
|-heal|p1a: Jirachi|76/100 par|[from] move: Wish|[wisher] Jirachi
|-weather|Sandstorm|[upkeep]
|-damage|p2a: Egg|57/100|[from] Sandstorm
|-heal|p2a: Egg|64/100|[from] item: Leftovers
|-heal|p1a: Jirachi|82/100 par|[from] item: Leftovers
|upkeep
|turn|91
|
|t:|1729191966
|move|p2a: Egg|Soft-Boiled|p2a: Egg
|-heal|p2a: Egg|100/100
|move|p1a: Jirachi|Toxic|p2a: Egg
|-status|p2a: Egg|tox
|
|-weather|Sandstorm|[upkeep]
|-damage|p2a: Egg|94/100 tox|[from] Sandstorm
|-heal|p2a: Egg|100/100 tox|[from] item: Leftovers
|-damage|p2a: Egg|94/100 tox|[from] psn
|-heal|p1a: Jirachi|88/100 par|[from] item: Leftovers
|upkeep
|turn|92
|
|t:|1729191976
|move|p2a: Egg|Seismic Toss|p1a: Jirachi
|-damage|p1a: Jirachi|63/100 par
|cant|p1a: Jirachi|par
|
|-weather|Sandstorm|[upkeep]
|-damage|p2a: Egg|88/100 tox|[from] Sandstorm
|-heal|p2a: Egg|94/100 tox|[from] item: Leftovers
|-damage|p2a: Egg|82/100 tox|[from] psn
|-heal|p1a: Jirachi|70/100 par|[from] item: Leftovers
|upkeep
|turn|93
|
|t:|1729191986
|-curestatus|p2a: Egg|tox|[from] ability: Natural Cure
|switch|p2a: Zaptwo|Zapdos|75/100 slp
|switch|p1a: Skarmory|Skarmory, F|51/100 par
|
|-weather|Sandstorm|[upkeep]
|-damage|p2a: Zaptwo|69/100 slp|[from] Sandstorm
|-heal|p2a: Zaptwo|75/100 slp|[from] item: Leftovers
|-heal|p1a: Skarmory|57/100 par|[from] item: Leftovers
|upkeep
|turn|94
|inactive|EatYourToast has 210 seconds left.
|
|t:|1729191997
|switch|p1a: Jirachi|Jirachi|70/100 par
|-damage|p1a: Jirachi|45/100 par|[from] Spikes
|cant|p2a: Zaptwo|slp
|
|-weather|Sandstorm|[upkeep]
|-damage|p2a: Zaptwo|69/100 slp|[from] Sandstorm
|-heal|p2a: Zaptwo|75/100 slp|[from] item: Leftovers
|-heal|p1a: Jirachi|51/100 par|[from] item: Leftovers
|upkeep
|turn|95
|inactive|EatYourToast has 210 seconds left.
|
|t:|1729192006
|cant|p2a: Zaptwo|slp
|cant|p1a: Jirachi|par
|
|-weather|Sandstorm|[upkeep]
|-damage|p2a: Zaptwo|69/100 slp|[from] Sandstorm
|-heal|p2a: Zaptwo|75/100 slp|[from] item: Leftovers
|-heal|p1a: Jirachi|57/100 par|[from] item: Leftovers
|upkeep
|turn|96
|inactive|EatYourToast has 210 seconds left.
|
|t:|1729192017
|-curestatus|p2a: Zaptwo|slp|[msg]
|move|p2a: Zaptwo|Thunderbolt|p1a: Jirachi
|-damage|p1a: Jirachi|33/100 par
|move|p1a: Jirachi|Wish|p1a: Jirachi
|
|-weather|Sandstorm|[upkeep]
|-damage|p2a: Zaptwo|69/100|[from] Sandstorm
|-heal|p2a: Zaptwo|75/100|[from] item: Leftovers
|-heal|p1a: Jirachi|39/100 par|[from] item: Leftovers
|upkeep
|turn|97
|inactive|EatYourToast has 210 seconds left.
|
|t:|1729192028
|switch|p2a: Egg|Blissey, F|82/100
|-damage|p2a: Egg|70/100|[from] Spikes
|move|p1a: Jirachi|Protect||[still]
|-fail|p1a: Jirachi
|
|-heal|p1a: Jirachi|89/100 par|[from] move: Wish|[wisher] Jirachi
|-weather|Sandstorm|[upkeep]
|-damage|p2a: Egg|64/100|[from] Sandstorm
|-heal|p2a: Egg|70/100|[from] item: Leftovers
|-heal|p1a: Jirachi|95/100 par|[from] item: Leftovers
|upkeep
|turn|98
|inactive|EatYourToast has 210 seconds left.
|
|t:|1729192042
|move|p2a: Egg|Wish|p2a: Egg
|move|p1a: Jirachi|Toxic|p2a: Egg
|-status|p2a: Egg|tox
|
|-weather|Sandstorm|[upkeep]
|-damage|p2a: Egg|64/100 tox|[from] Sandstorm
|-heal|p2a: Egg|70/100 tox|[from] item: Leftovers
|-damage|p2a: Egg|64/100 tox|[from] psn
|-heal|p1a: Jirachi|100/100 par|[from] item: Leftovers
|upkeep
|turn|99
|inactive|EatYourToast has 210 seconds left.
|
|t:|1729192054
|move|p2a: Egg|Seismic Toss|p1a: Jirachi
|-damage|p1a: Jirachi|76/100 par
|cant|p1a: Jirachi|par
|
|-heal|p2a: Egg|100/100 tox|[from] move: Wish|[wisher] Egg
|-weather|Sandstorm|[upkeep]
|-damage|p2a: Egg|94/100 tox|[from] Sandstorm
|-heal|p2a: Egg|100/100 tox|[from] item: Leftovers
|-damage|p2a: Egg|88/100 tox|[from] psn
|-heal|p1a: Jirachi|82/100 par|[from] item: Leftovers
|upkeep
|turn|100
|inactive|EatYourToast has 210 seconds left.
|
|t:|1729192065
|-curestatus|p2a: Egg|tox|[from] ability: Natural Cure
|switch|p2a: Zaptwo|Zapdos|75/100
|switch|p1a: Skarmory|Skarmory, F|57/100 par
|
|-weather|Sandstorm|[upkeep]
|-damage|p2a: Zaptwo|69/100|[from] Sandstorm
|-heal|p2a: Zaptwo|75/100|[from] item: Leftovers
|-heal|p1a: Skarmory|63/100 par|[from] item: Leftovers
|upkeep
|turn|101
|inactive|EatYourToast has 210 seconds left.
|
|t:|1729192080
|switch|p2a: Boo|Aerodactyl, M|100/100
|cant|p1a: Skarmory|par
|
|-weather|Sandstorm|[upkeep]
|-heal|p1a: Skarmory|69/100 par|[from] item: Leftovers
|upkeep
|turn|102
|
|t:|1729192088
|move|p2a: Boo|Rock Slide|p1a: Skarmory
|-damage|p1a: Skarmory|29/100 par
|cant|p1a: Skarmory|flinch
|
|-weather|Sandstorm|[upkeep]
|-heal|p1a: Skarmory|35/100 par|[from] item: Leftovers
|upkeep
|turn|103
|
|t:|1729192095
|switch|p2a: Egg|Blissey, F|88/100
|-damage|p2a: Egg|76/100|[from] Spikes
|move|p1a: Skarmory|Protect||[still]
|-fail|p1a: Skarmory
|
|-weather|Sandstorm|[upkeep]
|-damage|p2a: Egg|70/100|[from] Sandstorm
|-heal|p2a: Egg|76/100|[from] item: Leftovers
|-heal|p1a: Skarmory|41/100 par|[from] item: Leftovers
|upkeep
|turn|104
|
|t:|1729192104
|switch|p1a: Jirachi|Jirachi|82/100 par
|-damage|p1a: Jirachi|57/100 par|[from] Spikes
|move|p2a: Egg|Seismic Toss|p1a: Jirachi
|-damage|p1a: Jirachi|32/100 par
|
|-weather|Sandstorm|[upkeep]
|-damage|p2a: Egg|70/100|[from] Sandstorm
|-heal|p2a: Egg|76/100|[from] item: Leftovers
|-heal|p1a: Jirachi|38/100 par|[from] item: Leftovers
|upkeep
|turn|105
|
|t:|1729192115
|move|p2a: Egg|Seismic Toss|p1a: Jirachi
|-damage|p1a: Jirachi|14/100 par
|move|p1a: Jirachi|Wish|p1a: Jirachi
|
|-weather|Sandstorm|[upkeep]
|-damage|p2a: Egg|70/100|[from] Sandstorm
|-heal|p2a: Egg|76/100|[from] item: Leftovers
|-heal|p1a: Jirachi|20/100 par|[from] item: Leftovers
|upkeep
|turn|106
|
|t:|1729192122
|move|p1a: Jirachi|Protect|p1a: Jirachi
|-singleturn|p1a: Jirachi|Protect
|move|p2a: Egg|Seismic Toss|p1a: Jirachi
|-activate|p1a: Jirachi|Protect
|
|-heal|p1a: Jirachi|70/100 par|[from] move: Wish|[wisher] Jirachi
|-weather|Sandstorm|[upkeep]
|-damage|p2a: Egg|70/100|[from] Sandstorm
|-heal|p2a: Egg|76/100|[from] item: Leftovers
|-heal|p1a: Jirachi|76/100 par|[from] item: Leftovers
|upkeep
|turn|107
|
|t:|1729192134
|move|p2a: Egg|Wish|p2a: Egg
|cant|p1a: Jirachi|par
|
|-weather|Sandstorm|[upkeep]
|-damage|p2a: Egg|70/100|[from] Sandstorm
|-heal|p2a: Egg|76/100|[from] item: Leftovers
|-heal|p1a: Jirachi|82/100 par|[from] item: Leftovers
|upkeep
|turn|108
|
|t:|1729192141
|move|p2a: Egg|Seismic Toss|p1a: Jirachi
|-damage|p1a: Jirachi|57/100 par
|move|p1a: Jirachi|Toxic|p2a: Egg
|-status|p2a: Egg|tox
|
|-heal|p2a: Egg|100/100 tox|[from] move: Wish|[wisher] Egg
|-weather|Sandstorm|[upkeep]
|-damage|p2a: Egg|94/100 tox|[from] Sandstorm
|-heal|p2a: Egg|100/100 tox|[from] item: Leftovers
|-damage|p2a: Egg|94/100 tox|[from] psn
|-heal|p1a: Jirachi|64/100 par|[from] item: Leftovers
|upkeep
|turn|109
|inactive|EatYourToast has 240 seconds left.
|
|t:|1729192152
|move|p2a: Egg|Wish|p2a: Egg
|move|p1a: Jirachi|Wish|p1a: Jirachi
|
|-weather|Sandstorm|[upkeep]
|-damage|p2a: Egg|88/100 tox|[from] Sandstorm
|-heal|p2a: Egg|94/100 tox|[from] item: Leftovers
|-damage|p2a: Egg|82/100 tox|[from] psn
|-heal|p1a: Jirachi|70/100 par|[from] item: Leftovers
|upkeep
|turn|110
|inactive|EatYourToast has 240 seconds left.
|
|t:|1729192162
|-curestatus|p2a: Egg|tox|[from] ability: Natural Cure
|switch|p2a: Zaptwo|Zapdos|75/100
|move|p1a: Jirachi|Fire Punch|p2a: Zaptwo
|-damage|p2a: Zaptwo|64/100
|-status|p2a: Zaptwo|brn
|
|-heal|p1a: Jirachi|100/100 par|[from] move: Wish|[wisher] Jirachi
|-heal|p2a: Zaptwo|100/100 brn|[from] move: Wish|[wisher] Egg
|-weather|Sandstorm|[upkeep]
|-damage|p2a: Zaptwo|94/100 brn|[from] Sandstorm
|-heal|p2a: Zaptwo|100/100 brn|[from] item: Leftovers
|-damage|p2a: Zaptwo|88/100 brn|[from] brn
|upkeep
|turn|111
|inactive|EatYourToast has 240 seconds left.
|
|t:|1729192178
|move|p2a: Zaptwo|Hidden Power|p1a: Jirachi
|-resisted|p1a: Jirachi
|-damage|p1a: Jirachi|95/100 par
|cant|p1a: Jirachi|par
|
|-weather|Sandstorm|[upkeep]
|-damage|p2a: Zaptwo|82/100 brn|[from] Sandstorm
|-heal|p2a: Zaptwo|88/100 brn|[from] item: Leftovers
|-damage|p2a: Zaptwo|75/100 brn|[from] brn
|-heal|p1a: Jirachi|100/100 par|[from] item: Leftovers
|upkeep
|turn|112
|inactive|EatYourToast has 240 seconds left.
|
|t:|1729192187
|move|p2a: Zaptwo|Hidden Power|p1a: Jirachi
|-resisted|p1a: Jirachi
|-damage|p1a: Jirachi|95/100 par
|move|p1a: Jirachi|Fire Punch|p2a: Zaptwo
|-damage|p2a: Zaptwo|64/100 brn
|
|-weather|Sandstorm|[upkeep]
|-damage|p2a: Zaptwo|57/100 brn|[from] Sandstorm
|-heal|p2a: Zaptwo|64/100 brn|[from] item: Leftovers
|-damage|p2a: Zaptwo|51/100 brn|[from] brn
|-heal|p1a: Jirachi|100/100 par|[from] item: Leftovers
|upkeep
|turn|113
|inactive|EatYourToast has 240 seconds left.
|
|t:|1729192199
|move|p2a: Zaptwo|Rest|p2a: Zaptwo
|-status|p2a: Zaptwo|slp|[from] move: Rest
|-heal|p2a: Zaptwo|100/100 slp|[silent]
|move|p1a: Jirachi|Fire Punch|p2a: Zaptwo
|-damage|p2a: Zaptwo|89/100 slp
|
|-weather|Sandstorm|[upkeep]
|-damage|p2a: Zaptwo|83/100 slp|[from] Sandstorm
|-heal|p2a: Zaptwo|89/100 slp|[from] item: Leftovers
|upkeep
|turn|114
|
|t:|1729192209
|switch|p1a: Skarmory|Skarmory, F|41/100 par
|cant|p2a: Zaptwo|slp
|
|-weather|Sandstorm|[upkeep]
|-damage|p2a: Zaptwo|83/100 slp|[from] Sandstorm
|-heal|p2a: Zaptwo|89/100 slp|[from] item: Leftovers
|-heal|p1a: Skarmory|47/100 par|[from] item: Leftovers
|upkeep
|turn|115
|
|t:|1729192222
|cant|p2a: Zaptwo|slp
|move|p1a: Skarmory|Roar|p2a: Zaptwo
|drag|p2a: Egg|Blissey, F|82/100
|-damage|p2a: Egg|70/100|[from] Spikes
|
|-weather|Sandstorm|[upkeep]
|-damage|p2a: Egg|64/100|[from] Sandstorm
|-heal|p2a: Egg|70/100|[from] item: Leftovers
|-heal|p1a: Skarmory|53/100 par|[from] item: Leftovers
|upkeep
|turn|116
|
|t:|1729192234
|move|p2a: Egg|Seismic Toss|p1a: Skarmory
|-damage|p1a: Skarmory|23/100 par
|cant|p1a: Skarmory|par
|
|-weather|Sandstorm|[upkeep]
|-damage|p2a: Egg|64/100|[from] Sandstorm
|-heal|p2a: Egg|70/100|[from] item: Leftovers
|-heal|p1a: Skarmory|29/100 par|[from] item: Leftovers
|upkeep
|turn|117
|
|t:|1729192243
|move|p1a: Skarmory|Protect|p1a: Skarmory
|-singleturn|p1a: Skarmory|Protect
|move|p2a: Egg|Seismic Toss|p1a: Skarmory
|-activate|p1a: Skarmory|Protect
|
|-weather|Sandstorm|[upkeep]
|-damage|p2a: Egg|64/100|[from] Sandstorm
|-heal|p2a: Egg|70/100|[from] item: Leftovers
|-heal|p1a: Skarmory|35/100 par|[from] item: Leftovers
|upkeep
|turn|118
|
|t:|1729192252
|switch|p1a: Jirachi|Jirachi|100/100 par
|-damage|p1a: Jirachi|75/100 par|[from] Spikes
|move|p2a: Egg|Seismic Toss|p1a: Jirachi
|-damage|p1a: Jirachi|51/100 par
|
|-weather|Sandstorm|[upkeep]
|-damage|p2a: Egg|64/100|[from] Sandstorm
|-heal|p2a: Egg|70/100|[from] item: Leftovers
|-heal|p1a: Jirachi|57/100 par|[from] item: Leftovers
|upkeep
|turn|119
|
|t:|1729192262
|switch|p2a: Zaptwo|Zapdos|89/100 slp
|move|p1a: Jirachi|Wish|p1a: Jirachi
|
|-weather|Sandstorm|[upkeep]
|-damage|p2a: Zaptwo|83/100 slp|[from] Sandstorm
|-heal|p2a: Zaptwo|89/100 slp|[from] item: Leftovers
|-heal|p1a: Jirachi|63/100 par|[from] item: Leftovers
|upkeep
|turn|120
|
|t:|1729192270
|switch|p1a: Skarmory|Skarmory, F|35/100 par
|-curestatus|p2a: Zaptwo|slp|[msg]
|move|p2a: Zaptwo|Thunderbolt|p1a: Skarmory
|-supereffective|p1a: Skarmory
|-damage|p1a: Skarmory|0 fnt
|faint|p1a: Skarmory
|
|t:|1729192273
|switch|p1a: Jirachi|Jirachi|63/100 par
|-damage|p1a: Jirachi|38/100 par|[from] Spikes
|
|-heal|p1a: Jirachi|88/100 par|[from] move: Wish|[wisher] Jirachi
|-weather|Sandstorm|[upkeep]
|-damage|p2a: Zaptwo|83/100|[from] Sandstorm
|-heal|p2a: Zaptwo|89/100|[from] item: Leftovers
|-heal|p1a: Jirachi|94/100 par|[from] item: Leftovers
|upkeep
|turn|121
|inactive|EatYourToast has 270 seconds left.
|
|t:|1729192284
|move|p2a: Zaptwo|Thunderbolt|p1a: Jirachi
|-damage|p1a: Jirachi|67/100 par
|move|p1a: Jirachi|Toxic|p2a: Zaptwo|[miss]
|-miss|p1a: Jirachi|p2a: Zaptwo
|
|-weather|Sandstorm|[upkeep]
|-damage|p2a: Zaptwo|83/100|[from] Sandstorm
|-heal|p2a: Zaptwo|89/100|[from] item: Leftovers
|-heal|p1a: Jirachi|73/100 par|[from] item: Leftovers
|upkeep
|turn|122
|inactive|EatYourToast has 270 seconds left.
|
|t:|1729192293
|move|p2a: Zaptwo|Thunderbolt|p1a: Jirachi
|-damage|p1a: Jirachi|46/100 par
|move|p1a: Jirachi|Wish|p1a: Jirachi
|
|-weather|Sandstorm|[upkeep]
|-damage|p2a: Zaptwo|83/100|[from] Sandstorm
|-heal|p2a: Zaptwo|89/100|[from] item: Leftovers
|-heal|p1a: Jirachi|52/100 par|[from] item: Leftovers
|upkeep
|turn|123
|
|t:|1729192301
|move|p2a: Zaptwo|Hidden Power|p1a: Jirachi
|-resisted|p1a: Jirachi
|-damage|p1a: Jirachi|45/100 par
|move|p1a: Jirachi|Toxic|p2a: Zaptwo|[miss]
|-miss|p1a: Jirachi|p2a: Zaptwo
|
|-heal|p1a: Jirachi|95/100 par|[from] move: Wish|[wisher] Jirachi
|-weather|Sandstorm|[upkeep]
|-damage|p2a: Zaptwo|83/100|[from] Sandstorm
|-heal|p2a: Zaptwo|89/100|[from] item: Leftovers
|-heal|p1a: Jirachi|100/100 par|[from] item: Leftovers
|upkeep
|turn|124
|inactive|EatYourToast has 270 seconds left.
|
|t:|1729192316
|move|p2a: Zaptwo|Thunderbolt|p1a: Jirachi
|-damage|p1a: Jirachi|76/100 par
|move|p1a: Jirachi|Fire Punch|p2a: Zaptwo
|-damage|p2a: Zaptwo|76/100
|
|-weather|Sandstorm|[upkeep]
|-damage|p2a: Zaptwo|70/100|[from] Sandstorm
|-heal|p2a: Zaptwo|76/100|[from] item: Leftovers
|-heal|p1a: Jirachi|82/100 par|[from] item: Leftovers
|upkeep
|turn|125
|inactive|EatYourToast has 270 seconds left.
|c|☆EatYourToast|Pretty sure I just pp stall this out
|
|t:|1729192331
|move|p2a: Zaptwo|Rest|p2a: Zaptwo
|-status|p2a: Zaptwo|slp|[from] move: Rest
|-heal|p2a: Zaptwo|100/100 slp|[silent]
|move|p1a: Jirachi|Fire Punch|p2a: Zaptwo
|-damage|p2a: Zaptwo|88/100 slp
|
|-weather|Sandstorm|[upkeep]
|-damage|p2a: Zaptwo|82/100 slp|[from] Sandstorm
|-heal|p2a: Zaptwo|88/100 slp|[from] item: Leftovers
|-heal|p1a: Jirachi|88/100 par|[from] item: Leftovers
|upkeep
|turn|126
|c|☆T1W1B|yeah
|inactive|EatYourToast has 270 seconds left.
|c|☆EatYourToast|gg
|
|t:|1729192345
|cant|p2a: Zaptwo|slp
|move|p2a: Zaptwo|Sleep Talk|p2a: Zaptwo
|move|p2a: Zaptwo|Thunderbolt|p1a: Jirachi|[from]Sleep Talk
|-damage|p1a: Jirachi|64/100 par
|move|p1a: Jirachi|Fire Punch|p2a: Zaptwo
|-damage|p2a: Zaptwo|77/100 slp
|
|-weather|Sandstorm|[upkeep]
|-damage|p2a: Zaptwo|70/100 slp|[from] Sandstorm
|-heal|p2a: Zaptwo|77/100 slp|[from] item: Leftovers
|-heal|p1a: Jirachi|70/100 par|[from] item: Leftovers
|upkeep
|turn|127
|inactive|EatYourToast has 270 seconds left.
|
|t:|1729192362
|cant|p2a: Zaptwo|slp
|move|p2a: Zaptwo|Sleep Talk|p2a: Zaptwo
|move|p2a: Zaptwo|Hidden Power|p1a: Jirachi|[from]Sleep Talk
|-resisted|p1a: Jirachi
|-damage|p1a: Jirachi|63/100 par
|move|p1a: Jirachi|Fire Punch|p2a: Zaptwo
|-damage|p2a: Zaptwo|64/100 slp
|
|-weather|Sandstorm|[upkeep]
|-damage|p2a: Zaptwo|58/100 slp|[from] Sandstorm
|-heal|p2a: Zaptwo|64/100 slp|[from] item: Leftovers
|-heal|p1a: Jirachi|70/100 par|[from] item: Leftovers
|upkeep
|turn|128
|inactive|EatYourToast has 270 seconds left.
|
|t:|1729192376
|-curestatus|p2a: Zaptwo|slp|[msg]
|move|p2a: Zaptwo|Thunderbolt|p1a: Jirachi
|-damage|p1a: Jirachi|43/100 par
|move|p1a: Jirachi|Fire Punch|p2a: Zaptwo
|-damage|p2a: Zaptwo|51/100
|
|-weather|Sandstorm|[upkeep]
|-damage|p2a: Zaptwo|45/100|[from] Sandstorm
|-heal|p2a: Zaptwo|51/100|[from] item: Leftovers
|-heal|p1a: Jirachi|49/100 par|[from] item: Leftovers
|upkeep
|turn|129
|inactive|EatYourToast has 270 seconds left.
|
|t:|1729192386
|move|p2a: Zaptwo|Thunderbolt|p1a: Jirachi
|-damage|p1a: Jirachi|23/100 par
|move|p1a: Jirachi|Wish|p1a: Jirachi
|
|-weather|Sandstorm|[upkeep]
|-damage|p2a: Zaptwo|45/100|[from] Sandstorm
|-heal|p2a: Zaptwo|51/100|[from] item: Leftovers
|-heal|p1a: Jirachi|29/100 par|[from] item: Leftovers
|upkeep
|turn|130
|inactive|EatYourToast has 270 seconds left.
|
|t:|1729192394
|move|p1a: Jirachi|Protect|p1a: Jirachi
|-singleturn|p1a: Jirachi|Protect
|move|p2a: Zaptwo|Rest|p2a: Zaptwo
|-status|p2a: Zaptwo|slp|[from] move: Rest
|-heal|p2a: Zaptwo|100/100 slp|[silent]
|
|-heal|p1a: Jirachi|79/100 par|[from] move: Wish|[wisher] Jirachi
|-weather|Sandstorm|[upkeep]
|-damage|p2a: Zaptwo|94/100 slp|[from] Sandstorm
|-heal|p2a: Zaptwo|100/100 slp|[from] item: Leftovers
|-heal|p1a: Jirachi|86/100 par|[from] item: Leftovers
|upkeep
|turn|131
|inactive|EatYourToast has 270 seconds left.
|
|t:|1729192408
|cant|p2a: Zaptwo|slp
|move|p1a: Jirachi|Wish|p1a: Jirachi
|
|-weather|Sandstorm|[upkeep]
|-damage|p2a: Zaptwo|94/100 slp|[from] Sandstorm
|-heal|p2a: Zaptwo|100/100 slp|[from] item: Leftovers
|-heal|p1a: Jirachi|92/100 par|[from] item: Leftovers
|upkeep
|turn|132
|
|t:|1729192415
|move|p1a: Jirachi|Protect|p1a: Jirachi
|-singleturn|p1a: Jirachi|Protect
|cant|p2a: Zaptwo|slp
|
|-heal|p1a: Jirachi|100/100 par|[from] move: Wish|[wisher] Jirachi
|-weather|Sandstorm|[upkeep]
|-damage|p2a: Zaptwo|94/100 slp|[from] Sandstorm
|-heal|p2a: Zaptwo|100/100 slp|[from] item: Leftovers
|upkeep
|turn|133
|
|t:|1729192424
|switch|p2a: Boo|Aerodactyl, M|100/100
|cant|p1a: Jirachi|par
|
|-weather|Sandstorm|[upkeep]
|upkeep
|turn|134
|
|t:|1729192430
|move|p2a: Boo|Earthquake|p1a: Jirachi
|-supereffective|p1a: Jirachi
|-damage|p1a: Jirachi|31/100 par
|move|p1a: Jirachi|Wish|p1a: Jirachi
|
|-weather|Sandstorm|[upkeep]
|-heal|p1a: Jirachi|37/100 par|[from] item: Leftovers
|upkeep
|turn|135
|
|t:|1729192436
|cant|p1a: Jirachi|par
|move|p2a: Boo|Earthquake|p1a: Jirachi
|-supereffective|p1a: Jirachi
|-damage|p1a: Jirachi|0 fnt
|faint|p1a: Jirachi
|
|win|EatYourToast
|c|☆EatYourToast|gg
|c|☆T1W1B|gg
|player|p1|
|c|☆EatYourToast|that was a fun one

</script>
<script type="application/json" class="data" id="replaydata-smogtours-gen3ou-799315">
{"id":"smogtours-gen3ou-799315","format":"[Gen 3] OU","players":["T1W1B","EatYourToast"],"uploadtime":1729192436,"views":103,"formatid":"gen3ou","rating":null,"private":0,"password":null}
</script>

<script defer src="js/replays.js?9d40a366"></script>
