<!DOCTYPE html>
<meta charset="utf-8" />
<meta name="viewport" content="width=device-width" />

<title>[Gen 3] OU: yellow yamada vs. Calm Stiege - Replays - Pok&eacute;mon Showdown!</title>

<meta name="description" content="Watch a replay of a Pok&eacute;mon battle between yellow yamada and Calm Stiege! Format: [Gen 3] OU; Date: Oct 9, 2024" />
<!--

Hey, you! Looking in the source for the replay log?

You can find them in JSON format, just add `.json` at the end of a replay URL.

https://replay.pokemonshowdown.com/gen7randomdoublesbattle-865046831.json

Or, if you only need the log itself, add `.log` instead:

https://replay.pokemonshowdown.com/gen7randomdoublesbattle-865046831.log

-->

<link rel="stylesheet" href="//pokemonshowdown.com/style/global.css?0.023195364461161105" />
<link rel="stylesheet" href="//play.pokemonshowdown.com/style/font-awesome.css?0.13261647063804238" />
<link rel="stylesheet" href="//play.pokemonshowdown.com/style/battle.css?0.8753245789963631" />
<link rel="stylesheet" href="//play.pokemonshowdown.com/style/utilichart.css?0.8627959624976733" />

<!-- Global site tag (gtag.js) - Google Analytics -->
<script async src="https://www.googletagmanager.com/gtag/js?id=UA-26211653-1"></script>
<script>
  window.dataLayer = window.dataLayer || [];
  function gtag(){dataLayer.push(arguments);}
  gtag('js', new Date());

  gtag('config', 'UA-26211653-1');
</script>
<!-- End Google Analytics -->
<!-- Venatus Ad Manager - Install in <HEAD> of page -->
	<script src="https://hb.vntsm.com/v3/live/ad-manager.min.js" type="text/javascript" data-site-id="642aba63ec9a7b11c3c9c1be" data-mode="scan" async></script>
<!-- / Venatus Ad Manager -->

<style>
	@media (max-width:820px) {
		.battle {
			margin: 0 auto;
		}
		.battle-log {
			margin: 7px auto 0;
			max-width: 640px;
			height: 300px;
			position: static;
		}
	}
	.optgroup {
		display: inline-block;
		line-height: 22px;
		font-size: 10pt;
	}
	.optgroup .button {
		height: 25px;
		padding-top: 0;
		padding-bottom: 0;
	}
	.optgroup button.button {
		padding-left: 12px;
		padding-right: 12px;
	}
	.linklist {
		list-style: none;
		margin: 0.5em 0;
		padding: 0;
	}
	.linklist li {
		padding: 2px 0;
	}
	.sidebar {
		float: left;
		width: 320px;
	}
	.bar-wrapper {
		max-width: 1100px;
		margin: 0 auto;
	}
	.bar-wrapper.has-sidebar {
		max-width: 1430px;
	}
	.mainbar {
		margin: 0;
		padding-right: 1px;
	}
	.mainbar.has-sidebar {
		margin-left: 330px;
	}
	@media (min-width: 1511px) {
		.sidebar {
			width: 400px;
		}
		.bar-wrapper.has-sidebar {
			max-width: 1510px;
		}
		.mainbar.has-sidebar {
			margin-left: 410px;
		}
	}
	.section.first-section {
		margin-top: 9px;
	}
	.blocklink small {
		white-space: normal;
	}
	.button {
		vertical-align: middle;
	}
	.replay-controls {
		padding-top: 10px;
	}
	.replay-controls h1 {
		font-size: 16pt;
		font-weight: normal;
		color: #CCC;
	}
	.pagelink {
		text-align: center;
	}
	.pagelink a {
		width: 150px;
	}
	.textbox, .button {
		font-size: 11pt;
		vertical-align: middle;
	}
	@media (max-width: 450px) {
		.button {
			font-size: 9pt;
		}
	}
</style>

<div>

	<header>
		<div class="nav-wrapper"><ul class="nav">
			<li><a class="button nav-first" href="//pokemonshowdown.com/"><img src="//pokemonshowdown.com/images/pokemonshowdownbeta.png" srcset="//pokemonshowdown.com/images/pokemonshowdownbeta.png 1x, //pokemonshowdown.com/images/pokemonshowdownbeta@2x.png 2x" alt="Pok&eacute;mon Showdown" width="146" height="44" /> Home</a></li>
			<li><a class="button" href="//pokemonshowdown.com/dex/">Pok&eacute;dex</a></li>
			<li><a class="button cur" href="/">Replays</a></li>
			<li><a class="button" href="//pokemonshowdown.com/ladder/">Ladder</a></li>
			<li><a class="button nav-last" href="//pokemonshowdown.com/forums/">Forum</a></li>
			<li><a class="button greenbutton nav-first nav-last" href="//play.pokemonshowdown.com/">Play</a></li>
		</ul></div>
	</header>

	<div class="main" id="main">

		<noscript><section class="section">You need to enable JavaScript to use this page; sorry!</section></noscript>

	</div>

</div>

<script defer nomodule src="//play.pokemonshowdown.com/js/lib/ps-polyfill.js"></script>
<script defer src="//play.pokemonshowdown.com/js/lib/preact.min.js"></script>

<script defer src="//play.pokemonshowdown.com/config/config.js?2bddbc15"></script>
<script defer src="//play.pokemonshowdown.com/js/lib/jquery-1.11.0.min.js"></script>
<script defer src="//play.pokemonshowdown.com/js/lib/html-sanitizer-minified.js"></script>
<script defer src="//play.pokemonshowdown.com/js/battle-sound.js"></script>
<script defer src="//play.pokemonshowdown.com/js/battledata.js?0.7209276989879541"></script>
<script defer src="//play.pokemonshowdown.com/data/pokedex-mini.js?0.6111056340867951"></script>
<script defer src="//play.pokemonshowdown.com/data/pokedex-mini-bw.js?0.3532142036491459"></script>
<script defer src="//play.pokemonshowdown.com/data/graphics.js?0.24223875632456182"></script>
<script defer src="//play.pokemonshowdown.com/data/pokedex.js?0.38839984266356864"></script>
<script defer src="//play.pokemonshowdown.com/data/moves.js?0.21866028504024015"></script>
<script defer src="//play.pokemonshowdown.com/data/abilities.js?0.2005157953846628"></script>
<script defer src="//play.pokemonshowdown.com/data/items.js?0.9894211263848525"></script>
<script defer src="//play.pokemonshowdown.com/data/teambuilder-tables.js?0.6008791140282215"></script>
<script defer src="//play.pokemonshowdown.com/js/battle-tooltips.js?0.7580118955022959"></script>
<script defer src="//play.pokemonshowdown.com/js/battle.js?0.6057722274234274"></script>

<script defer src="js/utils.js?e31f9a17"></script>
<script defer src="js/replays-battle.js?7008c182"></script>

<!-- don't scrape this data! just add .json or .log after the URL!
Full API docs: https://github.com/smogon/pokemon-showdown-client/blob/master/WEB-API.md -->
<script type="text/plain" class="log" id="replaylog-smogtours-gen3ou-796751">
|inactive|Battle timer is ON: inactive players will automatically lose when time's up.
|t:|1728505897
|gametype|singles
|player|p1|yellow yamada|roxie|
|player|p2|Calm Stiege|170|
|teamsize|p1|6
|teamsize|p2|6
|gen|3
|tier|[Gen 3] OU
|rule|Sleep Clause Mod: Limit one foe put to sleep
|rule|Switch Priority Clause Mod: Faster Pokémon switch first
|rule|Species Clause: Limit one of each Pokémon
|rule|OHKO Clause: OHKO moves are banned
|rule|Evasion Items Clause: Evasion items are banned
|rule|Evasion Moves Clause: Evasion moves are banned
|rule|Endless Battle Clause: Forcing endless battles is banned
|rule|HP Percentage Mod: HP is shown in percentages
|rule|One Boost Passer Clause: Limit one Baton Passer that has a way to boost its stats
|rule|Freeze Clause Mod: Limit one foe frozen
|
|t:|1728505897
|start
|switch|p1a: Suicune|Suicune|100/100
|switch|p2a: Milotic|Milotic, F|100/100
|turn|1
|
|t:|1728505904
|switch|p1a: Celebi|Celebi|100/100
|move|p2a: Milotic|Hypnosis|p1a: Celebi
|-status|p1a: Celebi|slp|[from] move: Hypnosis
|
|upkeep
|turn|2
|
|t:|1728505912
|-curestatus|p1a: Celebi|slp|[from] ability: Natural Cure
|switch|p1a: Zapdos|Zapdos|100/100
|switch|p2a: Dugtrio|Dugtrio, F|100/100
|
|upkeep
|turn|3
|
|t:|1728505919
|switch|p2a: Blissey|Blissey, F|100/100
|move|p1a: Zapdos|Hidden Power|p2a: Blissey
|-damage|p2a: Blissey|91/100
|
|-heal|p2a: Blissey|98/100|[from] item: Leftovers
|upkeep
|turn|4
|
|t:|1728505926
|move|p1a: Zapdos|Substitute|p1a: Zapdos
|-start|p1a: Zapdos|Substitute
|-damage|p1a: Zapdos|76/100
|move|p2a: Blissey|Calm Mind|p2a: Blissey
|-boost|p2a: Blissey|spa|1
|-boost|p2a: Blissey|spd|1
|
|-heal|p1a: Zapdos|82/100|[from] item: Leftovers
|-heal|p2a: Blissey|100/100|[from] item: Leftovers
|upkeep
|turn|5
|
|t:|1728505931
|move|p1a: Zapdos|Baton Pass|p1a: Zapdos
|
|t:|1728505935
|switch|p1a: Metagross|Metagross|100/100|[from] Baton Pass
|move|p2a: Blissey|Thunderbolt|p1a: Metagross
|-end|p1a: Metagross|Substitute
|
|upkeep
|turn|6
|
|t:|1728505940
|move|p1a: Metagross|Explosion|p2a: Blissey
|-damage|p2a: Blissey|0 fnt
|faint|p1a: Metagross
|faint|p2a: Blissey
|
|t:|1728505947
|switch|p1a: Zapdos|Zapdos|82/100
|switch|p2a: Miltank|Miltank, F|100/100
|
|-heal|p1a: Zapdos|88/100|[from] item: Leftovers
|upkeep
|turn|7
|
|t:|1728505951
|move|p1a: Zapdos|Substitute|p1a: Zapdos
|-start|p1a: Zapdos|Substitute
|-damage|p1a: Zapdos|63/100
|move|p2a: Miltank|Thunder Wave||[still]
|-fail|p2a: Miltank
|
|-heal|p1a: Zapdos|69/100|[from] item: Leftovers
|upkeep
|turn|8
|
|t:|1728505957
|move|p1a: Zapdos|Baton Pass|p1a: Zapdos
|
|t:|1728505959
|switch|p1a: Tyranitar|Tyranitar, M|100/100|[from] Baton Pass
|-weather|Sandstorm|[from] ability: Sand Stream|[of] p1a: Tyranitar
|move|p2a: Miltank|Seismic Toss|p1a: Tyranitar
|-end|p1a: Tyranitar|Substitute
|
|-weather|Sandstorm|[upkeep]
|-damage|p2a: Miltank|94/100|[from] Sandstorm
|-heal|p2a: Miltank|100/100|[from] item: Leftovers
|upkeep
|turn|9
|
|t:|1728505967
|move|p2a: Miltank|Thunder Wave|p1a: Tyranitar
|-status|p1a: Tyranitar|par
|-enditem|p1a: Tyranitar|Lum Berry|[eat]
|-curestatus|p1a: Tyranitar|par|[msg]
|move|p1a: Tyranitar|Dragon Dance|p1a: Tyranitar
|-boost|p1a: Tyranitar|atk|1
|-boost|p1a: Tyranitar|spe|1
|
|-weather|Sandstorm|[upkeep]
|-damage|p2a: Miltank|94/100|[from] Sandstorm
|-heal|p2a: Miltank|100/100|[from] item: Leftovers
|upkeep
|turn|10
|
|t:|1728505973
|move|p1a: Tyranitar|Rock Slide|p2a: Miltank
|-damage|p2a: Miltank|63/100
|move|p2a: Miltank|Thunder Wave|p1a: Tyranitar
|-status|p1a: Tyranitar|par
|
|-weather|Sandstorm|[upkeep]
|-damage|p2a: Miltank|57/100|[from] Sandstorm
|-heal|p2a: Miltank|63/100|[from] item: Leftovers
|upkeep
|turn|11
|
|t:|1728505978
|move|p2a: Miltank|Seismic Toss|p1a: Tyranitar
|-damage|p1a: Tyranitar|75/100 par
|move|p1a: Tyranitar|Rock Slide|p2a: Miltank
|-damage|p2a: Miltank|26/100
|
|-weather|Sandstorm|[upkeep]
|-damage|p2a: Miltank|20/100|[from] Sandstorm
|-heal|p2a: Miltank|26/100|[from] item: Leftovers
|upkeep
|turn|12
|
|t:|1728505985
|move|p2a: Miltank|Milk Drink|p2a: Miltank
|-heal|p2a: Miltank|76/100
|move|p1a: Tyranitar|Rock Slide|p2a: Miltank
|-damage|p2a: Miltank|38/100
|
|-weather|Sandstorm|[upkeep]
|-damage|p2a: Miltank|32/100|[from] Sandstorm
|-heal|p2a: Miltank|38/100|[from] item: Leftovers
|upkeep
|turn|13
|
|t:|1728505988
|move|p2a: Miltank|Milk Drink|p2a: Miltank
|-heal|p2a: Miltank|88/100
|move|p1a: Tyranitar|Dragon Dance|p1a: Tyranitar
|-boost|p1a: Tyranitar|atk|1
|-boost|p1a: Tyranitar|spe|1
|
|-weather|Sandstorm|[upkeep]
|-damage|p2a: Miltank|82/100|[from] Sandstorm
|-heal|p2a: Miltank|88/100|[from] item: Leftovers
|upkeep
|turn|14
|
|t:|1728505992
|move|p2a: Miltank|Seismic Toss|p1a: Tyranitar
|-damage|p1a: Tyranitar|49/100 par
|move|p1a: Tyranitar|Earthquake|p2a: Miltank
|-damage|p2a: Miltank|46/100
|
|-weather|Sandstorm|[upkeep]
|-damage|p2a: Miltank|40/100|[from] Sandstorm
|-heal|p2a: Miltank|46/100|[from] item: Leftovers
|upkeep
|turn|15
|
|t:|1728505999
|move|p2a: Miltank|Milk Drink|p2a: Miltank
|-heal|p2a: Miltank|96/100
|move|p1a: Tyranitar|Rock Slide|p2a: Miltank
|-damage|p2a: Miltank|49/100
|
|-weather|Sandstorm|[upkeep]
|-damage|p2a: Miltank|43/100|[from] Sandstorm
|-heal|p2a: Miltank|49/100|[from] item: Leftovers
|upkeep
|turn|16
|
|t:|1728506003
|move|p2a: Miltank|Milk Drink|p2a: Miltank
|-heal|p2a: Miltank|99/100
|cant|p1a: Tyranitar|par
|
|-weather|Sandstorm|[upkeep]
|-damage|p2a: Miltank|93/100|[from] Sandstorm
|-heal|p2a: Miltank|99/100|[from] item: Leftovers
|upkeep
|turn|17
|
|t:|1728506008
|move|p2a: Miltank|Seismic Toss|p1a: Tyranitar
|-damage|p1a: Tyranitar|23/100 par
|move|p1a: Tyranitar|Earthquake|p2a: Miltank
|-damage|p2a: Miltank|57/100
|
|-weather|Sandstorm|[upkeep]
|-damage|p2a: Miltank|51/100|[from] Sandstorm
|-heal|p2a: Miltank|57/100|[from] item: Leftovers
|upkeep
|turn|18
|
|t:|1728506014
|move|p2a: Miltank|Seismic Toss|p1a: Tyranitar
|-damage|p1a: Tyranitar|0 fnt
|faint|p1a: Tyranitar
|
|t:|1728506016
|switch|p1a: Zapdos|Zapdos|69/100
|
|-weather|Sandstorm|[upkeep]
|-damage|p1a: Zapdos|63/100|[from] Sandstorm
|-damage|p2a: Miltank|51/100|[from] Sandstorm
|-heal|p1a: Zapdos|69/100|[from] item: Leftovers
|-heal|p2a: Miltank|57/100|[from] item: Leftovers
|upkeep
|turn|19
|
|t:|1728506020
|move|p1a: Zapdos|Substitute|p1a: Zapdos
|-start|p1a: Zapdos|Substitute
|-damage|p1a: Zapdos|44/100
|move|p2a: Miltank|Seismic Toss|p1a: Zapdos
|-end|p1a: Zapdos|Substitute
|
|-weather|Sandstorm|[upkeep]
|-damage|p1a: Zapdos|38/100|[from] Sandstorm
|-damage|p2a: Miltank|51/100|[from] Sandstorm
|-heal|p1a: Zapdos|44/100|[from] item: Leftovers
|-heal|p2a: Miltank|57/100|[from] item: Leftovers
|upkeep
|turn|20
|
|t:|1728506026
|move|p1a: Zapdos|Thunderbolt|p2a: Miltank
|-damage|p2a: Miltank|0 fnt
|faint|p2a: Miltank
|
|t:|1728506030
|switch|p2a: Dugtrio|Dugtrio, F|100/100
|
|-weather|Sandstorm|[upkeep]
|-damage|p1a: Zapdos|38/100|[from] Sandstorm
|-heal|p1a: Zapdos|44/100|[from] item: Leftovers
|upkeep
|turn|21
|
|t:|1728506034
|switch|p1a: Dugtrio|Dugtrio, F|100/100
|move|p2a: Dugtrio|Rock Slide|p1a: Dugtrio
|-resisted|p1a: Dugtrio
|-damage|p1a: Dugtrio|59/100
|
|-weather|Sandstorm|[upkeep]
|upkeep
|turn|22
|
|t:|1728506039
|move|p1a: Dugtrio|Earthquake|p2a: Dugtrio
|-damage|p2a: Dugtrio|0 fnt
|faint|p2a: Dugtrio
|
|t:|1728506046
|switch|p2a: Celebi|Celebi|100/100
|
|-weather|Sandstorm|[upkeep]
|-damage|p2a: Celebi|94/100|[from] Sandstorm
|-heal|p2a: Celebi|100/100|[from] item: Leftovers
|upkeep
|turn|23
|
|t:|1728506053
|switch|p1a: Suicune|Suicune|100/100
|move|p2a: Celebi|Hidden Power|p1a: Suicune
|-resisted|p1a: Suicune
|-damage|p1a: Suicune|90/100
|
|-weather|Sandstorm|[upkeep]
|-damage|p2a: Celebi|94/100|[from] Sandstorm
|-damage|p1a: Suicune|84/100|[from] Sandstorm
|-heal|p2a: Celebi|100/100|[from] item: Leftovers
|-heal|p1a: Suicune|90/100|[from] item: Leftovers
|upkeep
|turn|24
|
|t:|1728506060
|move|p2a: Celebi|Leech Seed|p1a: Suicune
|-start|p1a: Suicune|move: Leech Seed
|move|p1a: Suicune|Roar|p2a: Celebi
|drag|p2a: Claydol|Claydol|100/100
|
|-weather|Sandstorm|[upkeep]
|-damage|p1a: Suicune|84/100|[from] Sandstorm
|-heal|p1a: Suicune|90/100|[from] item: Leftovers
|-damage|p1a: Suicune|78/100|[from] Leech Seed|[of] p2a: Claydol
|upkeep
|turn|25
|
|t:|1728506065
|switch|p1a: Zapdos|Zapdos|44/100
|switch|p2a: Milotic|Milotic, F|100/100
|
|-weather|Sandstorm|[upkeep]
|-damage|p1a: Zapdos|38/100|[from] Sandstorm
|-damage|p2a: Milotic|94/100|[from] Sandstorm
|-heal|p1a: Zapdos|44/100|[from] item: Leftovers
|-heal|p2a: Milotic|100/100|[from] item: Leftovers
|upkeep
|turn|26
|
|t:|1728506071
|switch|p2a: Claydol|Claydol|100/100
|move|p1a: Zapdos|Substitute|p1a: Zapdos
|-start|p1a: Zapdos|Substitute
|-damage|p1a: Zapdos|19/100
|
|-weather|Sandstorm|[upkeep]
|-damage|p1a: Zapdos|13/100|[from] Sandstorm
|-heal|p1a: Zapdos|19/100|[from] item: Leftovers
|upkeep
|turn|27
|
|t:|1728506077
|move|p1a: Zapdos|Hidden Power|p2a: Claydol
|-supereffective|p2a: Claydol
|-damage|p2a: Claydol|56/100
|move|p2a: Claydol|Shadow Ball|p1a: Zapdos
|-activate|p1a: Zapdos|Substitute|[damage]
|
|-weather|Sandstorm|[upkeep]
|-damage|p1a: Zapdos|13/100|[from] Sandstorm
|-heal|p1a: Zapdos|19/100|[from] item: Leftovers
|-heal|p2a: Claydol|62/100|[from] item: Leftovers
|upkeep
|turn|28
|
|t:|1728506083
|move|p1a: Zapdos|Hidden Power|p2a: Claydol
|-supereffective|p2a: Claydol
|-damage|p2a: Claydol|18/100
|move|p2a: Claydol|Shadow Ball|p1a: Zapdos
|-end|p1a: Zapdos|Substitute
|
|-weather|Sandstorm|[upkeep]
|-damage|p1a: Zapdos|13/100|[from] Sandstorm
|-heal|p1a: Zapdos|19/100|[from] item: Leftovers
|-heal|p2a: Claydol|24/100|[from] item: Leftovers
|upkeep
|turn|29
|
|t:|1728506096
|switch|p2a: Celebi|Celebi|100/100
|move|p1a: Zapdos|Hidden Power|p2a: Celebi
|-resisted|p2a: Celebi
|-damage|p2a: Celebi|89/100
|
|-weather|Sandstorm|[upkeep]
|-damage|p1a: Zapdos|13/100|[from] Sandstorm
|-damage|p2a: Celebi|83/100|[from] Sandstorm
|-heal|p2a: Celebi|89/100|[from] item: Leftovers
|-heal|p1a: Zapdos|19/100|[from] item: Leftovers
|upkeep
|turn|30
|
|t:|1728506099
|move|p1a: Zapdos|Thunderbolt|p2a: Celebi
|-resisted|p2a: Celebi
|-crit|p2a: Celebi
|-damage|p2a: Celebi|44/100
|move|p2a: Celebi|Psychic|p1a: Zapdos
|-damage|p1a: Zapdos|0 fnt
|faint|p1a: Zapdos
|
|t:|1728506105
|switch|p1a: Dugtrio|Dugtrio, F|59/100
|
|-weather|Sandstorm|[upkeep]
|-damage|p2a: Celebi|38/100|[from] Sandstorm
|-heal|p2a: Celebi|44/100|[from] item: Leftovers
|upkeep
|turn|31
|
|t:|1728506107
|move|p1a: Dugtrio|Hidden Power|p2a: Celebi
|-supereffective|p2a: Celebi
|-damage|p2a: Celebi|0 fnt
|faint|p2a: Celebi
|
|t:|1728506110
|switch|p2a: Milotic|Milotic, F|100/100
|
|-weather|Sandstorm|[upkeep]
|-damage|p2a: Milotic|94/100|[from] Sandstorm
|-heal|p2a: Milotic|100/100|[from] item: Leftovers
|upkeep
|turn|32
|
|t:|1728506114
|move|p1a: Dugtrio|Hidden Power|p2a: Milotic
|-damage|p2a: Milotic|76/100
|move|p2a: Milotic|Hypnosis|p1a: Dugtrio
|-status|p1a: Dugtrio|slp|[from] move: Hypnosis
|
|-weather|Sandstorm|[upkeep]
|-damage|p2a: Milotic|70/100|[from] Sandstorm
|-heal|p2a: Milotic|76/100|[from] item: Leftovers
|upkeep
|turn|33
|
|t:|1728506120
|cant|p1a: Dugtrio|slp
|move|p2a: Milotic|Ice Beam|p1a: Dugtrio
|-supereffective|p1a: Dugtrio
|-damage|p1a: Dugtrio|0 fnt
|faint|p1a: Dugtrio
|
|t:|1728506124
|switch|p1a: Celebi|Celebi|100/100
|
|-weather|Sandstorm|[upkeep]
|-damage|p1a: Celebi|94/100|[from] Sandstorm
|-damage|p2a: Milotic|70/100|[from] Sandstorm
|-heal|p1a: Celebi|100/100|[from] item: Leftovers
|-heal|p2a: Milotic|76/100|[from] item: Leftovers
|upkeep
|turn|34
|
|t:|1728506126
|move|p1a: Celebi|Calm Mind|p1a: Celebi
|-boost|p1a: Celebi|spa|1
|-boost|p1a: Celebi|spd|1
|move|p2a: Milotic|Hypnosis|p1a: Celebi
|-status|p1a: Celebi|slp|[from] move: Hypnosis
|
|-weather|Sandstorm|[upkeep]
|-damage|p1a: Celebi|94/100 slp|[from] Sandstorm
|-damage|p2a: Milotic|70/100|[from] Sandstorm
|-heal|p1a: Celebi|100/100 slp|[from] item: Leftovers
|-heal|p2a: Milotic|76/100|[from] item: Leftovers
|upkeep
|turn|35
|
|t:|1728506131
|-curestatus|p1a: Celebi|slp|[from] ability: Natural Cure
|switch|p1a: Suicune|Suicune|78/100
|switch|p2a: Claydol|Claydol|24/100
|
|-weather|Sandstorm|[upkeep]
|-damage|p1a: Suicune|72/100|[from] Sandstorm
|-heal|p1a: Suicune|78/100|[from] item: Leftovers
|-heal|p2a: Claydol|30/100|[from] item: Leftovers
|upkeep
|turn|36
|
|t:|1728506137
|move|p1a: Suicune|Hydro Pump|p2a: Claydol
|-supereffective|p2a: Claydol
|-damage|p2a: Claydol|0 fnt
|faint|p2a: Claydol
|
|t:|1728506139
|switch|p2a: Milotic|Milotic, F|76/100
|
|-weather|Sandstorm|[upkeep]
|-damage|p1a: Suicune|72/100|[from] Sandstorm
|-damage|p2a: Milotic|70/100|[from] Sandstorm
|-heal|p1a: Suicune|78/100|[from] item: Leftovers
|-heal|p2a: Milotic|76/100|[from] item: Leftovers
|upkeep
|turn|37
|
|t:|1728506142
|move|p1a: Suicune|Ice Beam|p2a: Milotic
|-resisted|p2a: Milotic
|-damage|p2a: Milotic|65/100
|move|p2a: Milotic|Ice Beam|p1a: Suicune
|-resisted|p1a: Suicune
|-damage|p1a: Suicune|64/100
|
|-weather|Sandstorm|[upkeep]
|-damage|p1a: Suicune|58/100|[from] Sandstorm
|-damage|p2a: Milotic|59/100|[from] Sandstorm
|-heal|p1a: Suicune|64/100|[from] item: Leftovers
|-heal|p2a: Milotic|65/100|[from] item: Leftovers
|upkeep
|turn|38
|
|t:|1728506149
|move|p1a: Suicune|Ice Beam|p2a: Milotic
|-resisted|p2a: Milotic
|-damage|p2a: Milotic|56/100
|move|p2a: Milotic|Ice Beam|p1a: Suicune
|-resisted|p1a: Suicune
|-damage|p1a: Suicune|50/100
|
|-weather|Sandstorm|[upkeep]
|-damage|p1a: Suicune|44/100|[from] Sandstorm
|-damage|p2a: Milotic|50/100|[from] Sandstorm
|-heal|p1a: Suicune|50/100|[from] item: Leftovers
|-heal|p2a: Milotic|56/100|[from] item: Leftovers
|upkeep
|turn|39
|
|t:|1728506156
|move|p1a: Suicune|Ice Beam|p2a: Milotic
|-resisted|p2a: Milotic
|-damage|p2a: Milotic|47/100
|-status|p2a: Milotic|frz
|cant|p2a: Milotic|frz
|
|-weather|Sandstorm|[upkeep]
|-damage|p1a: Suicune|44/100|[from] Sandstorm
|-damage|p2a: Milotic|41/100 frz|[from] Sandstorm
|-heal|p1a: Suicune|50/100|[from] item: Leftovers
|-heal|p2a: Milotic|47/100 frz|[from] item: Leftovers
|upkeep
|turn|40
|
|t:|1728506160
|switch|p1a: Celebi|Celebi|100/100
|cant|p2a: Milotic|frz
|
|-weather|Sandstorm|[upkeep]
|-damage|p1a: Celebi|94/100|[from] Sandstorm
|-damage|p2a: Milotic|41/100 frz|[from] Sandstorm
|-heal|p1a: Celebi|100/100|[from] item: Leftovers
|-heal|p2a: Milotic|47/100 frz|[from] item: Leftovers
|upkeep
|turn|41
|
|t:|1728506164
|move|p1a: Celebi|Calm Mind|p1a: Celebi
|-boost|p1a: Celebi|spa|1
|-boost|p1a: Celebi|spd|1
|cant|p2a: Milotic|frz
|
|-weather|Sandstorm|[upkeep]
|-damage|p1a: Celebi|94/100|[from] Sandstorm
|-damage|p2a: Milotic|41/100 frz|[from] Sandstorm
|-heal|p1a: Celebi|100/100|[from] item: Leftovers
|-heal|p2a: Milotic|47/100 frz|[from] item: Leftovers
|upkeep
|turn|42
|
|t:|1728506166
|move|p1a: Celebi|Giga Drain|p2a: Milotic
|-supereffective|p2a: Milotic
|-damage|p2a: Milotic|0 fnt
|faint|p2a: Milotic
|
|win|yellow yamada
|c|☆Calm Stiege|gg
|player|p1|

</script>
<script type="application/json" class="data" id="replaydata-smogtours-gen3ou-796751">
{"id":"smogtours-gen3ou-796751","format":"[Gen 3] OU","players":["yellow yamada","Calm Stiege"],"uploadtime":1728506166,"views":94,"formatid":"gen3ou","rating":null,"private":0,"password":null}
</script>

<script defer src="js/replays.js?9d40a366"></script>
