<!DOCTYPE html>
<meta charset="utf-8" />
<meta name="viewport" content="width=device-width" />

<title>[Gen 3] OU: triskeriaki vs. muk fan - Replays - Pok&eacute;mon Showdown!</title>

<meta name="description" content="Watch a replay of a Pok&eacute;mon battle between triskeriaki and muk fan! Format: [Gen 3] OU; Date: Oct 20, 2024" />
<!--

Hey, you! Looking in the source for the replay log?

You can find them in JSON format, just add `.json` at the end of a replay URL.

https://replay.pokemonshowdown.com/gen7randomdoublesbattle-865046831.json

Or, if you only need the log itself, add `.log` instead:

https://replay.pokemonshowdown.com/gen7randomdoublesbattle-865046831.log

-->

<link rel="stylesheet" href="//pokemonshowdown.com/style/global.css?0.023195364461161105" />
<link rel="stylesheet" href="//play.pokemonshowdown.com/style/font-awesome.css?0.13261647063804238" />
<link rel="stylesheet" href="//play.pokemonshowdown.com/style/battle.css?0.8753245789963631" />
<link rel="stylesheet" href="//play.pokemonshowdown.com/style/utilichart.css?0.8627959624976733" />

<!-- Global site tag (gtag.js) - Google Analytics -->
<script async src="https://www.googletagmanager.com/gtag/js?id=UA-26211653-1"></script>
<script>
  window.dataLayer = window.dataLayer || [];
  function gtag(){dataLayer.push(arguments);}
  gtag('js', new Date());

  gtag('config', 'UA-26211653-1');
</script>
<!-- End Google Analytics -->
<!-- Venatus Ad Manager - Install in <HEAD> of page -->
	<script src="https://hb.vntsm.com/v3/live/ad-manager.min.js" type="text/javascript" data-site-id="642aba63ec9a7b11c3c9c1be" data-mode="scan" async></script>
<!-- / Venatus Ad Manager -->

<style>
	@media (max-width:820px) {
		.battle {
			margin: 0 auto;
		}
		.battle-log {
			margin: 7px auto 0;
			max-width: 640px;
			height: 300px;
			position: static;
		}
	}
	.optgroup {
		display: inline-block;
		line-height: 22px;
		font-size: 10pt;
	}
	.optgroup .button {
		height: 25px;
		padding-top: 0;
		padding-bottom: 0;
	}
	.optgroup button.button {
		padding-left: 12px;
		padding-right: 12px;
	}
	.linklist {
		list-style: none;
		margin: 0.5em 0;
		padding: 0;
	}
	.linklist li {
		padding: 2px 0;
	}
	.sidebar {
		float: left;
		width: 320px;
	}
	.bar-wrapper {
		max-width: 1100px;
		margin: 0 auto;
	}
	.bar-wrapper.has-sidebar {
		max-width: 1430px;
	}
	.mainbar {
		margin: 0;
		padding-right: 1px;
	}
	.mainbar.has-sidebar {
		margin-left: 330px;
	}
	@media (min-width: 1511px) {
		.sidebar {
			width: 400px;
		}
		.bar-wrapper.has-sidebar {
			max-width: 1510px;
		}
		.mainbar.has-sidebar {
			margin-left: 410px;
		}
	}
	.section.first-section {
		margin-top: 9px;
	}
	.blocklink small {
		white-space: normal;
	}
	.button {
		vertical-align: middle;
	}
	.replay-controls {
		padding-top: 10px;
	}
	.replay-controls h1 {
		font-size: 16pt;
		font-weight: normal;
		color: #CCC;
	}
	.pagelink {
		text-align: center;
	}
	.pagelink a {
		width: 150px;
	}
	.textbox, .button {
		font-size: 11pt;
		vertical-align: middle;
	}
	@media (max-width: 450px) {
		.button {
			font-size: 9pt;
		}
	}
</style>

<div>

	<header>
		<div class="nav-wrapper"><ul class="nav">
			<li><a class="button nav-first" href="//pokemonshowdown.com/"><img src="//pokemonshowdown.com/images/pokemonshowdownbeta.png" srcset="//pokemonshowdown.com/images/pokemonshowdownbeta.png 1x, //pokemonshowdown.com/images/pokemonshowdownbeta@2x.png 2x" alt="Pok&eacute;mon Showdown" width="146" height="44" /> Home</a></li>
			<li><a class="button" href="//pokemonshowdown.com/dex/">Pok&eacute;dex</a></li>
			<li><a class="button cur" href="/">Replays</a></li>
			<li><a class="button" href="//pokemonshowdown.com/ladder/">Ladder</a></li>
			<li><a class="button nav-last" href="//pokemonshowdown.com/forums/">Forum</a></li>
			<li><a class="button greenbutton nav-first nav-last" href="//play.pokemonshowdown.com/">Play</a></li>
		</ul></div>
	</header>

	<div class="main" id="main">

		<noscript><section class="section">You need to enable JavaScript to use this page; sorry!</section></noscript>

	</div>

</div>

<script defer nomodule src="//play.pokemonshowdown.com/js/lib/ps-polyfill.js"></script>
<script defer src="//play.pokemonshowdown.com/js/lib/preact.min.js"></script>

<script defer src="//play.pokemonshowdown.com/config/config.js?2bddbc15"></script>
<script defer src="//play.pokemonshowdown.com/js/lib/jquery-1.11.0.min.js"></script>
<script defer src="//play.pokemonshowdown.com/js/lib/html-sanitizer-minified.js"></script>
<script defer src="//play.pokemonshowdown.com/js/battle-sound.js"></script>
<script defer src="//play.pokemonshowdown.com/js/battledata.js?0.7209276989879541"></script>
<script defer src="//play.pokemonshowdown.com/data/pokedex-mini.js?0.6111056340867951"></script>
<script defer src="//play.pokemonshowdown.com/data/pokedex-mini-bw.js?0.3532142036491459"></script>
<script defer src="//play.pokemonshowdown.com/data/graphics.js?0.24223875632456182"></script>
<script defer src="//play.pokemonshowdown.com/data/pokedex.js?0.38839984266356864"></script>
<script defer src="//play.pokemonshowdown.com/data/moves.js?0.21866028504024015"></script>
<script defer src="//play.pokemonshowdown.com/data/abilities.js?0.2005157953846628"></script>
<script defer src="//play.pokemonshowdown.com/data/items.js?0.9894211263848525"></script>
<script defer src="//play.pokemonshowdown.com/data/teambuilder-tables.js?0.6008791140282215"></script>
<script defer src="//play.pokemonshowdown.com/js/battle-tooltips.js?0.7580118955022959"></script>
<script defer src="//play.pokemonshowdown.com/js/battle.js?0.6057722274234274"></script>

<script defer src="js/utils.js?e31f9a17"></script>
<script defer src="js/replays-battle.js?7008c182"></script>

<!-- don't scrape this data! just add .json or .log after the URL!
Full API docs: https://github.com/smogon/pokemon-showdown-client/blob/master/WEB-API.md -->
<script type="text/plain" class="log" id="replaylog-smogtours-gen3ou-800962">
|inactive|Battle timer is ON: inactive players will automatically lose when time's up.
|t:|1729465992
|gametype|singles
|player|p1|triskeriaki|265|
|player|p2|muk fan|blue|
|teamsize|p1|6
|teamsize|p2|6
|gen|3
|tier|[Gen 3] OU
|rule|Sleep Clause Mod: Limit one foe put to sleep
|rule|Switch Priority Clause Mod: Faster Pokémon switch first
|rule|Species Clause: Limit one of each Pokémon
|rule|OHKO Clause: OHKO moves are banned
|rule|Evasion Items Clause: Evasion items are banned
|rule|Evasion Moves Clause: Evasion moves are banned
|rule|Endless Battle Clause: Forcing endless battles is banned
|rule|HP Percentage Mod: HP is shown in percentages
|rule|One Boost Passer Clause: Limit one Baton Passer that has a way to boost its stats
|rule|Freeze Clause Mod: Limit one foe frozen
|
|t:|1729465992
|start
|switch|p1a: dog 1|Raikou|100/100
|switch|p2a: Medicham|Medicham, F, shiny|100/100
|turn|1
|
|t:|1729466004
|move|p2a: Medicham|Brick Break|p1a: dog 1
|-damage|p1a: dog 1|62/100
|move|p1a: dog 1|Thunderbolt|p2a: Medicham
|-damage|p2a: Medicham|39/100
|
|-heal|p1a: dog 1|68/100|[from] item: Leftovers
|upkeep
|turn|2
|
|t:|1729466014
|switch|p2a: Regice|Regice|100/100
|move|p1a: dog 1|Thunderbolt|p2a: Regice
|-damage|p2a: Regice|83/100
|
|-heal|p1a: dog 1|75/100|[from] item: Leftovers
|-heal|p2a: Regice|89/100|[from] item: Leftovers
|upkeep
|turn|3
|
|t:|1729466035
|switch|p1a: lil guy 2|Jirachi|100/100
|move|p2a: Regice|Thunder Wave|p1a: lil guy 2
|-status|p1a: lil guy 2|par
|
|-heal|p2a: Regice|95/100|[from] item: Leftovers
|upkeep
|turn|4
|
|t:|1729466046
|switch|p2a: Swampert|Swampert, M, shiny|100/100
|move|p1a: lil guy 2|Toxic|p2a: Swampert
|-status|p2a: Swampert|tox
|
|-damage|p2a: Swampert|94/100 tox|[from] psn
|upkeep
|turn|5
|
|t:|1729466059
|move|p2a: Swampert|Hydro Pump|p1a: lil guy 2
|-crit|p1a: lil guy 2
|-damage|p1a: lil guy 2|13/100 par
|cant|p1a: lil guy 2|par
|
|-heal|p2a: Swampert|100/100 tox|[from] item: Leftovers
|-damage|p2a: Swampert|88/100 tox|[from] psn
|-heal|p1a: lil guy 2|19/100 par|[from] item: Leftovers
|upkeep
|turn|6
|
|t:|1729466068
|move|p1a: lil guy 2|Protect|p1a: lil guy 2
|-singleturn|p1a: lil guy 2|Protect
|move|p2a: Swampert|Earthquake|p1a: lil guy 2
|-activate|p1a: lil guy 2|Protect
|
|-heal|p2a: Swampert|94/100 tox|[from] item: Leftovers
|-damage|p2a: Swampert|76/100 tox|[from] psn
|-heal|p1a: lil guy 2|25/100 par|[from] item: Leftovers
|upkeep
|turn|7
|
|t:|1729466095
|switch|p1a: lil guy 1|Celebi|100/100
|move|p2a: Swampert|Hydro Pump|p1a: lil guy 1
|-resisted|p1a: lil guy 1
|-damage|p1a: lil guy 1|82/100
|
|-heal|p1a: lil guy 1|88/100|[from] item: Leftovers
|-heal|p2a: Swampert|82/100 tox|[from] item: Leftovers
|-damage|p2a: Swampert|57/100 tox|[from] psn
|upkeep
|turn|8
|inactive|triskeriaki has 270 seconds left.
|
|t:|1729466111
|switch|p2a: Regice|Regice|95/100
|move|p1a: lil guy 1|Heal Bell|p1a: lil guy 1
|-activate|p1a: lil guy 1|move: Heal Bell
|-curestatus|p1: lil guy 2|par|[silent]
|
|-heal|p1a: lil guy 1|94/100|[from] item: Leftovers
|-heal|p2a: Regice|100/100|[from] item: Leftovers
|upkeep
|turn|9
|
|t:|1729466121
|move|p1a: lil guy 1|Leech Seed|p2a: Regice
|-start|p2a: Regice|move: Leech Seed
|move|p2a: Regice|Thunder Wave|p1a: lil guy 1
|-status|p1a: lil guy 1|par
|
|-damage|p2a: Regice|88/100|[from] Leech Seed|[of] p1a: lil guy 1
|-heal|p1a: lil guy 1|100/100 par|[silent]
|upkeep
|turn|10
|inactive|triskeriaki has 270 seconds left.
|
|t:|1729466151
|-curestatus|p1a: lil guy 1|par|[from] ability: Natural Cure
|switch|p1a: dog 2|Suicune|100/100
|move|p2a: Regice|Ice Beam|p1a: dog 2
|-resisted|p1a: dog 2
|-damage|p1a: dog 2|83/100
|-status|p1a: dog 2|frz
|
|-heal|p1a: dog 2|89/100 frz|[from] item: Leftovers
|-heal|p2a: Regice|94/100|[from] item: Leftovers
|-damage|p2a: Regice|82/100|[from] Leech Seed|[of] p1a: dog 2
|-heal|p1a: dog 2|100/100 frz|[silent]
|upkeep
|turn|11
|c|☆muk fan|sry
|c|☆triskeriaki|all good
|
|t:|1729466176
|switch|p2a: Tyranitar|Tyranitar, M|100/100
|-weather|Sandstorm|[from] ability: Sand Stream|[of] p2a: Tyranitar
|cant|p1a: dog 2|frz
|
|-weather|Sandstorm|[upkeep]
|-damage|p1a: dog 2|94/100 frz|[from] Sandstorm
|-heal|p1a: dog 2|100/100 frz|[from] item: Leftovers
|upkeep
|turn|12
|
|t:|1729466183
|switch|p2a: Regice|Regice|82/100
|cant|p1a: dog 2|frz
|
|-weather|Sandstorm|[upkeep]
|-damage|p1a: dog 2|94/100 frz|[from] Sandstorm
|-damage|p2a: Regice|76/100|[from] Sandstorm
|-heal|p1a: dog 2|100/100 frz|[from] item: Leftovers
|-heal|p2a: Regice|82/100|[from] item: Leftovers
|upkeep
|turn|13
|
|t:|1729466191
|-curestatus|p1a: dog 2|frz|[msg]
|move|p1a: dog 2|Surf|p2a: Regice
|-damage|p2a: Regice|68/100
|move|p2a: Regice|Thunderbolt|p1a: dog 2
|-supereffective|p1a: dog 2
|-damage|p1a: dog 2|53/100
|
|-weather|Sandstorm|[upkeep]
|-damage|p1a: dog 2|47/100|[from] Sandstorm
|-damage|p2a: Regice|62/100|[from] Sandstorm
|-heal|p1a: dog 2|53/100|[from] item: Leftovers
|-heal|p2a: Regice|68/100|[from] item: Leftovers
|upkeep
|turn|14
|inactive|triskeriaki has 240 seconds left.
|
|t:|1729466218
|switch|p1a: dog 1|Raikou|75/100
|move|p2a: Regice|Thunder Wave|p1a: dog 1
|-status|p1a: dog 1|par
|
|-weather|Sandstorm|[upkeep]
|-damage|p2a: Regice|62/100|[from] Sandstorm
|-damage|p1a: dog 1|68/100 par|[from] Sandstorm
|-heal|p2a: Regice|68/100|[from] item: Leftovers
|-heal|p1a: dog 1|75/100 par|[from] item: Leftovers
|upkeep
|turn|15
|inactive|triskeriaki has 240 seconds left.
|
|t:|1729466248
|move|p2a: Regice|Ice Beam|p1a: dog 1
|-damage|p1a: dog 1|32/100 par
|move|p1a: dog 1|Calm Mind|p1a: dog 1
|-boost|p1a: dog 1|spa|1
|-boost|p1a: dog 1|spd|1
|
|-weather|Sandstorm|[upkeep]
|-damage|p2a: Regice|62/100|[from] Sandstorm
|-damage|p1a: dog 1|26/100 par|[from] Sandstorm
|-heal|p2a: Regice|68/100|[from] item: Leftovers
|-heal|p1a: dog 1|32/100 par|[from] item: Leftovers
|upkeep
|turn|16
|
|t:|1729466258
|move|p2a: Regice|Ice Beam|p1a: dog 1
|-damage|p1a: dog 1|6/100 par
|move|p1a: dog 1|Rest|p1a: dog 1
|-status|p1a: dog 1|slp|[from] move: Rest
|-heal|p1a: dog 1|100/100 slp|[silent]
|
|-weather|Sandstorm|[upkeep]
|-damage|p1a: dog 1|94/100 slp|[from] Sandstorm
|-damage|p2a: Regice|62/100|[from] Sandstorm
|-heal|p1a: dog 1|100/100 slp|[from] item: Leftovers
|-heal|p2a: Regice|68/100|[from] item: Leftovers
|upkeep
|turn|17
|inactive|triskeriaki has 240 seconds left.
|
|t:|1729466276
|switch|p1a: lil guy 1|Celebi|100/100
|switch|p2a: Metagross|Metagross, shiny|100/100
|
|-weather|Sandstorm|[upkeep]
|-damage|p1a: lil guy 1|94/100|[from] Sandstorm
|-heal|p1a: lil guy 1|100/100|[from] item: Leftovers
|upkeep
|turn|18
|
|t:|1729466285
|move|p1a: lil guy 1|Heal Bell|p1a: lil guy 1
|-activate|p1a: lil guy 1|move: Heal Bell
|-curestatus|p1: dog 1|slp|[silent]
|move|p2a: Metagross|Meteor Mash|p1a: lil guy 1|[miss]
|-miss|p2a: Metagross|p1a: lil guy 1
|
|-weather|Sandstorm|[upkeep]
|-damage|p1a: lil guy 1|94/100|[from] Sandstorm
|-heal|p1a: lil guy 1|100/100|[from] item: Leftovers
|upkeep
|turn|19
|inactive|triskeriaki has 240 seconds left.
|
|t:|1729466299
|move|p1a: lil guy 1|Leech Seed|p2a: Metagross|[miss]
|-miss|p1a: lil guy 1|p2a: Metagross
|move|p2a: Metagross|Meteor Mash|p1a: lil guy 1
|-damage|p1a: lil guy 1|62/100
|
|-weather|Sandstorm|[upkeep]
|-damage|p1a: lil guy 1|55/100|[from] Sandstorm
|-heal|p1a: lil guy 1|62/100|[from] item: Leftovers
|upkeep
|turn|20
|inactive|triskeriaki has 240 seconds left.
|
|t:|1729466306
|move|p1a: lil guy 1|Leech Seed|p2a: Metagross
|-start|p2a: Metagross|move: Leech Seed
|move|p2a: Metagross|Meteor Mash|p1a: lil guy 1
|-damage|p1a: lil guy 1|23/100
|
|-weather|Sandstorm|[upkeep]
|-damage|p1a: lil guy 1|17/100|[from] Sandstorm
|-heal|p1a: lil guy 1|23/100|[from] item: Leftovers
|-damage|p2a: Metagross|88/100|[from] Leech Seed|[of] p1a: lil guy 1
|-heal|p1a: lil guy 1|33/100|[silent]
|upkeep
|turn|21
|
|t:|1729466314
|switch|p2a: Charizard|Charizard, F, shiny|100/100
|move|p1a: lil guy 1|Recover|p1a: lil guy 1
|-heal|p1a: lil guy 1|83/100
|
|-weather|Sandstorm|[upkeep]
|-damage|p2a: Charizard|94/100|[from] Sandstorm
|-damage|p1a: lil guy 1|77/100|[from] Sandstorm
|-heal|p2a: Charizard|100/100|[from] item: Leftovers
|-heal|p1a: lil guy 1|83/100|[from] item: Leftovers
|upkeep
|turn|22
|inactive|triskeriaki has 240 seconds left.
|
|t:|1729466330
|switch|p1a: smooth figure 2|Porygon2|100/100
|-ability|p1a: smooth figure 2|Blaze|[from] ability: Trace|[of] p2a: Charizard
|move|p2a: Charizard|Substitute|p2a: Charizard
|-start|p2a: Charizard|Substitute
|-damage|p2a: Charizard|76/100
|
|-weather|Sandstorm|[upkeep]
|-damage|p2a: Charizard|70/100|[from] Sandstorm
|-damage|p1a: smooth figure 2|94/100|[from] Sandstorm
|-heal|p2a: Charizard|76/100|[from] item: Leftovers
|-heal|p1a: smooth figure 2|100/100|[from] item: Leftovers
|upkeep
|turn|23
|
|t:|1729466337
|-singleturn|p2a: Charizard|move: Focus Punch
|move|p1a: smooth figure 2|Thunderbolt|p2a: Charizard
|-supereffective|p2a: Charizard
|-end|p2a: Charizard|Substitute
|move|p2a: Charizard|Focus Punch|p1a: smooth figure 2
|-supereffective|p1a: smooth figure 2
|-damage|p1a: smooth figure 2|61/100
|
|-weather|Sandstorm|[upkeep]
|-damage|p2a: Charizard|70/100|[from] Sandstorm
|-damage|p1a: smooth figure 2|55/100|[from] Sandstorm
|-heal|p2a: Charizard|76/100|[from] item: Leftovers
|-heal|p1a: smooth figure 2|61/100|[from] item: Leftovers
|upkeep
|turn|24
|inactive|muk fan has 270 seconds left.
|
|t:|1729466369
|switch|p2a: Regice|Regice|68/100
|move|p1a: smooth figure 2|Recover|p1a: smooth figure 2
|-heal|p1a: smooth figure 2|100/100
|
|-weather|Sandstorm|[upkeep]
|-damage|p1a: smooth figure 2|94/100|[from] Sandstorm
|-damage|p2a: Regice|62/100|[from] Sandstorm
|-heal|p1a: smooth figure 2|100/100|[from] item: Leftovers
|-heal|p2a: Regice|68/100|[from] item: Leftovers
|upkeep
|turn|25
|inactive|triskeriaki has 240 seconds left.
|
|t:|1729466392
|switch|p1a: lil guy 2|Jirachi|25/100
|move|p2a: Regice|Thunder Wave|p1a: lil guy 2
|-status|p1a: lil guy 2|par
|
|-weather|Sandstorm|[upkeep]
|-damage|p2a: Regice|62/100|[from] Sandstorm
|-heal|p2a: Regice|68/100|[from] item: Leftovers
|-heal|p1a: lil guy 2|32/100 par|[from] item: Leftovers
|upkeep
|turn|26
|inactive|triskeriaki has 240 seconds left.
|
|t:|1729466398
|move|p2a: Regice|Thunderbolt|p1a: lil guy 2
|-damage|p1a: lil guy 2|4/100 par
|move|p1a: lil guy 2|Wish|p1a: lil guy 2
|
|-weather|Sandstorm|[upkeep]
|-damage|p2a: Regice|62/100|[from] Sandstorm
|-heal|p2a: Regice|68/100|[from] item: Leftovers
|-heal|p1a: lil guy 2|10/100 par|[from] item: Leftovers
|upkeep
|turn|27
|
|t:|1729466403
|move|p1a: lil guy 2|Protect|p1a: lil guy 2
|-singleturn|p1a: lil guy 2|Protect
|move|p2a: Regice|Thunderbolt|p1a: lil guy 2
|-activate|p1a: lil guy 2|Protect
|
|-heal|p1a: lil guy 2|60/100 par|[from] move: Wish|[wisher] lil guy 2
|-weather|Sandstorm|[upkeep]
|-damage|p2a: Regice|62/100|[from] Sandstorm
|-heal|p2a: Regice|68/100|[from] item: Leftovers
|-heal|p1a: lil guy 2|66/100 par|[from] item: Leftovers
|upkeep
|turn|28
|
|t:|1729466414
|move|p2a: Regice|Thunderbolt|p1a: lil guy 2
|-damage|p1a: lil guy 2|42/100 par
|move|p1a: lil guy 2|Wish|p1a: lil guy 2
|
|-weather|Sandstorm|[upkeep]
|-damage|p2a: Regice|62/100|[from] Sandstorm
|-heal|p2a: Regice|68/100|[from] item: Leftovers
|-heal|p1a: lil guy 2|49/100 par|[from] item: Leftovers
|upkeep
|turn|29
|
|t:|1729466424
|switch|p2a: Charizard|Charizard, F, shiny|76/100
|move|p1a: lil guy 2|Toxic|p2a: Charizard|[miss]
|-miss|p1a: lil guy 2|p2a: Charizard
|
|-heal|p1a: lil guy 2|99/100 par|[from] move: Wish|[wisher] lil guy 2
|-weather|Sandstorm|[upkeep]
|-damage|p2a: Charizard|70/100|[from] Sandstorm
|-heal|p2a: Charizard|76/100|[from] item: Leftovers
|-heal|p1a: lil guy 2|100/100 par|[from] item: Leftovers
|upkeep
|turn|30
|
|t:|1729466439
|move|p2a: Charizard|Substitute|p2a: Charizard
|-start|p2a: Charizard|Substitute
|-damage|p2a: Charizard|51/100
|move|p1a: lil guy 2|Toxic||[still]
|-fail|p1a: lil guy 2
|
|-weather|Sandstorm|[upkeep]
|-damage|p2a: Charizard|45/100|[from] Sandstorm
|-heal|p2a: Charizard|51/100|[from] item: Leftovers
|upkeep
|turn|31
|
|t:|1729466446
|switch|p1a: dog 2|Suicune|53/100
|move|p2a: Charizard|Fire Blast|p1a: dog 2
|-resisted|p1a: dog 2
|-damage|p1a: dog 2|33/100
|
|-weather|Sandstorm|[upkeep]
|-damage|p2a: Charizard|45/100|[from] Sandstorm
|-damage|p1a: dog 2|27/100|[from] Sandstorm
|-heal|p2a: Charizard|51/100|[from] item: Leftovers
|-heal|p1a: dog 2|33/100|[from] item: Leftovers
|upkeep
|turn|32
|
|t:|1729466461
|switch|p1a: smooth figure 2|Porygon2|100/100
|-ability|p1a: smooth figure 2|Blaze|[from] ability: Trace|[of] p2a: Charizard
|move|p2a: Charizard|Hidden Power|p1a: smooth figure 2
|-damage|p1a: smooth figure 2|82/100
|
|-weather|Sandstorm|[upkeep]
|-damage|p2a: Charizard|45/100|[from] Sandstorm
|-damage|p1a: smooth figure 2|75/100|[from] Sandstorm
|-heal|p2a: Charizard|51/100|[from] item: Leftovers
|-heal|p1a: smooth figure 2|82/100|[from] item: Leftovers
|upkeep
|turn|33
|
|t:|1729466474
|-singleturn|p2a: Charizard|move: Focus Punch
|move|p1a: smooth figure 2|Thunderbolt|p2a: Charizard
|-supereffective|p2a: Charizard
|-end|p2a: Charizard|Substitute
|move|p2a: Charizard|Focus Punch|p1a: smooth figure 2
|-supereffective|p1a: smooth figure 2
|-damage|p1a: smooth figure 2|41/100
|
|-weather|Sandstorm|[upkeep]
|-damage|p2a: Charizard|45/100|[from] Sandstorm
|-damage|p1a: smooth figure 2|34/100|[from] Sandstorm
|-heal|p2a: Charizard|51/100|[from] item: Leftovers
|-heal|p1a: smooth figure 2|41/100|[from] item: Leftovers
|upkeep
|turn|34
|inactive|muk fan has 270 seconds left.
|
|t:|1729466514
|switch|p2a: Medicham|Medicham, F, shiny|39/100
|move|p1a: smooth figure 2|Recover|p1a: smooth figure 2
|-heal|p1a: smooth figure 2|91/100
|
|-weather|Sandstorm|[upkeep]
|-damage|p2a: Medicham|33/100|[from] Sandstorm
|-damage|p1a: smooth figure 2|84/100|[from] Sandstorm
|-heal|p1a: smooth figure 2|91/100|[from] item: Leftovers
|upkeep
|turn|35
|inactive|triskeriaki has 270 seconds left.
|
|t:|1729466547
|switch|p1a: lil guy 2|Jirachi|100/100 par
|move|p2a: Medicham|Brick Break|p1a: lil guy 2
|-damage|p1a: lil guy 2|73/100 par
|
|-weather|Sandstorm|[upkeep]
|-damage|p2a: Medicham|27/100|[from] Sandstorm
|-heal|p1a: lil guy 2|79/100 par|[from] item: Leftovers
|upkeep
|turn|36
|inactive|muk fan has 270 seconds left.
|
|t:|1729466555
|switch|p2a: Metagross|Metagross, shiny|88/100
|move|p1a: lil guy 2|Wish|p1a: lil guy 2
|
|-weather|Sandstorm|[upkeep]
|-heal|p2a: Metagross|94/100|[from] item: Leftovers
|-heal|p1a: lil guy 2|86/100 par|[from] item: Leftovers
|upkeep
|turn|37
|
|t:|1729466559
|move|p2a: Metagross|Agility|p2a: Metagross
|-boost|p2a: Metagross|spe|2
|cant|p1a: lil guy 2|par
|
|-heal|p1a: lil guy 2|100/100 par|[from] move: Wish|[wisher] lil guy 2
|-weather|Sandstorm|[upkeep]
|-heal|p2a: Metagross|99/100|[from] item: Leftovers
|upkeep
|turn|38
|
|t:|1729466567
|move|p2a: Metagross|Earthquake|p1a: lil guy 2
|-supereffective|p1a: lil guy 2
|-damage|p1a: lil guy 2|53/100 par
|move|p1a: lil guy 2|Fire Punch|p2a: Metagross
|-supereffective|p2a: Metagross
|-damage|p2a: Metagross|64/100
|
|-weather|Sandstorm|[upkeep]
|-heal|p2a: Metagross|70/100|[from] item: Leftovers
|-heal|p1a: lil guy 2|59/100 par|[from] item: Leftovers
|upkeep
|turn|39
|inactive|triskeriaki has 270 seconds left.
|
|t:|1729466576
|move|p1a: lil guy 2|Protect|p1a: lil guy 2
|-singleturn|p1a: lil guy 2|Protect
|move|p2a: Metagross|Earthquake|p1a: lil guy 2
|-activate|p1a: lil guy 2|Protect
|
|-weather|Sandstorm|[upkeep]
|-heal|p2a: Metagross|76/100|[from] item: Leftovers
|-heal|p1a: lil guy 2|65/100 par|[from] item: Leftovers
|upkeep
|turn|40
|
|t:|1729466579
|move|p2a: Metagross|Earthquake|p1a: lil guy 2
|-supereffective|p1a: lil guy 2
|-damage|p1a: lil guy 2|16/100 par
|move|p1a: lil guy 2|Fire Punch|p2a: Metagross
|-supereffective|p2a: Metagross
|-damage|p2a: Metagross|38/100
|-status|p2a: Metagross|brn
|
|-weather|Sandstorm|[upkeep]
|-heal|p2a: Metagross|44/100 brn|[from] item: Leftovers
|-damage|p2a: Metagross|32/100 brn|[from] brn
|-heal|p1a: lil guy 2|23/100 par|[from] item: Leftovers
|upkeep
|turn|41
|
|t:|1729466586
|cant|p1a: lil guy 2|par
|move|p2a: Metagross|Earthquake|p1a: lil guy 2
|-supereffective|p1a: lil guy 2
|-damage|p1a: lil guy 2|0 fnt
|faint|p1a: lil guy 2
|inactive|triskeriaki has 270 seconds left.
|inactive|triskeriaki has 240 seconds left.
|
|t:|1729466641
|switch|p1a: smooth figure 1|Claydol|100/100
|
|-weather|Sandstorm|[upkeep]
|-heal|p2a: Metagross|38/100 brn|[from] item: Leftovers
|-damage|p2a: Metagross|25/100 brn|[from] brn
|upkeep
|turn|42
|
|t:|1729466644
|move|p2a: Metagross|Explosion|p1a: smooth figure 1
|-damage|p1a: smooth figure 1|25/100
|faint|p2a: Metagross
|inactive|muk fan has 270 seconds left.
|
|t:|1729466681
|switch|p2a: Tyranitar|Tyranitar, M|100/100
|
|-weather|Sandstorm|[upkeep]
|-heal|p1a: smooth figure 1|31/100|[from] item: Leftovers
|upkeep
|turn|43
|
|t:|1729466687
|move|p2a: Tyranitar|Dragon Dance|p2a: Tyranitar
|-boost|p2a: Tyranitar|atk|1
|-boost|p2a: Tyranitar|spe|1
|move|p1a: smooth figure 1|Earthquake|p2a: Tyranitar
|-supereffective|p2a: Tyranitar
|-damage|p2a: Tyranitar|56/100
|
|-weather|Sandstorm|[upkeep]
|-heal|p1a: smooth figure 1|38/100|[from] item: Leftovers
|upkeep
|turn|44
|
|t:|1729466692
|move|p2a: Tyranitar|Dragon Dance|p2a: Tyranitar
|-boost|p2a: Tyranitar|atk|1
|-boost|p2a: Tyranitar|spe|1
|move|p1a: smooth figure 1|Earthquake|p2a: Tyranitar
|-supereffective|p2a: Tyranitar
|-damage|p2a: Tyranitar|13/100
|
|-weather|Sandstorm|[upkeep]
|-heal|p1a: smooth figure 1|44/100|[from] item: Leftovers
|upkeep
|turn|45
|
|t:|1729466694
|move|p2a: Tyranitar|Hidden Power|p1a: smooth figure 1
|-supereffective|p1a: smooth figure 1
|-damage|p1a: smooth figure 1|0 fnt
|faint|p1a: smooth figure 1
|
|t:|1729466704
|switch|p1a: smooth figure 2|Porygon2|91/100
|-ability|p1a: smooth figure 2|Sand Stream|[from] ability: Trace|[of] p2a: Tyranitar
|
|-weather|Sandstorm|[upkeep]
|-damage|p1a: smooth figure 2|84/100|[from] Sandstorm
|-heal|p1a: smooth figure 2|91/100|[from] item: Leftovers
|upkeep
|turn|46
|
|t:|1729466712
|move|p2a: Tyranitar|Rock Slide|p1a: smooth figure 2
|-damage|p1a: smooth figure 2|38/100
|move|p1a: smooth figure 2|Ice Beam|p2a: Tyranitar
|-damage|p2a: Tyranitar|0 fnt
|faint|p2a: Tyranitar
|
|t:|1729466722
|switch|p2a: Medicham|Medicham, F, shiny|27/100
|
|-weather|Sandstorm|[upkeep]
|-damage|p2a: Medicham|21/100|[from] Sandstorm
|-damage|p1a: smooth figure 2|32/100|[from] Sandstorm
|-heal|p1a: smooth figure 2|38/100|[from] item: Leftovers
|upkeep
|turn|47
|
|t:|1729466736
|switch|p1a: lil guy 1|Celebi|83/100
|move|p2a: Medicham|Shadow Ball|p1a: lil guy 1
|-supereffective|p1a: lil guy 1
|-damage|p1a: lil guy 1|32/100
|-unboost|p1a: lil guy 1|spd|1
|
|-weather|Sandstorm|[upkeep]
|-damage|p2a: Medicham|15/100|[from] Sandstorm
|-damage|p1a: lil guy 1|25/100|[from] Sandstorm
|-heal|p1a: lil guy 1|32/100|[from] item: Leftovers
|upkeep
|turn|48
|
|t:|1729466748
|-singleturn|p2a: Medicham|move: Focus Punch
|move|p1a: lil guy 1|Recover|p1a: lil guy 1
|-heal|p1a: lil guy 1|81/100
|move|p2a: Medicham|Focus Punch|p1a: lil guy 1
|-resisted|p1a: lil guy 1
|-damage|p1a: lil guy 1|49/100
|
|-weather|Sandstorm|[upkeep]
|-damage|p2a: Medicham|9/100|[from] Sandstorm
|-damage|p1a: lil guy 1|43/100|[from] Sandstorm
|-heal|p1a: lil guy 1|49/100|[from] item: Leftovers
|upkeep
|turn|49
|
|t:|1729466755
|move|p2a: Medicham|Shadow Ball|p1a: lil guy 1
|-supereffective|p1a: lil guy 1
|-damage|p1a: lil guy 1|4/100
|move|p1a: lil guy 1|Recover|p1a: lil guy 1
|-heal|p1a: lil guy 1|54/100
|
|-weather|Sandstorm|[upkeep]
|-damage|p2a: Medicham|3/100|[from] Sandstorm
|-damage|p1a: lil guy 1|47/100|[from] Sandstorm
|-heal|p1a: lil guy 1|54/100|[from] item: Leftovers
|upkeep
|turn|50
|
|t:|1729466764
|switch|p2a: Regice|Regice|68/100
|move|p1a: lil guy 1|Hidden Power|p2a: Regice
|-damage|p2a: Regice|55/100
|
|-weather|Sandstorm|[upkeep]
|-damage|p1a: lil guy 1|47/100|[from] Sandstorm
|-damage|p2a: Regice|49/100|[from] Sandstorm
|-heal|p1a: lil guy 1|54/100|[from] item: Leftovers
|-heal|p2a: Regice|55/100|[from] item: Leftovers
|upkeep
|turn|51
|inactive|triskeriaki has 270 seconds left.
|
|t:|1729466810
|switch|p1a: dog 1|Raikou|100/100
|move|p2a: Regice|Thunder Wave|p1a: dog 1
|-status|p1a: dog 1|par
|
|-weather|Sandstorm|[upkeep]
|-damage|p2a: Regice|49/100|[from] Sandstorm
|-damage|p1a: dog 1|94/100 par|[from] Sandstorm
|-heal|p2a: Regice|55/100|[from] item: Leftovers
|-heal|p1a: dog 1|100/100 par|[from] item: Leftovers
|upkeep
|turn|52
|
|t:|1729466821
|move|p2a: Regice|Ice Beam|p1a: dog 1
|-damage|p1a: dog 1|59/100 par
|cant|p1a: dog 1|par
|
|-weather|Sandstorm|[upkeep]
|-damage|p2a: Regice|49/100|[from] Sandstorm
|-damage|p1a: dog 1|53/100 par|[from] Sandstorm
|-heal|p2a: Regice|55/100|[from] item: Leftovers
|-heal|p1a: dog 1|59/100 par|[from] item: Leftovers
|upkeep
|turn|53
|
|t:|1729466834
|move|p2a: Regice|Ice Beam|p1a: dog 1
|-damage|p1a: dog 1|19/100 par
|cant|p1a: dog 1|par
|
|-weather|Sandstorm|[upkeep]
|-damage|p2a: Regice|49/100|[from] Sandstorm
|-damage|p1a: dog 1|13/100 par|[from] Sandstorm
|-heal|p2a: Regice|55/100|[from] item: Leftovers
|-heal|p1a: dog 1|19/100 par|[from] item: Leftovers
|upkeep
|turn|54
|c|☆triskeriaki|ow
|
|t:|1729466855
|switch|p1a: dog 2|Suicune|33/100
|move|p2a: Regice|Ice Beam|p1a: dog 2
|-resisted|p1a: dog 2
|-damage|p1a: dog 2|15/100
|
|-weather|Sandstorm|[upkeep]
|-damage|p1a: dog 2|9/100|[from] Sandstorm
|-damage|p2a: Regice|49/100|[from] Sandstorm
|-heal|p1a: dog 2|15/100|[from] item: Leftovers
|-heal|p2a: Regice|55/100|[from] item: Leftovers
|upkeep
|turn|55
|
|t:|1729466860
|move|p1a: dog 2|Rest|p1a: dog 2
|-status|p1a: dog 2|slp|[from] move: Rest
|-heal|p1a: dog 2|100/100 slp|[silent]
|move|p2a: Regice|Thunderbolt|p1a: dog 2
|-supereffective|p1a: dog 2
|-damage|p1a: dog 2|57/100 slp
|
|-weather|Sandstorm|[upkeep]
|-damage|p1a: dog 2|51/100 slp|[from] Sandstorm
|-damage|p2a: Regice|49/100|[from] Sandstorm
|-heal|p1a: dog 2|57/100 slp|[from] item: Leftovers
|-heal|p2a: Regice|55/100|[from] item: Leftovers
|upkeep
|turn|56
|
|t:|1729466867
|cant|p1a: dog 2|slp
|move|p2a: Regice|Thunderbolt|p1a: dog 2
|-supereffective|p1a: dog 2
|-damage|p1a: dog 2|11/100 slp
|
|-weather|Sandstorm|[upkeep]
|-damage|p1a: dog 2|5/100 slp|[from] Sandstorm
|-damage|p2a: Regice|49/100|[from] Sandstorm
|-heal|p1a: dog 2|11/100 slp|[from] item: Leftovers
|-heal|p2a: Regice|55/100|[from] item: Leftovers
|upkeep
|turn|57
|inactive|triskeriaki has 270 seconds left.
|
|t:|1729466875
|cant|p1a: dog 2|slp
|move|p2a: Regice|Thunderbolt|p1a: dog 2
|-supereffective|p1a: dog 2
|-crit|p1a: dog 2
|-damage|p1a: dog 2|0 fnt
|faint|p1a: dog 2
|
|t:|1729466880
|switch|p1a: lil guy 1|Celebi|54/100
|
|-weather|Sandstorm|[upkeep]
|-damage|p1a: lil guy 1|47/100|[from] Sandstorm
|-damage|p2a: Regice|49/100|[from] Sandstorm
|-heal|p1a: lil guy 1|54/100|[from] item: Leftovers
|-heal|p2a: Regice|55/100|[from] item: Leftovers
|upkeep
|turn|58
|
|t:|1729466883
|move|p1a: lil guy 1|Heal Bell|p1a: lil guy 1
|-activate|p1a: lil guy 1|move: Heal Bell
|-curestatus|p1: dog 1|par|[silent]
|move|p2a: Regice|Ice Beam|p1a: lil guy 1
|-supereffective|p1a: lil guy 1
|-damage|p1a: lil guy 1|0 fnt
|faint|p1a: lil guy 1
|
|t:|1729466887
|switch|p1a: smooth figure 2|Porygon2|38/100
|-ability|p1a: smooth figure 2|Clear Body|[from] ability: Trace|[of] p2a: Regice
|
|-weather|Sandstorm|[upkeep]
|-damage|p1a: smooth figure 2|32/100|[from] Sandstorm
|-damage|p2a: Regice|49/100|[from] Sandstorm
|-heal|p1a: smooth figure 2|38/100|[from] item: Leftovers
|-heal|p2a: Regice|55/100|[from] item: Leftovers
|upkeep
|turn|59
|
|t:|1729466890
|move|p1a: smooth figure 2|Recover|p1a: smooth figure 2
|-heal|p1a: smooth figure 2|88/100
|move|p2a: Regice|Thunder Wave|p1a: smooth figure 2
|-status|p1a: smooth figure 2|par
|
|-weather|Sandstorm|[upkeep]
|-damage|p2a: Regice|49/100|[from] Sandstorm
|-damage|p1a: smooth figure 2|82/100 par|[from] Sandstorm
|-heal|p2a: Regice|55/100|[from] item: Leftovers
|-heal|p1a: smooth figure 2|88/100 par|[from] item: Leftovers
|upkeep
|turn|60
|
|t:|1729466900
|move|p2a: Regice|Ice Beam|p1a: smooth figure 2
|-damage|p1a: smooth figure 2|41/100 par
|move|p1a: smooth figure 2|Thunderbolt|p2a: Regice
|-damage|p2a: Regice|44/100
|
|-weather|Sandstorm|[upkeep]
|-damage|p2a: Regice|38/100|[from] Sandstorm
|-damage|p1a: smooth figure 2|35/100 par|[from] Sandstorm
|-heal|p2a: Regice|44/100|[from] item: Leftovers
|-heal|p1a: smooth figure 2|41/100 par|[from] item: Leftovers
|upkeep
|turn|61
|
|t:|1729466906
|move|p2a: Regice|Ice Beam|p1a: smooth figure 2
|-damage|p1a: smooth figure 2|0 fnt
|faint|p1a: smooth figure 2
|
|t:|1729466910
|switch|p1a: dog 1|Raikou|19/100
|
|-weather|Sandstorm|[upkeep]
|-damage|p1a: dog 1|13/100|[from] Sandstorm
|-damage|p2a: Regice|38/100|[from] Sandstorm
|-heal|p1a: dog 1|19/100|[from] item: Leftovers
|-heal|p2a: Regice|44/100|[from] item: Leftovers
|upkeep
|turn|62
|
|t:|1729466915
|move|p1a: dog 1|Thunderbolt|p2a: Regice
|-damage|p2a: Regice|25/100
|move|p2a: Regice|Ice Beam|p1a: dog 1
|-damage|p1a: dog 1|0 fnt
|faint|p1a: dog 1
|
|win|muk fan
|c|☆triskeriaki|gg
|c|☆muk fan|gg

</script>
<script type="application/json" class="data" id="replaydata-smogtours-gen3ou-800962">
{"id":"smogtours-gen3ou-800962","format":"[Gen 3] OU","players":["triskeriaki","muk fan"],"uploadtime":1729466915,"views":74,"formatid":"gen3ou","rating":null,"private":0,"password":null}
</script>

<script defer src="js/replays.js?9d40a366"></script>
