<!DOCTYPE html>
<meta charset="utf-8" />
<meta name="viewport" content="width=device-width" />

<title>[Gen 3] OU: valiantbattlerextr vs. banana plus plus - Replays - Pok&eacute;mon Showdown!</title>

<meta name="description" content="Watch a replay of a Pok&eacute;mon battle between valiantbattlerextr and banana plus plus! Format: [Gen 3] OU; Date: Oct 18, 2024" />
<!--

Hey, you! Looking in the source for the replay log?

You can find them in JSON format, just add `.json` at the end of a replay URL.

https://replay.pokemonshowdown.com/gen7randomdoublesbattle-865046831.json

Or, if you only need the log itself, add `.log` instead:

https://replay.pokemonshowdown.com/gen7randomdoublesbattle-865046831.log

-->

<link rel="stylesheet" href="//pokemonshowdown.com/style/global.css?0.767286132409787" />
<link rel="stylesheet" href="//play.pokemonshowdown.com/style/font-awesome.css?0.9266228007934947" />
<link rel="stylesheet" href="//play.pokemonshowdown.com/style/battle.css?0.7924700842790926" />
<link rel="stylesheet" href="//play.pokemonshowdown.com/style/utilichart.css?0.8777417872839479" />

<!-- Global site tag (gtag.js) - Google Analytics -->
<script async src="https://www.googletagmanager.com/gtag/js?id=UA-26211653-1"></script>
<script>
  window.dataLayer = window.dataLayer || [];
  function gtag(){dataLayer.push(arguments);}
  gtag('js', new Date());

  gtag('config', 'UA-26211653-1');
</script>
<!-- End Google Analytics -->
<!-- Venatus Ad Manager - Install in <HEAD> of page -->
	<script src="https://hb.vntsm.com/v3/live/ad-manager.min.js" type="text/javascript" data-site-id="642aba63ec9a7b11c3c9c1be" data-mode="scan" async></script>
<!-- / Venatus Ad Manager -->

<style>
	@media (max-width:820px) {
		.battle {
			margin: 0 auto;
		}
		.battle-log {
			margin: 7px auto 0;
			max-width: 640px;
			height: 300px;
			position: static;
		}
	}
	.optgroup {
		display: inline-block;
		line-height: 22px;
		font-size: 10pt;
	}
	.optgroup .button {
		height: 25px;
		padding-top: 0;
		padding-bottom: 0;
	}
	.optgroup button.button {
		padding-left: 12px;
		padding-right: 12px;
	}
	.linklist {
		list-style: none;
		margin: 0.5em 0;
		padding: 0;
	}
	.linklist li {
		padding: 2px 0;
	}
	.sidebar {
		float: left;
		width: 320px;
	}
	.bar-wrapper {
		max-width: 1100px;
		margin: 0 auto;
	}
	.bar-wrapper.has-sidebar {
		max-width: 1430px;
	}
	.mainbar {
		margin: 0;
		padding-right: 1px;
	}
	.mainbar.has-sidebar {
		margin-left: 330px;
	}
	@media (min-width: 1511px) {
		.sidebar {
			width: 400px;
		}
		.bar-wrapper.has-sidebar {
			max-width: 1510px;
		}
		.mainbar.has-sidebar {
			margin-left: 410px;
		}
	}
	.section.first-section {
		margin-top: 9px;
	}
	.blocklink small {
		white-space: normal;
	}
	.button {
		vertical-align: middle;
	}
	.replay-controls {
		padding-top: 10px;
	}
	.replay-controls h1 {
		font-size: 16pt;
		font-weight: normal;
		color: #CCC;
	}
	.pagelink {
		text-align: center;
	}
	.pagelink a {
		width: 150px;
	}
	.textbox, .button {
		font-size: 11pt;
		vertical-align: middle;
	}
	@media (max-width: 450px) {
		.button {
			font-size: 9pt;
		}
	}
</style>

<div>

	<header>
		<div class="nav-wrapper"><ul class="nav">
			<li><a class="button nav-first" href="//pokemonshowdown.com/"><img src="//pokemonshowdown.com/images/pokemonshowdownbeta.png" srcset="//pokemonshowdown.com/images/pokemonshowdownbeta.png 1x, //pokemonshowdown.com/images/pokemonshowdownbeta@2x.png 2x" alt="Pok&eacute;mon Showdown" width="146" height="44" /> Home</a></li>
			<li><a class="button" href="//pokemonshowdown.com/dex/">Pok&eacute;dex</a></li>
			<li><a class="button cur" href="/">Replays</a></li>
			<li><a class="button" href="//pokemonshowdown.com/ladder/">Ladder</a></li>
			<li><a class="button nav-last" href="//pokemonshowdown.com/forums/">Forum</a></li>
			<li><a class="button greenbutton nav-first nav-last" href="//play.pokemonshowdown.com/">Play</a></li>
		</ul></div>
	</header>

	<div class="main" id="main">

		<noscript><section class="section">You need to enable JavaScript to use this page; sorry!</section></noscript>

	</div>

</div>

<script defer nomodule src="//play.pokemonshowdown.com/js/lib/ps-polyfill.js"></script>
<script defer src="//play.pokemonshowdown.com/js/lib/preact.min.js"></script>

<script defer src="//play.pokemonshowdown.com/config/config.js?6dec07f6"></script>
<script defer src="//play.pokemonshowdown.com/js/lib/jquery-1.11.0.min.js"></script>
<script defer src="//play.pokemonshowdown.com/js/lib/html-sanitizer-minified.js"></script>
<script defer src="//play.pokemonshowdown.com/js/battle-sound.js"></script>
<script defer src="//play.pokemonshowdown.com/js/battledata.js?0.6315294753075389"></script>
<script defer src="//play.pokemonshowdown.com/data/pokedex-mini.js?0.7603743185311358"></script>
<script defer src="//play.pokemonshowdown.com/data/pokedex-mini-bw.js?0.030888842834281283"></script>
<script defer src="//play.pokemonshowdown.com/data/graphics.js?0.05593094747507488"></script>
<script defer src="//play.pokemonshowdown.com/data/pokedex.js?0.47064822249611904"></script>
<script defer src="//play.pokemonshowdown.com/data/moves.js?0.8583693120512459"></script>
<script defer src="//play.pokemonshowdown.com/data/abilities.js?0.16017181182386842"></script>
<script defer src="//play.pokemonshowdown.com/data/items.js?0.4163379185673943"></script>
<script defer src="//play.pokemonshowdown.com/data/teambuilder-tables.js?0.31075597372830477"></script>
<script defer src="//play.pokemonshowdown.com/js/battle-tooltips.js?0.6536193500708172"></script>
<script defer src="//play.pokemonshowdown.com/js/battle.js?0.1916591943277901"></script>

<script defer src="js/utils.js?e31f9a17"></script>
<script defer src="js/replays-battle.js?7008c182"></script>

<!-- don't scrape this data! just add .json or .log after the URL!
Full API docs: https://github.com/smogon/pokemon-showdown-client/blob/master/WEB-API.md -->
<script type="text/plain" class="log" id="replaylog-smogtours-gen3ou-799598">
|inactive|Battle timer is ON: inactive players will automatically lose when time's up.
|t:|1729275637
|gametype|singles
|player|p1|valiantbattlerextr|101|
|player|p2|banana plus plus|102|
|teamsize|p1|6
|teamsize|p2|6
|gen|3
|tier|[Gen 3] OU
|rule|Sleep Clause Mod: Limit one foe put to sleep
|rule|Switch Priority Clause Mod: Faster Pokémon switch first
|rule|Species Clause: Limit one of each Pokémon
|rule|OHKO Clause: OHKO moves are banned
|rule|Evasion Items Clause: Evasion items are banned
|rule|Evasion Moves Clause: Evasion moves are banned
|rule|Endless Battle Clause: Forcing endless battles is banned
|rule|HP Percentage Mod: HP is shown in percentages
|rule|One Boost Passer Clause: Limit one Baton Passer that has a way to boost its stats
|rule|Freeze Clause Mod: Limit one foe frozen
|
|t:|1729275637
|start
|switch|p1a: Medicant|Medicham, F|100/100
|switch|p2a: Skarmory|Skarmory, M|100/100
|turn|1
|
|t:|1729275645
|move|p1a: Medicant|Brick Break|p2a: Skarmory
|-crit|p2a: Skarmory
|-damage|p2a: Skarmory|0 fnt
|faint|p2a: Skarmory
|c|☆banana plus plus|:O
|c|☆valiantbattlerextr|sorry
|c|☆valiantbattlerextr|as well, glhf
|
|t:|1729275655
|switch|p2a: Moltres|Moltres|100/100
|
|upkeep
|turn|2
|
|t:|1729275660
|switch|p1a: Tyranitared|Tyranitar, M|100/100
|-weather|Sandstorm|[from] ability: Sand Stream|[of] p1a: Tyranitared
|move|p2a: Moltres|Will-O-Wisp|p1a: Tyranitared
|-status|p1a: Tyranitared|brn
|-enditem|p1a: Tyranitared|Lum Berry|[eat]
|-curestatus|p1a: Tyranitared|brn|[msg]
|
|-weather|Sandstorm|[upkeep]
|-damage|p2a: Moltres|94/100|[from] Sandstorm
|-heal|p2a: Moltres|100/100|[from] item: Leftovers
|upkeep
|turn|3
|
|t:|1729275673
|switch|p2a: Swampert|Swampert, M|100/100
|move|p1a: Tyranitared|Rock Slide|p2a: Swampert
|-resisted|p2a: Swampert
|-damage|p2a: Swampert|89/100
|
|-weather|Sandstorm|[upkeep]
|-heal|p2a: Swampert|95/100|[from] item: Leftovers
|upkeep
|turn|4
|
|t:|1729275681
|switch|p1a: Bresnoom|Breloom, F|100/100
|move|p2a: Swampert|Toxic|p1a: Bresnoom
|-status|p1a: Bresnoom|tox
|
|-weather|Sandstorm|[upkeep]
|-damage|p1a: Bresnoom|94/100 tox|[from] Sandstorm
|-heal|p1a: Bresnoom|100/100 tox|[from] item: Leftovers
|-damage|p1a: Bresnoom|94/100 tox|[from] psn
|-heal|p2a: Swampert|100/100|[from] item: Leftovers
|upkeep
|turn|5
|
|t:|1729275692
|move|p1a: Bresnoom|Spore|p2a: Swampert
|-status|p2a: Swampert|slp|[from] move: Spore
|cant|p2a: Swampert|slp
|
|-weather|Sandstorm|[upkeep]
|-damage|p1a: Bresnoom|88/100 tox|[from] Sandstorm
|-heal|p1a: Bresnoom|94/100 tox|[from] item: Leftovers
|-damage|p1a: Bresnoom|82/100 tox|[from] psn
|upkeep
|turn|6
|
|t:|1729275709
|switch|p1a: Medicant|Medicham, F|100/100
|switch|p2a: Charizard|Charizard, M|100/100
|
|-weather|Sandstorm|[upkeep]
|-damage|p2a: Charizard|94/100|[from] Sandstorm
|-damage|p1a: Medicant|94/100|[from] Sandstorm
|-heal|p2a: Charizard|100/100|[from] item: Leftovers
|upkeep
|turn|7
|
|t:|1729275724
|move|p2a: Charizard|Substitute|p2a: Charizard
|-start|p2a: Charizard|Substitute
|-damage|p2a: Charizard|76/100
|move|p1a: Medicant|Rock Slide|p2a: Charizard
|-supereffective|p2a: Charizard
|-crit|p2a: Charizard
|-end|p2a: Charizard|Substitute
|
|-weather|Sandstorm|[upkeep]
|-damage|p2a: Charizard|70/100|[from] Sandstorm
|-damage|p1a: Medicant|88/100|[from] Sandstorm
|-heal|p2a: Charizard|76/100|[from] item: Leftovers
|upkeep
|turn|8
|
|t:|1729275736
|switch|p2a: Flygon|Flygon, M|100/100
|move|p1a: Medicant|Rock Slide|p2a: Flygon
|-resisted|p2a: Flygon
|-damage|p2a: Flygon|68/100
|
|-weather|Sandstorm|[upkeep]
|-damage|p1a: Medicant|82/100|[from] Sandstorm
|-heal|p2a: Flygon|74/100|[from] item: Leftovers
|upkeep
|turn|9
|
|t:|1729275747
|switch|p1a: Celebi|Celebi|100/100
|move|p2a: Flygon|Earthquake|p1a: Celebi
|-resisted|p1a: Celebi
|-damage|p1a: Celebi|82/100
|
|-weather|Sandstorm|[upkeep]
|-damage|p1a: Celebi|75/100|[from] Sandstorm
|-heal|p2a: Flygon|80/100|[from] item: Leftovers
|-heal|p1a: Celebi|82/100|[from] item: Leftovers
|upkeep
|turn|10
|
|t:|1729275760
|switch|p2a: Moltres|Moltres|100/100
|move|p1a: Celebi|Leech Seed|p2a: Moltres
|-start|p2a: Moltres|move: Leech Seed
|
|-weather|Sandstorm|[upkeep]
|-damage|p1a: Celebi|75/100|[from] Sandstorm
|-damage|p2a: Moltres|94/100|[from] Sandstorm
|-heal|p1a: Celebi|82/100|[from] item: Leftovers
|-heal|p2a: Moltres|100/100|[from] item: Leftovers
|-damage|p2a: Moltres|88/100|[from] Leech Seed|[of] p1a: Celebi
|-heal|p1a: Celebi|94/100|[silent]
|upkeep
|turn|11
|
|t:|1729275770
|move|p1a: Celebi|Baton Pass|p1a: Celebi
|
|t:|1729275775
|switch|p1a: Tyranitared|Tyranitar, M|100/100|[from] Baton Pass
|move|p2a: Moltres|Flamethrower|p1a: Tyranitared
|-resisted|p1a: Tyranitared
|-damage|p1a: Tyranitared|82/100
|
|-weather|Sandstorm|[upkeep]
|-damage|p2a: Moltres|82/100|[from] Sandstorm
|-heal|p2a: Moltres|88/100|[from] item: Leftovers
|-damage|p2a: Moltres|75/100|[from] Leech Seed|[of] p1a: Tyranitared
|-heal|p1a: Tyranitared|94/100|[silent]
|upkeep
|turn|12
|
|t:|1729275789
|switch|p2a: Swampert|Swampert, M|100/100 slp
|move|p1a: Tyranitared|Rock Slide|p2a: Swampert
|-resisted|p2a: Swampert
|-damage|p2a: Swampert|88/100 slp
|
|-weather|Sandstorm|[upkeep]
|-heal|p2a: Swampert|94/100 slp|[from] item: Leftovers
|upkeep
|turn|13
|
|t:|1729275801
|switch|p1a: Medicant|Medicham, F|82/100
|cant|p2a: Swampert|slp
|
|-weather|Sandstorm|[upkeep]
|-damage|p1a: Medicant|76/100|[from] Sandstorm
|-heal|p2a: Swampert|99/100 slp|[from] item: Leftovers
|upkeep
|turn|14
|
|t:|1729275812
|switch|p2a: Gengar|Gengar, M|100/100
|move|p1a: Medicant|Brick Break|p2a: Gengar
|-immune|p2a: Gengar
|
|-weather|Sandstorm|[upkeep]
|-damage|p2a: Gengar|94/100|[from] Sandstorm
|-damage|p1a: Medicant|70/100|[from] Sandstorm
|-heal|p2a: Gengar|100/100|[from] item: Leftovers
|upkeep
|turn|15
|
|t:|1729275831
|switch|p1a: Celebi|Celebi|94/100
|move|p2a: Gengar|Thunderbolt|p1a: Celebi
|-resisted|p1a: Celebi
|-damage|p1a: Celebi|85/100
|-status|p1a: Celebi|par
|
|-weather|Sandstorm|[upkeep]
|-damage|p2a: Gengar|94/100|[from] Sandstorm
|-damage|p1a: Celebi|79/100 par|[from] Sandstorm
|-heal|p2a: Gengar|100/100|[from] item: Leftovers
|-heal|p1a: Celebi|85/100 par|[from] item: Leftovers
|upkeep
|turn|16
|
|t:|1729275849
|switch|p2a: Moltres|Moltres|75/100
|move|p1a: Celebi|Leech Seed|p2a: Moltres
|-start|p2a: Moltres|move: Leech Seed
|
|-weather|Sandstorm|[upkeep]
|-damage|p2a: Moltres|69/100|[from] Sandstorm
|-damage|p1a: Celebi|79/100 par|[from] Sandstorm
|-heal|p2a: Moltres|75/100|[from] item: Leftovers
|-damage|p2a: Moltres|63/100|[from] Leech Seed|[of] p1a: Celebi
|-heal|p1a: Celebi|91/100 par|[silent]
|-heal|p1a: Celebi|97/100 par|[from] item: Leftovers
|upkeep
|turn|17
|
|t:|1729275865
|move|p2a: Moltres|Will-O-Wisp||[still]
|-fail|p2a: Moltres
|move|p1a: Celebi|Baton Pass|p1a: Celebi
|
|t:|1729275872
|-curestatus|p1a: Celebi|par|[from] ability: Natural Cure
|switch|p1a: Aerodacan|Aerodactyl, F|100/100|[from] Baton Pass
|
|-weather|Sandstorm|[upkeep]
|-damage|p2a: Moltres|57/100|[from] Sandstorm
|-heal|p2a: Moltres|63/100|[from] item: Leftovers
|-damage|p2a: Moltres|50/100|[from] Leech Seed|[of] p1a: Aerodacan
|upkeep
|turn|18
|
|t:|1729275882
|switch|p2a: Swampert|Swampert, M|99/100 slp
|move|p1a: Aerodacan|Double-Edge|p2a: Swampert
|-damage|p2a: Swampert|66/100 slp
|
|-weather|Sandstorm|[upkeep]
|-heal|p2a: Swampert|72/100 slp|[from] item: Leftovers
|upkeep
|turn|19
|
|t:|1729275895
|switch|p1a: Celebi|Celebi|97/100
|cant|p2a: Swampert|slp
|
|-weather|Sandstorm|[upkeep]
|-damage|p1a: Celebi|91/100|[from] Sandstorm
|-heal|p1a: Celebi|97/100|[from] item: Leftovers
|-heal|p2a: Swampert|79/100 slp|[from] item: Leftovers
|upkeep
|turn|20
|
|t:|1729275904
|switch|p2a: Flygon|Flygon, M|80/100
|move|p1a: Celebi|Leech Seed|p2a: Flygon
|-start|p2a: Flygon|move: Leech Seed
|
|-weather|Sandstorm|[upkeep]
|-damage|p1a: Celebi|91/100|[from] Sandstorm
|-heal|p2a: Flygon|86/100|[from] item: Leftovers
|-damage|p2a: Flygon|74/100|[from] Leech Seed|[of] p1a: Celebi
|-heal|p1a: Celebi|99/100|[silent]
|-heal|p1a: Celebi|100/100|[from] item: Leftovers
|upkeep
|turn|21
|
|t:|1729275916
|move|p2a: Flygon|Toxic|p1a: Celebi
|-status|p1a: Celebi|tox
|move|p1a: Celebi|Swords Dance|p1a: Celebi
|-boost|p1a: Celebi|atk|2
|
|-weather|Sandstorm|[upkeep]
|-damage|p1a: Celebi|94/100 tox|[from] Sandstorm
|-heal|p2a: Flygon|80/100|[from] item: Leftovers
|-damage|p2a: Flygon|68/100|[from] Leech Seed|[of] p1a: Celebi
|-heal|p1a: Celebi|100/100 tox|[silent]
|-damage|p1a: Celebi|94/100 tox|[from] psn
|upkeep
|turn|22
|
|t:|1729275931
|move|p2a: Flygon|Rock Slide|p1a: Celebi
|-damage|p1a: Celebi|77/100 tox
|move|p1a: Celebi|Baton Pass|p1a: Celebi
|
|t:|1729275937
|-curestatus|p1a: Celebi|tox|[from] ability: Natural Cure
|switch|p1a: Metayuck|Metagross|100/100|[from] Baton Pass
|
|-weather|Sandstorm|[upkeep]
|-heal|p2a: Flygon|74/100|[from] item: Leftovers
|-damage|p2a: Flygon|61/100|[from] Leech Seed|[of] p1a: Metayuck
|upkeep
|turn|23
|
|t:|1729275944
|move|p2a: Flygon|Earthquake|p1a: Metayuck
|-supereffective|p1a: Metayuck
|-damage|p1a: Metayuck|25/100
|move|p1a: Metayuck|Meteor Mash|p2a: Flygon
|-damage|p2a: Flygon|0 fnt
|-boost|p1a: Metayuck|atk|1
|faint|p2a: Flygon
|
|t:|1729275956
|switch|p2a: Charizard|Charizard, M|76/100
|
|-weather|Sandstorm|[upkeep]
|-damage|p2a: Charizard|70/100|[from] Sandstorm
|-heal|p2a: Charizard|76/100|[from] item: Leftovers
|upkeep
|turn|24
|
|t:|1729275970
|move|p2a: Charizard|Fire Blast|p1a: Metayuck
|-supereffective|p1a: Metayuck
|-damage|p1a: Metayuck|0 fnt
|faint|p1a: Metayuck
|
|t:|1729275973
|switch|p1a: Aerodacan|Aerodactyl, F|100/100
|
|-weather|Sandstorm|[upkeep]
|-damage|p2a: Charizard|70/100|[from] Sandstorm
|-heal|p2a: Charizard|76/100|[from] item: Leftovers
|upkeep
|turn|25
|
|t:|1729275984
|switch|p2a: Swampert|Swampert, M|79/100 slp
|move|p1a: Aerodacan|Rock Slide|p2a: Swampert
|-resisted|p2a: Swampert
|-damage|p2a: Swampert|62/100 slp
|
|-weather|Sandstorm|[upkeep]
|-heal|p2a: Swampert|68/100 slp|[from] item: Leftovers
|upkeep
|turn|26
|
|t:|1729275994
|switch|p1a: Bresnoom|Breloom, F|82/100 tox
|-curestatus|p2a: Swampert|slp|[msg]
|move|p2a: Swampert|Ice Beam|p1a: Bresnoom
|-supereffective|p1a: Bresnoom
|-damage|p1a: Bresnoom|0 fnt
|faint|p1a: Bresnoom
|
|t:|1729275999
|switch|p1a: Celebi|Celebi|77/100
|
|-weather|Sandstorm|[upkeep]
|-damage|p1a: Celebi|71/100|[from] Sandstorm
|-heal|p1a: Celebi|77/100|[from] item: Leftovers
|-heal|p2a: Swampert|74/100|[from] item: Leftovers
|upkeep
|turn|27
|
|t:|1729276017
|switch|p2a: Gengar|Gengar, M|100/100
|move|p1a: Celebi|Leech Seed|p2a: Gengar
|-start|p2a: Gengar|move: Leech Seed
|
|-weather|Sandstorm|[upkeep]
|-damage|p2a: Gengar|94/100|[from] Sandstorm
|-damage|p1a: Celebi|71/100|[from] Sandstorm
|-heal|p2a: Gengar|100/100|[from] item: Leftovers
|-damage|p2a: Gengar|88/100|[from] Leech Seed|[of] p1a: Celebi
|-heal|p1a: Celebi|80/100|[silent]
|-heal|p1a: Celebi|87/100|[from] item: Leftovers
|upkeep
|turn|28
|
|t:|1729276029
|move|p2a: Gengar|Taunt|p1a: Celebi
|-start|p1a: Celebi|move: Taunt
|cant|p1a: Celebi|move: Taunt|Swords Dance
|
|-weather|Sandstorm|[upkeep]
|-damage|p2a: Gengar|82/100|[from] Sandstorm
|-damage|p1a: Celebi|80/100|[from] Sandstorm
|-heal|p2a: Gengar|88/100|[from] item: Leftovers
|-damage|p2a: Gengar|76/100|[from] Leech Seed|[of] p1a: Celebi
|-heal|p1a: Celebi|90/100|[silent]
|-heal|p1a: Celebi|97/100|[from] item: Leftovers
|upkeep
|turn|29
|
|t:|1729276039
|move|p2a: Gengar|Ice Punch|p1a: Celebi
|-supereffective|p1a: Celebi
|-damage|p1a: Celebi|69/100
|move|p1a: Celebi|Hidden Power|p2a: Gengar
|-resisted|p2a: Gengar
|-damage|p2a: Gengar|62/100
|
|-weather|Sandstorm|[upkeep]
|-damage|p2a: Gengar|56/100|[from] Sandstorm
|-damage|p1a: Celebi|63/100|[from] Sandstorm
|-heal|p2a: Gengar|62/100|[from] item: Leftovers
|-damage|p2a: Gengar|50/100|[from] Leech Seed|[of] p1a: Celebi
|-heal|p1a: Celebi|73/100|[silent]
|-heal|p1a: Celebi|79/100|[from] item: Leftovers
|-end|p1a: Celebi|move: Taunt|[silent]
|upkeep
|turn|30
|
|t:|1729276051
|move|p2a: Gengar|Taunt|p1a: Celebi
|-start|p1a: Celebi|move: Taunt
|cant|p1a: Celebi|move: Taunt|Leech Seed
|
|-weather|Sandstorm|[upkeep]
|-damage|p2a: Gengar|44/100|[from] Sandstorm
|-damage|p1a: Celebi|73/100|[from] Sandstorm
|-heal|p2a: Gengar|50/100|[from] item: Leftovers
|-damage|p2a: Gengar|37/100|[from] Leech Seed|[of] p1a: Celebi
|-heal|p1a: Celebi|83/100|[silent]
|-heal|p1a: Celebi|89/100|[from] item: Leftovers
|upkeep
|turn|31
|
|t:|1729276061
|switch|p2a: Charizard|Charizard, M|76/100
|switch|p1a: Tyranitared|Tyranitar, M|94/100
|
|-weather|Sandstorm|[upkeep]
|-damage|p2a: Charizard|70/100|[from] Sandstorm
|-heal|p2a: Charizard|76/100|[from] item: Leftovers
|upkeep
|turn|32
|
|t:|1729276086
|move|p2a: Charizard|Substitute|p2a: Charizard
|-start|p2a: Charizard|Substitute
|-damage|p2a: Charizard|51/100
|move|p1a: Tyranitared|Rock Slide|p2a: Charizard
|-supereffective|p2a: Charizard
|-end|p2a: Charizard|Substitute
|
|-weather|Sandstorm|[upkeep]
|-damage|p2a: Charizard|45/100|[from] Sandstorm
|-heal|p2a: Charizard|51/100|[from] item: Leftovers
|upkeep
|turn|33
|
|t:|1729276097
|switch|p2a: Swampert|Swampert, M|74/100
|move|p1a: Tyranitared|Rock Slide|p2a: Swampert
|-resisted|p2a: Swampert
|-damage|p2a: Swampert|61/100
|
|-weather|Sandstorm|[upkeep]
|-heal|p2a: Swampert|67/100|[from] item: Leftovers
|upkeep
|turn|34
|
|t:|1729276108
|switch|p1a: Celebi|Celebi|89/100
|move|p2a: Swampert|Ice Beam|p1a: Celebi
|-supereffective|p1a: Celebi
|-damage|p1a: Celebi|66/100
|
|-weather|Sandstorm|[upkeep]
|-damage|p1a: Celebi|60/100|[from] Sandstorm
|-heal|p1a: Celebi|66/100|[from] item: Leftovers
|-heal|p2a: Swampert|73/100|[from] item: Leftovers
|upkeep
|turn|35
|
|t:|1729276122
|switch|p2a: Gengar|Gengar, M|37/100
|move|p1a: Celebi|Baton Pass|p1a: Celebi
|
|t:|1729276125
|switch|p1a: Aerodacan|Aerodactyl, F|100/100|[from] Baton Pass
|
|-weather|Sandstorm|[upkeep]
|-damage|p2a: Gengar|31/100|[from] Sandstorm
|-heal|p2a: Gengar|37/100|[from] item: Leftovers
|upkeep
|turn|36
|
|t:|1729276150
|switch|p2a: Swampert|Swampert, M|73/100
|move|p1a: Aerodacan|Hidden Power|p2a: Swampert
|-damage|p2a: Swampert|41/100
|
|-weather|Sandstorm|[upkeep]
|-heal|p2a: Swampert|47/100|[from] item: Leftovers
|upkeep
|turn|37
|
|t:|1729276162
|switch|p1a: Medicant|Medicham, F|70/100
|move|p2a: Swampert|Toxic|p1a: Medicant|[miss]
|-miss|p2a: Swampert|p1a: Medicant
|
|-weather|Sandstorm|[upkeep]
|-damage|p1a: Medicant|64/100|[from] Sandstorm
|-heal|p2a: Swampert|53/100|[from] item: Leftovers
|upkeep
|turn|38
|
|t:|1729276184
|switch|p2a: Moltres|Moltres|50/100
|move|p1a: Medicant|Shadow Ball|p2a: Moltres
|-damage|p2a: Moltres|5/100
|
|-weather|Sandstorm|[upkeep]
|-damage|p1a: Medicant|58/100|[from] Sandstorm
|-damage|p2a: Moltres|0 fnt|[from] Sandstorm
|faint|p2a: Moltres
|upkeep
|
|t:|1729276192
|switch|p2a: Charizard|Charizard, M|51/100
|turn|39
|
|t:|1729276205
|move|p2a: Charizard|Substitute|p2a: Charizard
|-start|p2a: Charizard|Substitute
|-damage|p2a: Charizard|26/100
|move|p1a: Medicant|Shadow Ball|p2a: Charizard
|-end|p2a: Charizard|Substitute
|
|-weather|Sandstorm|[upkeep]
|-damage|p2a: Charizard|20/100|[from] Sandstorm
|-damage|p1a: Medicant|51/100|[from] Sandstorm
|-heal|p2a: Charizard|26/100|[from] item: Leftovers
|upkeep
|turn|40
|
|t:|1729276215
|move|p2a: Charizard|Fire Blast|p1a: Medicant
|-damage|p1a: Medicant|0 fnt
|faint|p1a: Medicant
|
|t:|1729276219
|switch|p1a: Aerodacan|Aerodactyl, F|100/100
|
|-weather|Sandstorm|[upkeep]
|-damage|p2a: Charizard|20/100|[from] Sandstorm
|-heal|p2a: Charizard|26/100|[from] item: Leftovers
|upkeep
|turn|41
|
|t:|1729276224
|switch|p2a: Swampert|Swampert, M|53/100
|move|p1a: Aerodacan|Hidden Power|p2a: Swampert
|-damage|p2a: Swampert|19/100
|
|-weather|Sandstorm|[upkeep]
|-heal|p2a: Swampert|25/100|[from] item: Leftovers
|upkeep
|turn|42
|
|t:|1729276237
|move|p1a: Aerodacan|Hidden Power|p2a: Swampert
|-damage|p2a: Swampert|0 fnt
|faint|p2a: Swampert
|
|t:|1729276241
|switch|p2a: Gengar|Gengar, M|37/100
|
|-weather|Sandstorm|[upkeep]
|-damage|p2a: Gengar|31/100|[from] Sandstorm
|-heal|p2a: Gengar|37/100|[from] item: Leftovers
|upkeep
|turn|43
|c|☆valiantbattlerextr|gg
|
|t:|1729276246
|move|p1a: Aerodacan|Hidden Power|p2a: Gengar
|-damage|p2a: Gengar|0 fnt
|faint|p2a: Gengar
|c|☆banana plus plus|gg
|
|t:|1729276251
|switch|p2a: Charizard|Charizard, M|26/100
|
|-weather|Sandstorm|[upkeep]
|-damage|p2a: Charizard|20/100|[from] Sandstorm
|-heal|p2a: Charizard|26/100|[from] item: Leftovers
|upkeep
|turn|44
|
|t:|1729276257
|move|p1a: Aerodacan|Hidden Power|p2a: Charizard
|-damage|p2a: Charizard|0 fnt
|faint|p2a: Charizard
|
|win|valiantbattlerextr
|c|☆valiantbattlerextr|very impactful turn 1 crit sorry man
|c|☆banana plus plus|sadge

</script>
<script type="application/json" class="data" id="replaydata-smogtours-gen3ou-799598">
{"id":"smogtours-gen3ou-799598","format":"[Gen 3] OU","players":["valiantbattlerextr","banana plus plus"],"uploadtime":1729276257,"views":81,"formatid":"gen3ou","rating":null,"private":0,"password":null}
</script>

<script defer src="js/replays.js?9d40a366"></script>
