<!DOCTYPE html>
<meta charset="utf-8" />
<meta name="viewport" content="width=device-width" />

<title>[Gen 3] OU: Big_Squatto vs. knexhawk2 - Replays - Pok&eacute;mon Showdown!</title>

<meta name="description" content="Watch a replay of a Pok&eacute;mon battle between Big_Squatto and knexhawk2! Format: [Gen 3] OU; Date: Oct 26, 2024" />
<!--

Hey, you! Looking in the source for the replay log?

You can find them in JSON format, just add `.json` at the end of a replay URL.

https://replay.pokemonshowdown.com/gen7randomdoublesbattle-865046831.json

Or, if you only need the log itself, add `.log` instead:

https://replay.pokemonshowdown.com/gen7randomdoublesbattle-865046831.log

-->

<link rel="stylesheet" href="//pokemonshowdown.com/style/global.css?0.023195364461161105" />
<link rel="stylesheet" href="//play.pokemonshowdown.com/style/font-awesome.css?0.13261647063804238" />
<link rel="stylesheet" href="//play.pokemonshowdown.com/style/battle.css?0.8753245789963631" />
<link rel="stylesheet" href="//play.pokemonshowdown.com/style/utilichart.css?0.8627959624976733" />

<!-- Global site tag (gtag.js) - Google Analytics -->
<script async src="https://www.googletagmanager.com/gtag/js?id=UA-26211653-1"></script>
<script>
  window.dataLayer = window.dataLayer || [];
  function gtag(){dataLayer.push(arguments);}
  gtag('js', new Date());

  gtag('config', 'UA-26211653-1');
</script>
<!-- End Google Analytics -->
<!-- Venatus Ad Manager - Install in <HEAD> of page -->
	<script src="https://hb.vntsm.com/v3/live/ad-manager.min.js" type="text/javascript" data-site-id="642aba63ec9a7b11c3c9c1be" data-mode="scan" async></script>
<!-- / Venatus Ad Manager -->

<style>
	@media (max-width:820px) {
		.battle {
			margin: 0 auto;
		}
		.battle-log {
			margin: 7px auto 0;
			max-width: 640px;
			height: 300px;
			position: static;
		}
	}
	.optgroup {
		display: inline-block;
		line-height: 22px;
		font-size: 10pt;
	}
	.optgroup .button {
		height: 25px;
		padding-top: 0;
		padding-bottom: 0;
	}
	.optgroup button.button {
		padding-left: 12px;
		padding-right: 12px;
	}
	.linklist {
		list-style: none;
		margin: 0.5em 0;
		padding: 0;
	}
	.linklist li {
		padding: 2px 0;
	}
	.sidebar {
		float: left;
		width: 320px;
	}
	.bar-wrapper {
		max-width: 1100px;
		margin: 0 auto;
	}
	.bar-wrapper.has-sidebar {
		max-width: 1430px;
	}
	.mainbar {
		margin: 0;
		padding-right: 1px;
	}
	.mainbar.has-sidebar {
		margin-left: 330px;
	}
	@media (min-width: 1511px) {
		.sidebar {
			width: 400px;
		}
		.bar-wrapper.has-sidebar {
			max-width: 1510px;
		}
		.mainbar.has-sidebar {
			margin-left: 410px;
		}
	}
	.section.first-section {
		margin-top: 9px;
	}
	.blocklink small {
		white-space: normal;
	}
	.button {
		vertical-align: middle;
	}
	.replay-controls {
		padding-top: 10px;
	}
	.replay-controls h1 {
		font-size: 16pt;
		font-weight: normal;
		color: #CCC;
	}
	.pagelink {
		text-align: center;
	}
	.pagelink a {
		width: 150px;
	}
	.textbox, .button {
		font-size: 11pt;
		vertical-align: middle;
	}
	@media (max-width: 450px) {
		.button {
			font-size: 9pt;
		}
	}
</style>

<div>

	<header>
		<div class="nav-wrapper"><ul class="nav">
			<li><a class="button nav-first" href="//pokemonshowdown.com/"><img src="//pokemonshowdown.com/images/pokemonshowdownbeta.png" srcset="//pokemonshowdown.com/images/pokemonshowdownbeta.png 1x, //pokemonshowdown.com/images/pokemonshowdownbeta@2x.png 2x" alt="Pok&eacute;mon Showdown" width="146" height="44" /> Home</a></li>
			<li><a class="button" href="//pokemonshowdown.com/dex/">Pok&eacute;dex</a></li>
			<li><a class="button cur" href="/">Replays</a></li>
			<li><a class="button" href="//pokemonshowdown.com/ladder/">Ladder</a></li>
			<li><a class="button nav-last" href="//pokemonshowdown.com/forums/">Forum</a></li>
			<li><a class="button greenbutton nav-first nav-last" href="//play.pokemonshowdown.com/">Play</a></li>
		</ul></div>
	</header>

	<div class="main" id="main">

		<noscript><section class="section">You need to enable JavaScript to use this page; sorry!</section></noscript>

	</div>

</div>

<script defer nomodule src="//play.pokemonshowdown.com/js/lib/ps-polyfill.js"></script>
<script defer src="//play.pokemonshowdown.com/js/lib/preact.min.js"></script>

<script defer src="//play.pokemonshowdown.com/config/config.js?2bddbc15"></script>
<script defer src="//play.pokemonshowdown.com/js/lib/jquery-1.11.0.min.js"></script>
<script defer src="//play.pokemonshowdown.com/js/lib/html-sanitizer-minified.js"></script>
<script defer src="//play.pokemonshowdown.com/js/battle-sound.js"></script>
<script defer src="//play.pokemonshowdown.com/js/battledata.js?0.7209276989879541"></script>
<script defer src="//play.pokemonshowdown.com/data/pokedex-mini.js?0.6111056340867951"></script>
<script defer src="//play.pokemonshowdown.com/data/pokedex-mini-bw.js?0.3532142036491459"></script>
<script defer src="//play.pokemonshowdown.com/data/graphics.js?0.24223875632456182"></script>
<script defer src="//play.pokemonshowdown.com/data/pokedex.js?0.38839984266356864"></script>
<script defer src="//play.pokemonshowdown.com/data/moves.js?0.21866028504024015"></script>
<script defer src="//play.pokemonshowdown.com/data/abilities.js?0.2005157953846628"></script>
<script defer src="//play.pokemonshowdown.com/data/items.js?0.9894211263848525"></script>
<script defer src="//play.pokemonshowdown.com/data/teambuilder-tables.js?0.6008791140282215"></script>
<script defer src="//play.pokemonshowdown.com/js/battle-tooltips.js?0.7580118955022959"></script>
<script defer src="//play.pokemonshowdown.com/js/battle.js?0.6057722274234274"></script>

<script defer src="js/utils.js?e31f9a17"></script>
<script defer src="js/replays-battle.js?7008c182"></script>

<!-- don't scrape this data! just add .json or .log after the URL!
Full API docs: https://github.com/smogon/pokemon-showdown-client/blob/master/WEB-API.md -->
<script type="text/plain" class="log" id="replaylog-smogtours-gen3ou-801989">
|inactive|Battle timer is ON: inactive players will automatically lose when time's up.
|badge|p2|silver|gen9ou|30-3
|uhtml|medal-msg|<div class="broadcast-blue">Curious what those medals under the avatar are? PS now has Ladder Seasons! For more information, check out the <a href="https://www.smogon.com/forums/threads/3740067/">thread on Smogon.<\/a><\/div>
|t:|1729901025
|gametype|singles
|player|p1|Big_Squatto|barry|
|player|p2|knexhawk2|benga|
|teamsize|p1|6
|teamsize|p2|6
|gen|3
|tier|[Gen 3] OU
|rule|Sleep Clause Mod: Limit one foe put to sleep
|rule|Switch Priority Clause Mod: Faster Pokémon switch first
|rule|Species Clause: Limit one of each Pokémon
|rule|OHKO Clause: OHKO moves are banned
|rule|Evasion Items Clause: Evasion items are banned
|rule|Evasion Moves Clause: Evasion moves are banned
|rule|Endless Battle Clause: Forcing endless battles is banned
|rule|HP Percentage Mod: HP is shown in percentages
|rule|One Boost Passer Clause: Limit one Baton Passer that has a way to boost its stats
|rule|Freeze Clause Mod: Limit one foe frozen
|
|t:|1729901025
|start
|switch|p1a: Salamence|Salamence, M|100/100
|switch|p2a: Jynx|Jynx, F|100/100
|-ability|p1a: Salamence|Intimidate|boost
|-unboost|p2a: Jynx|atk|1
|turn|1
|
|t:|1729901045
|move|p1a: Salamence|Hidden Power|p2a: Jynx
|-damage|p2a: Jynx|0 fnt
|faint|p2a: Jynx
|
|t:|1729901062
|switch|p2a: Metagross|Metagross|100/100
|
|upkeep
|turn|2
|
|t:|1729901065
|switch|p1a: Skarmory|Skarmory, M, shiny|100/100
|switch|p2a: Dugtrio|Dugtrio, M|100/100
|
|upkeep
|turn|3
|
|t:|1729901071
|switch|p2a: Metagross|Metagross|100/100
|move|p1a: Skarmory|Spikes|p2a: Metagross
|-sidestart|p2: knexhawk2|Spikes
|
|upkeep
|turn|4
|
|t:|1729901083
|move|p1a: Skarmory|Protect|p1a: Skarmory
|-singleturn|p1a: Skarmory|Protect
|move|p2a: Metagross|Meteor Mash|p1a: Skarmory
|-activate|p1a: Skarmory|Protect
|
|upkeep
|turn|5
|
|t:|1729901092
|switch|p2a: Dugtrio|Dugtrio, M|100/100
|-damage|p2a: Dugtrio|88/100|[from] Spikes
|move|p1a: Skarmory|Spikes|p2a: Dugtrio
|-sidestart|p2: knexhawk2|Spikes
|
|upkeep
|turn|6
|
|t:|1729901098
|switch|p2a: Claydol|Claydol|100/100
|move|p1a: Skarmory|Spikes|p2a: Claydol
|-sidestart|p2: knexhawk2|Spikes
|
|upkeep
|turn|7
|
|t:|1729901103
|move|p2a: Claydol|Rapid Spin|p1a: Skarmory
|-resisted|p1a: Skarmory
|-damage|p1a: Skarmory|99/100
|-sideend|p2: knexhawk2|Spikes|[from] move: Rapid Spin|[of] p2a: Claydol
|move|p1a: Skarmory|Toxic|p2a: Claydol
|-status|p2a: Claydol|tox
|
|-damage|p2a: Claydol|94/100 tox|[from] psn
|-heal|p1a: Skarmory|100/100|[from] item: Leftovers
|upkeep
|turn|8
|
|t:|1729901111
|switch|p2a: Suicune|Suicune|100/100
|move|p1a: Skarmory|Spikes|p2a: Suicune
|-sidestart|p2: knexhawk2|Spikes
|
|upkeep
|turn|9
|
|t:|1729901116
|move|p2a: Suicune|Calm Mind|p2a: Suicune
|-boost|p2a: Suicune|spa|1
|-boost|p2a: Suicune|spd|1
|move|p1a: Skarmory|Roar|p2a: Suicune
|drag|p2a: Metagross|Metagross|100/100
|-damage|p2a: Metagross|88/100|[from] Spikes
|
|upkeep
|turn|10
|
|t:|1729901124
|switch|p1a: Magneton|Magneton|100/100
|move|p2a: Metagross|Meteor Mash|p1a: Magneton
|-resisted|p1a: Magneton
|-damage|p1a: Magneton|70/100
|
|upkeep
|turn|11
|
|t:|1729901130
|move|p1a: Magneton|Thunderbolt|p2a: Metagross
|-damage|p2a: Metagross|25/100
|move|p2a: Metagross|Meteor Mash|p1a: Magneton
|-resisted|p1a: Magneton
|-damage|p1a: Magneton|36/100
|
|upkeep
|turn|12
|
|t:|1729901136
|move|p1a: Magneton|Thunderbolt|p2a: Metagross
|-damage|p2a: Metagross|0 fnt
|faint|p2a: Metagross
|
|t:|1729901138
|switch|p2a: Dugtrio|Dugtrio, M|88/100
|-damage|p2a: Dugtrio|76/100|[from] Spikes
|
|upkeep
|turn|13
|
|t:|1729901142
|move|p2a: Dugtrio|Earthquake|p1a: Magneton
|-supereffective|p1a: Magneton
|-damage|p1a: Magneton|0 fnt
|faint|p1a: Magneton
|
|t:|1729901147
|switch|p1a: Salamence|Salamence, M|100/100
|-ability|p1a: Salamence|Intimidate|boost
|-unboost|p2a: Dugtrio|atk|1
|
|upkeep
|turn|14
|
|t:|1729901154
|switch|p2a: Suicune|Suicune|100/100
|-damage|p2a: Suicune|88/100|[from] Spikes
|move|p1a: Salamence|Hidden Power|p2a: Suicune
|-damage|p2a: Suicune|59/100
|
|-heal|p2a: Suicune|65/100|[from] item: Leftovers
|upkeep
|turn|15
|
|t:|1729901166
|switch|p1a: Metagross|Metagross|100/100
|move|p2a: Suicune|Calm Mind|p2a: Suicune
|-boost|p2a: Suicune|spa|1
|-boost|p2a: Suicune|spd|1
|
|-heal|p2a: Suicune|71/100|[from] item: Leftovers
|upkeep
|turn|16
|
|t:|1729901174
|switch|p2a: Claydol|Claydol|94/100 tox
|move|p1a: Metagross|Earthquake|p2a: Claydol
|-immune|p2a: Claydol
|
|-heal|p2a: Claydol|100/100 tox|[from] item: Leftovers
|-damage|p2a: Claydol|94/100 tox|[from] psn
|upkeep
|turn|17
|
|t:|1729901182
|move|p2a: Claydol|Rapid Spin|p1a: Metagross
|-resisted|p1a: Metagross
|-crit|p1a: Metagross
|-damage|p1a: Metagross|97/100
|-sideend|p2: knexhawk2|Spikes|[from] move: Rapid Spin|[of] p2a: Claydol
|move|p1a: Metagross|Meteor Mash|p2a: Claydol
|-damage|p2a: Claydol|37/100 tox
|
|-heal|p2a: Claydol|43/100 tox|[from] item: Leftovers
|-damage|p2a: Claydol|31/100 tox|[from] psn
|-heal|p1a: Metagross|100/100|[from] item: Leftovers
|upkeep
|turn|18
|
|t:|1729901194
|switch|p2a: Suicune|Suicune|71/100
|switch|p1a: Salamence|Salamence, M|100/100
|-ability|p1a: Salamence|Intimidate|boost
|-unboost|p2a: Suicune|atk|1
|
|-heal|p2a: Suicune|77/100|[from] item: Leftovers
|upkeep
|turn|19
|
|t:|1729901204
|switch|p1a: Skarmory|Skarmory, M, shiny|100/100
|move|p2a: Suicune|Calm Mind|p2a: Suicune
|-boost|p2a: Suicune|spa|1
|-boost|p2a: Suicune|spd|1
|
|-heal|p2a: Suicune|84/100|[from] item: Leftovers
|upkeep
|turn|20
|
|t:|1729901210
|move|p2a: Suicune|Surf|p1a: Skarmory
|-damage|p1a: Skarmory|62/100
|move|p1a: Skarmory|Roar|p2a: Suicune
|drag|p2a: Snorlax|Snorlax, F|100/100
|
|-heal|p1a: Skarmory|68/100|[from] item: Leftovers
|upkeep
|turn|21
|
|t:|1729901222
|move|p1a: Skarmory|Spikes|p2a: Snorlax
|-sidestart|p2: knexhawk2|Spikes
|move|p2a: Snorlax|Curse|p2a: Snorlax
|-unboost|p2a: Snorlax|spe|1
|-boost|p2a: Snorlax|atk|1
|-boost|p2a: Snorlax|def|1
|
|-heal|p1a: Skarmory|74/100|[from] item: Leftovers
|upkeep
|turn|22
|
|t:|1729901229
|move|p2a: Snorlax|Return|p1a: Skarmory
|-resisted|p1a: Skarmory
|-damage|p1a: Skarmory|49/100
|move|p1a: Skarmory|Roar|p2a: Snorlax
|drag|p2a: Suicune|Suicune|84/100
|-damage|p2a: Suicune|71/100|[from] Spikes
|
|-heal|p2a: Suicune|77/100|[from] item: Leftovers
|-heal|p1a: Skarmory|55/100|[from] item: Leftovers
|upkeep
|turn|23
|inactive|Big_Squatto has 270 seconds left.
|
|t:|1729901261
|move|p2a: Suicune|Surf|p1a: Skarmory
|-damage|p1a: Skarmory|26/100
|move|p1a: Skarmory|Roar|p2a: Suicune
|drag|p2a: Claydol|Claydol|31/100 tox
|
|-heal|p2a: Claydol|37/100 tox|[from] item: Leftovers
|-damage|p2a: Claydol|31/100 tox|[from] psn
|-heal|p1a: Skarmory|32/100|[from] item: Leftovers
|upkeep
|turn|24
|
|t:|1729901269
|switch|p2a: Suicune|Suicune|77/100
|-damage|p2a: Suicune|65/100|[from] Spikes
|move|p1a: Skarmory|Roar|p2a: Suicune
|drag|p2a: Claydol|Claydol|31/100 tox
|
|-heal|p2a: Claydol|37/100 tox|[from] item: Leftovers
|-damage|p2a: Claydol|31/100 tox|[from] psn
|-heal|p1a: Skarmory|38/100|[from] item: Leftovers
|upkeep
|turn|25
|
|t:|1729901279
|switch|p2a: Suicune|Suicune|65/100
|-damage|p2a: Suicune|52/100|[from] Spikes
|move|p1a: Skarmory|Protect||[still]
|-fail|p1a: Skarmory
|
|-heal|p2a: Suicune|59/100|[from] item: Leftovers
|-heal|p1a: Skarmory|44/100|[from] item: Leftovers
|upkeep
|turn|26
|
|t:|1729901287
|move|p2a: Suicune|Surf|p1a: Skarmory
|-damage|p1a: Skarmory|17/100
|move|p1a: Skarmory|Roar|p2a: Suicune
|drag|p2a: Dugtrio|Dugtrio, M|76/100
|-damage|p2a: Dugtrio|64/100|[from] Spikes
|
|-heal|p1a: Skarmory|23/100|[from] item: Leftovers
|upkeep
|turn|27
|
|t:|1729901295
|switch|p2a: Claydol|Claydol|31/100 tox
|move|p1a: Skarmory|Spikes|p2a: Claydol
|-sidestart|p2: knexhawk2|Spikes
|
|-heal|p2a: Claydol|37/100 tox|[from] item: Leftovers
|-damage|p2a: Claydol|31/100 tox|[from] psn
|-heal|p1a: Skarmory|29/100|[from] item: Leftovers
|upkeep
|turn|28
|
|t:|1729901303
|move|p1a: Skarmory|Protect|p1a: Skarmory
|-singleturn|p1a: Skarmory|Protect
|move|p2a: Claydol|Rapid Spin|p1a: Skarmory
|-activate|p1a: Skarmory|Protect
|
|-heal|p2a: Claydol|37/100 tox|[from] item: Leftovers
|-damage|p2a: Claydol|25/100 tox|[from] psn
|-heal|p1a: Skarmory|35/100|[from] item: Leftovers
|upkeep
|turn|29
|
|t:|1729901311
|move|p2a: Claydol|Rapid Spin|p1a: Skarmory
|-resisted|p1a: Skarmory
|-damage|p1a: Skarmory|33/100
|-sideend|p2: knexhawk2|Spikes|[from] move: Rapid Spin|[of] p2a: Claydol
|move|p1a: Skarmory|Spikes|p2a: Claydol
|-sidestart|p2: knexhawk2|Spikes
|
|-heal|p2a: Claydol|31/100 tox|[from] item: Leftovers
|-damage|p2a: Claydol|13/100 tox|[from] psn
|-heal|p1a: Skarmory|39/100|[from] item: Leftovers
|upkeep
|turn|30
|
|t:|1729901320
|switch|p2a: Suicune|Suicune|59/100
|-damage|p2a: Suicune|46/100|[from] Spikes
|move|p1a: Skarmory|Roar|p2a: Suicune
|drag|p2a: Dugtrio|Dugtrio, M|64/100
|-damage|p2a: Dugtrio|52/100|[from] Spikes
|
|-heal|p1a: Skarmory|45/100|[from] item: Leftovers
|upkeep
|turn|31
|
|t:|1729901329
|switch|p2a: Suicune|Suicune|46/100
|-damage|p2a: Suicune|34/100|[from] Spikes
|move|p1a: Skarmory|Toxic|p2a: Suicune
|-status|p2a: Suicune|tox
|
|-heal|p2a: Suicune|40/100 tox|[from] item: Leftovers
|-damage|p2a: Suicune|34/100 tox|[from] psn
|-heal|p1a: Skarmory|51/100|[from] item: Leftovers
|upkeep
|turn|32
|
|t:|1729901338
|move|p2a: Suicune|Rest|p2a: Suicune
|-status|p2a: Suicune|slp|[from] move: Rest
|-heal|p2a: Suicune|100/100 slp|[silent]
|move|p1a: Skarmory|Roar|p2a: Suicune
|drag|p2a: Claydol|Claydol|13/100 tox
|
|-heal|p2a: Claydol|19/100 tox|[from] item: Leftovers
|-damage|p2a: Claydol|13/100 tox|[from] psn
|-heal|p1a: Skarmory|57/100|[from] item: Leftovers
|upkeep
|turn|33
|
|t:|1729901348
|move|p1a: Skarmory|Protect|p1a: Skarmory
|-singleturn|p1a: Skarmory|Protect
|move|p2a: Claydol|Explosion|p1a: Skarmory
|-activate|p1a: Skarmory|Protect
|faint|p2a: Claydol
|
|t:|1729901352
|switch|p2a: Suicune|Suicune|100/100 slp
|-damage|p2a: Suicune|88/100 slp|[from] Spikes
|
|-heal|p2a: Suicune|94/100 slp|[from] item: Leftovers
|-heal|p1a: Skarmory|63/100|[from] item: Leftovers
|upkeep
|turn|34
|
|t:|1729901362
|cant|p2a: Suicune|slp
|move|p2a: Suicune|Sleep Talk|p2a: Suicune
|move|p2a: Suicune|Rest|p2a: Suicune|[from]Sleep Talk
|move|p1a: Skarmory|Spikes|p2a: Suicune
|-sidestart|p2: knexhawk2|Spikes
|
|-heal|p2a: Suicune|100/100 slp|[from] item: Leftovers
|-heal|p1a: Skarmory|69/100|[from] item: Leftovers
|upkeep
|turn|35
|
|t:|1729901372
|cant|p2a: Suicune|slp
|move|p1a: Skarmory|Roar|p2a: Suicune
|drag|p2a: Snorlax|Snorlax, F|100/100
|-damage|p2a: Snorlax|84/100|[from] Spikes
|
|-heal|p1a: Skarmory|75/100|[from] item: Leftovers
|-heal|p2a: Snorlax|90/100|[from] item: Leftovers
|upkeep
|turn|36
|
|t:|1729901380
|move|p1a: Skarmory|Spikes|p2a: Snorlax
|-sidestart|p2: knexhawk2|Spikes
|move|p2a: Snorlax|Return|p1a: Skarmory
|-resisted|p1a: Skarmory
|-damage|p1a: Skarmory|59/100
|
|-heal|p1a: Skarmory|65/100|[from] item: Leftovers
|-heal|p2a: Snorlax|96/100|[from] item: Leftovers
|upkeep
|turn|37
|
|t:|1729901389
|move|p2a: Snorlax|Return|p1a: Skarmory
|-resisted|p1a: Skarmory
|-damage|p1a: Skarmory|50/100
|move|p1a: Skarmory|Roar|p2a: Snorlax
|drag|p2a: Suicune|Suicune|100/100 slp
|-damage|p2a: Suicune|76/100 slp|[from] Spikes
|
|-heal|p2a: Suicune|82/100 slp|[from] item: Leftovers
|-heal|p1a: Skarmory|56/100|[from] item: Leftovers
|upkeep
|turn|38
|
|t:|1729901403
|-curestatus|p2a: Suicune|slp|[msg]
|move|p2a: Suicune|Surf|p1a: Skarmory
|-damage|p1a: Skarmory|29/100
|move|p1a: Skarmory|Roar|p2a: Suicune
|drag|p2a: Snorlax|Snorlax, F|96/100
|-damage|p2a: Snorlax|72/100|[from] Spikes
|
|-heal|p1a: Skarmory|35/100|[from] item: Leftovers
|-heal|p2a: Snorlax|78/100|[from] item: Leftovers
|upkeep
|turn|39
|
|t:|1729901420
|move|p1a: Skarmory|Protect|p1a: Skarmory
|-singleturn|p1a: Skarmory|Protect
|move|p2a: Snorlax|Return|p1a: Skarmory
|-activate|p1a: Skarmory|Protect
|
|-heal|p1a: Skarmory|41/100|[from] item: Leftovers
|-heal|p2a: Snorlax|84/100|[from] item: Leftovers
|upkeep
|turn|40
|
|t:|1729901428
|move|p2a: Snorlax|Return|p1a: Skarmory
|-resisted|p1a: Skarmory
|-damage|p1a: Skarmory|25/100
|move|p1a: Skarmory|Roar|p2a: Snorlax
|drag|p2a: Dugtrio|Dugtrio, M|52/100
|-damage|p2a: Dugtrio|27/100|[from] Spikes
|
|-heal|p1a: Skarmory|31/100|[from] item: Leftovers
|upkeep
|turn|41
|
|t:|1729901443
|move|p1a: Skarmory|Protect|p1a: Skarmory
|-singleturn|p1a: Skarmory|Protect
|move|p2a: Dugtrio|Aerial Ace|p1a: Skarmory
|-activate|p1a: Skarmory|Protect
|
|-heal|p1a: Skarmory|37/100|[from] item: Leftovers
|upkeep
|turn|42
|
|t:|1729901450
|switch|p2a: Suicune|Suicune|82/100
|-damage|p2a: Suicune|57/100|[from] Spikes
|move|p1a: Skarmory|Roar|p2a: Suicune
|drag|p2a: Snorlax|Snorlax, F|84/100
|-damage|p2a: Snorlax|59/100|[from] Spikes
|
|-heal|p1a: Skarmory|43/100|[from] item: Leftovers
|-heal|p2a: Snorlax|65/100|[from] item: Leftovers
|upkeep
|turn|43
|
|t:|1729901459
|move|p2a: Snorlax|Curse|p2a: Snorlax
|-unboost|p2a: Snorlax|spe|1
|-boost|p2a: Snorlax|atk|1
|-boost|p2a: Snorlax|def|1
|move|p1a: Skarmory|Roar|p2a: Snorlax
|drag|p2a: Suicune|Suicune|57/100
|-damage|p2a: Suicune|32/100|[from] Spikes
|
|-heal|p2a: Suicune|38/100|[from] item: Leftovers
|-heal|p1a: Skarmory|49/100|[from] item: Leftovers
|upkeep
|turn|44
|
|t:|1729901470
|move|p2a: Suicune|Surf|p1a: Skarmory
|-damage|p1a: Skarmory|20/100
|move|p1a: Skarmory|Roar|p2a: Suicune
|drag|p2a: Dugtrio|Dugtrio, M|27/100
|-damage|p2a: Dugtrio|3/100|[from] Spikes
|
|-heal|p1a: Skarmory|26/100|[from] item: Leftovers
|upkeep
|turn|45
|
|t:|1729901478
|move|p1a: Skarmory|Protect|p1a: Skarmory
|-singleturn|p1a: Skarmory|Protect
|move|p2a: Dugtrio|Aerial Ace|p1a: Skarmory
|-activate|p1a: Skarmory|Protect
|
|-heal|p1a: Skarmory|32/100|[from] item: Leftovers
|upkeep
|turn|46
|
|t:|1729901485
|move|p2a: Dugtrio|Aerial Ace|p1a: Skarmory
|-resisted|p1a: Skarmory
|-damage|p1a: Skarmory|24/100
|move|p1a: Skarmory|Roar|p2a: Dugtrio
|drag|p2a: Snorlax|Snorlax, F|65/100
|-damage|p2a: Snorlax|40/100|[from] Spikes
|
|-heal|p1a: Skarmory|30/100|[from] item: Leftovers
|-heal|p2a: Snorlax|47/100|[from] item: Leftovers
|upkeep
|turn|47
|
|t:|1729901494
|move|p1a: Skarmory|Protect|p1a: Skarmory
|-singleturn|p1a: Skarmory|Protect
|move|p2a: Snorlax|Rest|p2a: Snorlax
|-status|p2a: Snorlax|slp|[from] move: Rest
|-heal|p2a: Snorlax|100/100 slp|[silent]
|
|-heal|p1a: Skarmory|36/100|[from] item: Leftovers
|upkeep
|turn|48
|
|t:|1729901502
|cant|p2a: Snorlax|slp
|move|p1a: Skarmory|Roar|p2a: Snorlax
|drag|p2a: Suicune|Suicune|38/100
|-damage|p2a: Suicune|13/100|[from] Spikes
|
|-heal|p2a: Suicune|19/100|[from] item: Leftovers
|-heal|p1a: Skarmory|42/100|[from] item: Leftovers
|upkeep
|turn|49
|
|t:|1729901510
|move|p2a: Suicune|Rest|p2a: Suicune
|-status|p2a: Suicune|slp|[from] move: Rest
|-heal|p2a: Suicune|100/100 slp|[silent]
|move|p1a: Skarmory|Roar|p2a: Suicune
|drag|p2a: Dugtrio|Dugtrio, M|3/100
|-damage|p2a: Dugtrio|0 fnt|[from] Spikes
|faint|p2a: Dugtrio
|
|t:|1729901514
|switch|p2a: Suicune|Suicune|100/100 slp
|-damage|p2a: Suicune|76/100 slp|[from] Spikes
|
|-heal|p2a: Suicune|82/100 slp|[from] item: Leftovers
|-heal|p1a: Skarmory|48/100|[from] item: Leftovers
|upkeep
|turn|50
|
|t:|1729901523
|switch|p1a: Metagross|Metagross|100/100
|cant|p2a: Suicune|slp
|
|-heal|p2a: Suicune|88/100 slp|[from] item: Leftovers
|upkeep
|turn|51
|
|t:|1729901531
|cant|p2a: Suicune|slp
|move|p2a: Suicune|Sleep Talk|p2a: Suicune
|move|p2a: Suicune|Surf|p1a: Metagross|[from]Sleep Talk
|-damage|p1a: Metagross|69/100
|move|p1a: Metagross|Explosion|p2a: Suicune
|-crit|p2a: Suicune
|-damage|p2a: Suicune|0 fnt
|faint|p1a: Metagross
|faint|p2a: Suicune
|
|t:|1729901540
|switch|p2a: Snorlax|Snorlax, F|100/100 slp
|switch|p1a: Salamence|Salamence, M|100/100
|-ability|p1a: Salamence|Intimidate|boost
|-unboost|p2a: Snorlax|atk|1
|-damage|p2a: Snorlax|76/100 slp|[from] Spikes
|
|-heal|p2a: Snorlax|82/100 slp|[from] item: Leftovers
|upkeep
|turn|52
|
|t:|1729901547
|move|p1a: Salamence|Brick Break|p2a: Snorlax
|-supereffective|p2a: Snorlax
|-damage|p2a: Snorlax|15/100 slp
|cant|p2a: Snorlax|slp
|
|-heal|p2a: Snorlax|21/100 slp|[from] item: Leftovers
|upkeep
|turn|53
|c|☆Big_Squatto|gg
|
|t:|1729901558
|move|p1a: Salamence|Brick Break|p2a: Snorlax
|-supereffective|p2a: Snorlax
|-damage|p2a: Snorlax|0 fnt
|faint|p2a: Snorlax
|
|win|Big_Squatto

</script>
<script type="application/json" class="data" id="replaydata-smogtours-gen3ou-801989">
{"id":"smogtours-gen3ou-801989","format":"[Gen 3] OU","players":["Big_Squatto","knexhawk2"],"uploadtime":1729901558,"views":107,"formatid":"gen3ou","rating":null,"private":0,"password":null}
</script>

<script defer src="js/replays.js?9d40a366"></script>
