<!DOCTYPE html>
<meta charset="utf-8" />
<meta name="viewport" content="width=device-width" />

<title>[Gen 3] OU: tahat squared vs. Ooziegib - Replays - Pok&eacute;mon Showdown!</title>

<meta name="description" content="Watch a replay of a Pok&eacute;mon battle between tahat squared and Ooziegib! Format: [Gen 3] OU; Date: Oct 4, 2024" />
<!--

Hey, you! Looking in the source for the replay log?

You can find them in JSON format, just add `.json` at the end of a replay URL.

https://replay.pokemonshowdown.com/gen7randomdoublesbattle-865046831.json

Or, if you only need the log itself, add `.log` instead:

https://replay.pokemonshowdown.com/gen7randomdoublesbattle-865046831.log

-->

<link rel="stylesheet" href="//pokemonshowdown.com/style/global.css?0.023195364461161105" />
<link rel="stylesheet" href="//play.pokemonshowdown.com/style/font-awesome.css?0.13261647063804238" />
<link rel="stylesheet" href="//play.pokemonshowdown.com/style/battle.css?0.8753245789963631" />
<link rel="stylesheet" href="//play.pokemonshowdown.com/style/utilichart.css?0.8627959624976733" />

<!-- Global site tag (gtag.js) - Google Analytics -->
<script async src="https://www.googletagmanager.com/gtag/js?id=UA-26211653-1"></script>
<script>
  window.dataLayer = window.dataLayer || [];
  function gtag(){dataLayer.push(arguments);}
  gtag('js', new Date());

  gtag('config', 'UA-26211653-1');
</script>
<!-- End Google Analytics -->
<!-- Venatus Ad Manager - Install in <HEAD> of page -->
	<script src="https://hb.vntsm.com/v3/live/ad-manager.min.js" type="text/javascript" data-site-id="642aba63ec9a7b11c3c9c1be" data-mode="scan" async></script>
<!-- / Venatus Ad Manager -->

<style>
	@media (max-width:820px) {
		.battle {
			margin: 0 auto;
		}
		.battle-log {
			margin: 7px auto 0;
			max-width: 640px;
			height: 300px;
			position: static;
		}
	}
	.optgroup {
		display: inline-block;
		line-height: 22px;
		font-size: 10pt;
	}
	.optgroup .button {
		height: 25px;
		padding-top: 0;
		padding-bottom: 0;
	}
	.optgroup button.button {
		padding-left: 12px;
		padding-right: 12px;
	}
	.linklist {
		list-style: none;
		margin: 0.5em 0;
		padding: 0;
	}
	.linklist li {
		padding: 2px 0;
	}
	.sidebar {
		float: left;
		width: 320px;
	}
	.bar-wrapper {
		max-width: 1100px;
		margin: 0 auto;
	}
	.bar-wrapper.has-sidebar {
		max-width: 1430px;
	}
	.mainbar {
		margin: 0;
		padding-right: 1px;
	}
	.mainbar.has-sidebar {
		margin-left: 330px;
	}
	@media (min-width: 1511px) {
		.sidebar {
			width: 400px;
		}
		.bar-wrapper.has-sidebar {
			max-width: 1510px;
		}
		.mainbar.has-sidebar {
			margin-left: 410px;
		}
	}
	.section.first-section {
		margin-top: 9px;
	}
	.blocklink small {
		white-space: normal;
	}
	.button {
		vertical-align: middle;
	}
	.replay-controls {
		padding-top: 10px;
	}
	.replay-controls h1 {
		font-size: 16pt;
		font-weight: normal;
		color: #CCC;
	}
	.pagelink {
		text-align: center;
	}
	.pagelink a {
		width: 150px;
	}
	.textbox, .button {
		font-size: 11pt;
		vertical-align: middle;
	}
	@media (max-width: 450px) {
		.button {
			font-size: 9pt;
		}
	}
</style>

<div>

	<header>
		<div class="nav-wrapper"><ul class="nav">
			<li><a class="button nav-first" href="//pokemonshowdown.com/"><img src="//pokemonshowdown.com/images/pokemonshowdownbeta.png" srcset="//pokemonshowdown.com/images/pokemonshowdownbeta.png 1x, //pokemonshowdown.com/images/pokemonshowdownbeta@2x.png 2x" alt="Pok&eacute;mon Showdown" width="146" height="44" /> Home</a></li>
			<li><a class="button" href="//pokemonshowdown.com/dex/">Pok&eacute;dex</a></li>
			<li><a class="button cur" href="/">Replays</a></li>
			<li><a class="button" href="//pokemonshowdown.com/ladder/">Ladder</a></li>
			<li><a class="button nav-last" href="//pokemonshowdown.com/forums/">Forum</a></li>
			<li><a class="button greenbutton nav-first nav-last" href="//play.pokemonshowdown.com/">Play</a></li>
		</ul></div>
	</header>

	<div class="main" id="main">

		<noscript><section class="section">You need to enable JavaScript to use this page; sorry!</section></noscript>

	</div>

</div>

<script defer nomodule src="//play.pokemonshowdown.com/js/lib/ps-polyfill.js"></script>
<script defer src="//play.pokemonshowdown.com/js/lib/preact.min.js"></script>

<script defer src="//play.pokemonshowdown.com/config/config.js?2bddbc15"></script>
<script defer src="//play.pokemonshowdown.com/js/lib/jquery-1.11.0.min.js"></script>
<script defer src="//play.pokemonshowdown.com/js/lib/html-sanitizer-minified.js"></script>
<script defer src="//play.pokemonshowdown.com/js/battle-sound.js"></script>
<script defer src="//play.pokemonshowdown.com/js/battledata.js?0.7209276989879541"></script>
<script defer src="//play.pokemonshowdown.com/data/pokedex-mini.js?0.6111056340867951"></script>
<script defer src="//play.pokemonshowdown.com/data/pokedex-mini-bw.js?0.3532142036491459"></script>
<script defer src="//play.pokemonshowdown.com/data/graphics.js?0.24223875632456182"></script>
<script defer src="//play.pokemonshowdown.com/data/pokedex.js?0.38839984266356864"></script>
<script defer src="//play.pokemonshowdown.com/data/moves.js?0.21866028504024015"></script>
<script defer src="//play.pokemonshowdown.com/data/abilities.js?0.2005157953846628"></script>
<script defer src="//play.pokemonshowdown.com/data/items.js?0.9894211263848525"></script>
<script defer src="//play.pokemonshowdown.com/data/teambuilder-tables.js?0.6008791140282215"></script>
<script defer src="//play.pokemonshowdown.com/js/battle-tooltips.js?0.7580118955022959"></script>
<script defer src="//play.pokemonshowdown.com/js/battle.js?0.6057722274234274"></script>

<script defer src="js/utils.js?e31f9a17"></script>
<script defer src="js/replays-battle.js?7008c182"></script>

<!-- don't scrape this data! just add .json or .log after the URL!
Full API docs: https://github.com/smogon/pokemon-showdown-client/blob/master/WEB-API.md -->
<script type="text/plain" class="log" id="replaylog-smogtours-gen3ou-794463">
|inactive|Battle timer is ON: inactive players will automatically lose when time's up.
|t:|1728003988
|gametype|singles
|player|p1|tahat squared|266|
|player|p2|Ooziegib|169|
|teamsize|p1|6
|teamsize|p2|6
|gen|3
|tier|[Gen 3] OU
|rule|Sleep Clause Mod: Limit one foe put to sleep
|rule|Switch Priority Clause Mod: Faster Pokémon switch first
|rule|Species Clause: Limit one of each Pokémon
|rule|OHKO Clause: OHKO moves are banned
|rule|Evasion Items Clause: Evasion items are banned
|rule|Evasion Moves Clause: Evasion moves are banned
|rule|Endless Battle Clause: Forcing endless battles is banned
|rule|HP Percentage Mod: HP is shown in percentages
|rule|One Boost Passer Clause: Limit one Baton Passer that has a way to boost its stats
|rule|Freeze Clause Mod: Limit one foe frozen
|
|t:|1728003988
|start
|switch|p1a: Dugtrio|Dugtrio, F|100/100
|switch|p2a: Zapdos|Zapdos|100/100
|turn|1
|
|t:|1728004011
|switch|p1a: Raikou|Raikou|100/100
|move|p2a: Zapdos|Substitute|p2a: Zapdos
|-start|p2a: Zapdos|Substitute
|-damage|p2a: Zapdos|76/100
|
|-heal|p2a: Zapdos|82/100|[from] item: Leftovers
|upkeep
|turn|2
|
|t:|1728004021
|move|p1a: Raikou|Substitute|p1a: Raikou
|-start|p1a: Raikou|Substitute
|-damage|p1a: Raikou|76/100
|move|p2a: Zapdos|Toxic||[still]
|-fail|p2a: Zapdos
|
|-heal|p1a: Raikou|82/100|[from] item: Leftovers
|-heal|p2a: Zapdos|88/100|[from] item: Leftovers
|upkeep
|turn|3
|
|t:|1728004034
|move|p1a: Raikou|Thunder|p2a: Zapdos
|-end|p2a: Zapdos|Substitute
|move|p2a: Zapdos|Thunderbolt|p1a: Raikou
|-resisted|p1a: Raikou
|-activate|p1a: Raikou|Substitute|[damage]
|
|-heal|p1a: Raikou|88/100|[from] item: Leftovers
|-heal|p2a: Zapdos|94/100|[from] item: Leftovers
|upkeep
|turn|4
|
|t:|1728004043
|move|p1a: Raikou|Calm Mind|p1a: Raikou
|-boost|p1a: Raikou|spa|1
|-boost|p1a: Raikou|spd|1
|move|p2a: Zapdos|Thunderbolt|p1a: Raikou
|-resisted|p1a: Raikou
|-end|p1a: Raikou|Substitute
|
|-heal|p1a: Raikou|94/100|[from] item: Leftovers
|-heal|p2a: Zapdos|100/100|[from] item: Leftovers
|upkeep
|turn|5
|
|t:|1728004051
|switch|p2a: Claydol|Claydol|100/100
|move|p1a: Raikou|Substitute|p1a: Raikou
|-start|p1a: Raikou|Substitute
|-damage|p1a: Raikou|69/100
|
|-heal|p1a: Raikou|76/100|[from] item: Leftovers
|upkeep
|turn|6
|
|t:|1728004058
|move|p1a: Raikou|Hidden Power|p2a: Claydol
|-supereffective|p2a: Claydol
|-damage|p2a: Claydol|44/100
|move|p2a: Claydol|Earthquake|p1a: Raikou
|-supereffective|p1a: Raikou
|-end|p1a: Raikou|Substitute
|
|-heal|p1a: Raikou|82/100|[from] item: Leftovers
|-heal|p2a: Claydol|50/100|[from] item: Leftovers
|upkeep
|turn|7
|
|t:|1728004073
|switch|p1a: Claydol|Claydol|100/100
|switch|p2a: Blissey|Blissey, F|100/100
|
|upkeep
|turn|8
|
|t:|1728004088
|switch|p1a: Metagross|Metagross|100/100
|switch|p2a: Skarmory|Skarmory, M|100/100
|
|upkeep
|turn|9
|
|t:|1728004094
|move|p1a: Metagross|Meteor Mash|p2a: Skarmory
|-resisted|p2a: Skarmory
|-damage|p2a: Skarmory|65/100
|move|p2a: Skarmory|Spikes|p1a: Metagross
|-sidestart|p1: tahat squared|Spikes
|
|-heal|p2a: Skarmory|71/100|[from] item: Leftovers
|upkeep
|turn|10
|
|t:|1728004103
|switch|p1a: Zapdos|Zapdos|100/100
|move|p2a: Skarmory|Protect||[still]
|-fail|p2a: Skarmory
|
|-heal|p2a: Skarmory|77/100|[from] item: Leftovers
|upkeep
|turn|11
|
|t:|1728004113
|switch|p2a: Zapdos|Zapdos|100/100
|move|p1a: Zapdos|Baton Pass|p1a: Zapdos
|
|t:|1728004119
|switch|p1a: Raikou|Raikou|82/100|[from] Baton Pass
|-damage|p1a: Raikou|69/100|[from] Spikes
|
|-heal|p1a: Raikou|76/100|[from] item: Leftovers
|upkeep
|turn|12
|
|t:|1728004125
|switch|p2a: Blissey|Blissey, F|100/100
|move|p1a: Raikou|Substitute|p1a: Raikou
|-start|p1a: Raikou|Substitute
|-damage|p1a: Raikou|51/100
|
|-heal|p1a: Raikou|57/100|[from] item: Leftovers
|upkeep
|turn|13
|
|t:|1728004131
|move|p1a: Raikou|Calm Mind|p1a: Raikou
|-boost|p1a: Raikou|spa|1
|-boost|p1a: Raikou|spd|1
|move|p2a: Blissey|Seismic Toss|p1a: Raikou
|-end|p1a: Raikou|Substitute
|
|-heal|p1a: Raikou|63/100|[from] item: Leftovers
|upkeep
|turn|14
|
|t:|1728004147
|switch|p1a: Zapdos|Zapdos|100/100
|move|p2a: Blissey|Thunder Wave|p1a: Zapdos
|-status|p1a: Zapdos|par
|
|upkeep
|turn|15
|
|t:|1728004157
|move|p2a: Blissey|Seismic Toss|p1a: Zapdos
|-damage|p1a: Zapdos|73/100 par
|move|p1a: Zapdos|Baton Pass|p1a: Zapdos
|
|t:|1728004161
|switch|p1a: Dugtrio|Dugtrio, F|100/100|[from] Baton Pass
|-damage|p1a: Dugtrio|88/100|[from] Spikes
|
|upkeep
|turn|16
|
|t:|1728004166
|move|p1a: Dugtrio|Beat Up|p2a: Blissey
|-damage|p2a: Blissey|91/100
|-damage|p2a: Blissey|82/100
|-damage|p2a: Blissey|68/100
|-damage|p2a: Blissey|60/100
|-damage|p2a: Blissey|52/100
|-hitcount|p2a: Blissey|5
|move|p2a: Blissey|Seismic Toss|p1a: Dugtrio
|-damage|p1a: Dugtrio|47/100
|
|-heal|p2a: Blissey|58/100|[from] item: Leftovers
|upkeep
|turn|17
|c|☆tahat squared|wait why is this the worst beatup team ever
|
|t:|1728004183
|move|p1a: Dugtrio|Beat Up|p2a: Blissey
|-damage|p2a: Blissey|49/100
|-damage|p2a: Blissey|40/100
|-damage|p2a: Blissey|25/100
|-damage|p2a: Blissey|17/100
|-damage|p2a: Blissey|9/100
|-hitcount|p2a: Blissey|5
|move|p2a: Blissey|Soft-Boiled|p2a: Blissey
|-heal|p2a: Blissey|59/100
|
|-heal|p2a: Blissey|65/100|[from] item: Leftovers
|upkeep
|turn|18
|c|☆tahat squared|why is beatup outdamaged by ew
|c|☆tahat squared|eq
|c|☆tahat squared|:sob:
|c|☆Ooziegib|its not
|c|☆tahat squared|m dragon u scammer
|
|t:|1728004207
|move|p1a: Dugtrio|Beat Up|p2a: Blissey
|-damage|p2a: Blissey|56/100
|-damage|p2a: Blissey|47/100
|-damage|p2a: Blissey|31/100
|-damage|p2a: Blissey|24/100
|-damage|p2a: Blissey|17/100
|-hitcount|p2a: Blissey|5
|move|p2a: Blissey|Soft-Boiled|p2a: Blissey
|-heal|p2a: Blissey|66/100
|
|-heal|p2a: Blissey|73/100|[from] item: Leftovers
|upkeep
|turn|19
|
|t:|1728004218
|move|p1a: Dugtrio|Beat Up|p2a: Blissey
|-damage|p2a: Blissey|64/100
|-damage|p2a: Blissey|54/100
|-damage|p2a: Blissey|39/100
|-damage|p2a: Blissey|30/100
|-damage|p2a: Blissey|22/100
|-hitcount|p2a: Blissey|5
|move|p2a: Blissey|Soft-Boiled|p2a: Blissey
|-heal|p2a: Blissey|72/100
|
|-heal|p2a: Blissey|78/100|[from] item: Leftovers
|upkeep
|turn|20
|
|t:|1728004229
|move|p1a: Dugtrio|Beat Up|p2a: Blissey
|-damage|p2a: Blissey|69/100
|-damage|p2a: Blissey|60/100
|-damage|p2a: Blissey|45/100
|-damage|p2a: Blissey|38/100
|-damage|p2a: Blissey|29/100
|-hitcount|p2a: Blissey|5
|move|p2a: Blissey|Soft-Boiled|p2a: Blissey
|-heal|p2a: Blissey|79/100
|
|-heal|p2a: Blissey|85/100|[from] item: Leftovers
|upkeep
|turn|21
|
|t:|1728004241
|move|p1a: Dugtrio|Beat Up|p2a: Blissey
|-damage|p2a: Blissey|76/100
|-damage|p2a: Blissey|67/100
|-damage|p2a: Blissey|52/100
|-damage|p2a: Blissey|45/100
|-damage|p2a: Blissey|36/100
|-hitcount|p2a: Blissey|5
|move|p2a: Blissey|Soft-Boiled|p2a: Blissey
|-heal|p2a: Blissey|86/100
|
|-heal|p2a: Blissey|92/100|[from] item: Leftovers
|upkeep
|turn|22
|
|t:|1728004252
|move|p1a: Dugtrio|Beat Up|p2a: Blissey
|-crit|p2a: Blissey
|-damage|p2a: Blissey|74/100
|-damage|p2a: Blissey|65/100
|-crit|p2a: Blissey
|-damage|p2a: Blissey|34/100
|-damage|p2a: Blissey|27/100
|-damage|p2a: Blissey|19/100
|-hitcount|p2a: Blissey|5
|move|p2a: Blissey|Soft-Boiled|p2a: Blissey
|-heal|p2a: Blissey|69/100
|
|-heal|p2a: Blissey|75/100|[from] item: Leftovers
|upkeep
|turn|23
|c|☆tahat squared|woohoo
|c|☆tahat squared|oh
|
|t:|1728004265
|move|p1a: Dugtrio|Beat Up|p2a: Blissey
|-damage|p2a: Blissey|66/100
|-damage|p2a: Blissey|57/100
|-damage|p2a: Blissey|43/100
|-damage|p2a: Blissey|35/100
|-damage|p2a: Blissey|27/100
|-hitcount|p2a: Blissey|5
|move|p2a: Blissey|Soft-Boiled|p2a: Blissey
|-heal|p2a: Blissey|76/100
|
|-heal|p2a: Blissey|83/100|[from] item: Leftovers
|upkeep
|turn|24
|
|t:|1728004276
|move|p1a: Dugtrio|Beat Up|p2a: Blissey
|-damage|p2a: Blissey|73/100
|-crit|p2a: Blissey
|-damage|p2a: Blissey|56/100
|-damage|p2a: Blissey|42/100
|-damage|p2a: Blissey|34/100
|-damage|p2a: Blissey|26/100
|-hitcount|p2a: Blissey|5
|move|p2a: Blissey|Soft-Boiled|p2a: Blissey
|-heal|p2a: Blissey|76/100
|
|-heal|p2a: Blissey|82/100|[from] item: Leftovers
|upkeep
|turn|25
|
|t:|1728004287
|move|p1a: Dugtrio|Beat Up|p2a: Blissey
|-damage|p2a: Blissey|74/100
|-damage|p2a: Blissey|65/100
|-damage|p2a: Blissey|50/100
|-damage|p2a: Blissey|42/100
|-damage|p2a: Blissey|34/100
|-hitcount|p2a: Blissey|5
|move|p2a: Blissey|Soft-Boiled|p2a: Blissey
|-heal|p2a: Blissey|84/100
|
|-heal|p2a: Blissey|90/100|[from] item: Leftovers
|upkeep
|turn|26
|
|t:|1728004297
|move|p1a: Dugtrio|Beat Up|p2a: Blissey
|-damage|p2a: Blissey|82/100
|-crit|p2a: Blissey
|-damage|p2a: Blissey|62/100
|-damage|p2a: Blissey|46/100
|-damage|p2a: Blissey|39/100
|-damage|p2a: Blissey|30/100
|-hitcount|p2a: Blissey|5
|move|p2a: Blissey|Soft-Boiled|p2a: Blissey
|-heal|p2a: Blissey|80/100
|
|-heal|p2a: Blissey|87/100|[from] item: Leftovers
|upkeep
|turn|27
|
|t:|1728004309
|move|p1a: Dugtrio|Beat Up|p2a: Blissey
|-damage|p2a: Blissey|78/100
|-damage|p2a: Blissey|69/100
|-damage|p2a: Blissey|53/100
|-damage|p2a: Blissey|45/100
|-damage|p2a: Blissey|36/100
|-hitcount|p2a: Blissey|5
|move|p2a: Blissey|Soft-Boiled|p2a: Blissey
|-heal|p2a: Blissey|86/100
|
|-heal|p2a: Blissey|92/100|[from] item: Leftovers
|upkeep
|turn|28
|
|t:|1728004320
|move|p1a: Dugtrio|Beat Up|p2a: Blissey
|-damage|p2a: Blissey|84/100
|-damage|p2a: Blissey|75/100
|-damage|p2a: Blissey|61/100
|-damage|p2a: Blissey|53/100
|-damage|p2a: Blissey|45/100
|-hitcount|p2a: Blissey|5
|move|p2a: Blissey|Soft-Boiled|p2a: Blissey
|-heal|p2a: Blissey|95/100
|
|-heal|p2a: Blissey|100/100|[from] item: Leftovers
|upkeep
|turn|29
|
|t:|1728004333
|move|p1a: Dugtrio|Beat Up|p2a: Blissey
|-damage|p2a: Blissey|92/100
|-crit|p2a: Blissey
|-damage|p2a: Blissey|73/100
|-damage|p2a: Blissey|59/100
|-damage|p2a: Blissey|51/100
|-damage|p2a: Blissey|43/100
|-hitcount|p2a: Blissey|5
|move|p2a: Blissey|Soft-Boiled|p2a: Blissey
|-heal|p2a: Blissey|93/100
|
|-heal|p2a: Blissey|99/100|[from] item: Leftovers
|upkeep
|turn|30
|
|t:|1728004344
|move|p1a: Dugtrio|Beat Up|p2a: Blissey
|-damage|p2a: Blissey|90/100
|-damage|p2a: Blissey|80/100
|-damage|p2a: Blissey|66/100
|-damage|p2a: Blissey|58/100
|-damage|p2a: Blissey|49/100
|-hitcount|p2a: Blissey|5
|move|p2a: Blissey|Soft-Boiled|p2a: Blissey
|-heal|p2a: Blissey|99/100
|
|-heal|p2a: Blissey|100/100|[from] item: Leftovers
|upkeep
|turn|31
|
|t:|1728004355
|move|p1a: Dugtrio|Beat Up|p2a: Blissey
|-damage|p2a: Blissey|92/100
|-damage|p2a: Blissey|83/100
|-damage|p2a: Blissey|67/100
|-damage|p2a: Blissey|59/100
|-damage|p2a: Blissey|51/100
|-hitcount|p2a: Blissey|5
|move|p2a: Blissey|Seismic Toss|p1a: Dugtrio
|-damage|p1a: Dugtrio|7/100
|
|-heal|p2a: Blissey|57/100|[from] item: Leftovers
|upkeep
|turn|32
|
|t:|1728004367
|move|p1a: Dugtrio|Struggle|p2a: Blissey
|-damage|p2a: Blissey|40/100
|-damage|p1a: Dugtrio|0 fnt|[from] Recoil|[of] p2a: Blissey
|faint|p1a: Dugtrio
|
|t:|1728004373
|switch|p1a: Metagross|Metagross|100/100
|-damage|p1a: Metagross|88/100|[from] Spikes
|
|-heal|p2a: Blissey|46/100|[from] item: Leftovers
|upkeep
|turn|33
|
|t:|1728004395
|switch|p2a: Skarmory|Skarmory, M|77/100
|move|p1a: Metagross|Meteor Mash|p2a: Skarmory
|-resisted|p2a: Skarmory
|-damage|p2a: Skarmory|45/100
|-boost|p1a: Metagross|atk|1
|
|-heal|p2a: Skarmory|51/100|[from] item: Leftovers
|upkeep
|turn|34
|
|t:|1728004403
|move|p2a: Skarmory|Protect|p2a: Skarmory
|-singleturn|p2a: Skarmory|Protect
|move|p1a: Metagross|Meteor Mash|p2a: Skarmory|[miss]
|-miss|p1a: Metagross|p2a: Skarmory
|
|-heal|p2a: Skarmory|57/100|[from] item: Leftovers
|upkeep
|turn|35
|
|t:|1728004410
|move|p1a: Metagross|Meteor Mash|p2a: Skarmory
|-resisted|p2a: Skarmory
|-damage|p2a: Skarmory|3/100
|move|p2a: Skarmory|Roar|p1a: Metagross
|drag|p1a: Zapdos|Zapdos|73/100 par
|
|-heal|p2a: Skarmory|9/100|[from] item: Leftovers
|-heal|p1a: Zapdos|79/100 par|[from] item: Leftovers
|upkeep
|turn|36
|
|t:|1728004422
|move|p2a: Skarmory|Protect|p2a: Skarmory
|-singleturn|p2a: Skarmory|Protect
|move|p1a: Zapdos|Baton Pass|p1a: Zapdos
|
|t:|1728004440
|switch|p1a: Suicune|Suicune|100/100|[from] Baton Pass
|-damage|p1a: Suicune|88/100|[from] Spikes
|
|-heal|p1a: Suicune|94/100|[from] item: Leftovers
|-heal|p2a: Skarmory|15/100|[from] item: Leftovers
|upkeep
|turn|37
|
|t:|1728004449
|switch|p2a: Suicune|Suicune|100/100
|move|p1a: Suicune|Surf|p2a: Suicune
|-resisted|p2a: Suicune
|-damage|p2a: Suicune|85/100
|
|-heal|p1a: Suicune|99/100|[from] item: Leftovers
|-heal|p2a: Suicune|91/100|[from] item: Leftovers
|upkeep
|turn|38
|
|t:|1728004458
|switch|p1a: Zapdos|Zapdos|79/100 par
|move|p2a: Suicune|Calm Mind|p2a: Suicune
|-boost|p2a: Suicune|spa|1
|-boost|p2a: Suicune|spd|1
|
|-heal|p2a: Suicune|97/100|[from] item: Leftovers
|-heal|p1a: Zapdos|85/100 par|[from] item: Leftovers
|upkeep
|turn|39
|
|t:|1728004468
|switch|p2a: Zapdos|Zapdos|100/100
|cant|p1a: Zapdos|par
|
|-heal|p1a: Zapdos|91/100 par|[from] item: Leftovers
|upkeep
|turn|40
|
|t:|1728004475
|move|p2a: Zapdos|Substitute|p2a: Zapdos
|-start|p2a: Zapdos|Substitute
|-damage|p2a: Zapdos|76/100
|cant|p1a: Zapdos|par
|
|-heal|p2a: Zapdos|82/100|[from] item: Leftovers
|-heal|p1a: Zapdos|97/100 par|[from] item: Leftovers
|upkeep
|turn|41
|
|t:|1728004482
|move|p2a: Zapdos|Thunderbolt|p1a: Zapdos
|-damage|p1a: Zapdos|58/100 par
|move|p1a: Zapdos|Hidden Power|p2a: Zapdos
|-supereffective|p2a: Zapdos
|-end|p2a: Zapdos|Substitute
|
|-heal|p2a: Zapdos|88/100|[from] item: Leftovers
|-heal|p1a: Zapdos|64/100 par|[from] item: Leftovers
|upkeep
|turn|42
|
|t:|1728004490
|move|p2a: Zapdos|Thunderbolt|p1a: Zapdos
|-damage|p1a: Zapdos|25/100 par
|move|p1a: Zapdos|Baton Pass|p1a: Zapdos
|
|t:|1728004494
|switch|p1a: Raikou|Raikou|63/100|[from] Baton Pass
|-damage|p1a: Raikou|51/100|[from] Spikes
|
|-heal|p1a: Raikou|57/100|[from] item: Leftovers
|-heal|p2a: Zapdos|94/100|[from] item: Leftovers
|upkeep
|turn|43
|
|t:|1728004504
|switch|p2a: Blissey|Blissey, F|46/100
|move|p1a: Raikou|Calm Mind|p1a: Raikou
|-boost|p1a: Raikou|spa|1
|-boost|p1a: Raikou|spd|1
|
|-heal|p1a: Raikou|63/100|[from] item: Leftovers
|-heal|p2a: Blissey|53/100|[from] item: Leftovers
|upkeep
|turn|44
|
|t:|1728004513
|move|p1a: Raikou|Substitute|p1a: Raikou
|-start|p1a: Raikou|Substitute
|-damage|p1a: Raikou|38/100
|move|p2a: Blissey|Soft-Boiled|p2a: Blissey
|-heal|p2a: Blissey|100/100
|
|-heal|p1a: Raikou|45/100|[from] item: Leftovers
|upkeep
|turn|45
|
|t:|1728004520
|move|p1a: Raikou|Thunder|p2a: Blissey|[miss]
|-miss|p1a: Raikou|p2a: Blissey
|move|p2a: Blissey|Seismic Toss|p1a: Raikou
|-end|p1a: Raikou|Substitute
|
|-heal|p1a: Raikou|51/100|[from] item: Leftovers
|upkeep
|turn|46
|
|t:|1728004527
|switch|p1a: Claydol|Claydol|100/100
|move|p2a: Blissey|Seismic Toss|p1a: Claydol
|-damage|p1a: Claydol|70/100
|
|-heal|p1a: Claydol|76/100|[from] item: Leftovers
|upkeep
|turn|47
|
|t:|1728004537
|switch|p2a: Skarmory|Skarmory, M|15/100
|move|p1a: Claydol|Psychic|p2a: Skarmory
|-resisted|p2a: Skarmory
|-damage|p2a: Skarmory|5/100
|
|-heal|p1a: Claydol|82/100|[from] item: Leftovers
|-heal|p2a: Skarmory|11/100|[from] item: Leftovers
|upkeep
|turn|48
|
|t:|1728004546
|move|p2a: Skarmory|Protect|p2a: Skarmory
|-singleturn|p2a: Skarmory|Protect
|move|p1a: Claydol|Psychic|p2a: Skarmory
|-activate|p2a: Skarmory|Protect
|
|-heal|p1a: Claydol|88/100|[from] item: Leftovers
|-heal|p2a: Skarmory|17/100|[from] item: Leftovers
|upkeep
|turn|49
|
|t:|1728004554
|move|p1a: Claydol|Rapid Spin|p2a: Skarmory
|-resisted|p2a: Skarmory
|-damage|p2a: Skarmory|16/100
|-sideend|p1: tahat squared|Spikes|[from] move: Rapid Spin|[of] p1a: Claydol
|move|p2a: Skarmory|Drill Peck|p1a: Claydol
|-damage|p1a: Claydol|65/100
|
|-heal|p1a: Claydol|71/100|[from] item: Leftovers
|-heal|p2a: Skarmory|22/100|[from] item: Leftovers
|upkeep
|turn|50
|
|t:|1728004562
|move|p1a: Claydol|Rapid Spin|p2a: Skarmory
|-resisted|p2a: Skarmory
|-damage|p2a: Skarmory|20/100
|move|p2a: Skarmory|Spikes|p1a: Claydol
|-sidestart|p1: tahat squared|Spikes
|
|-heal|p1a: Claydol|77/100|[from] item: Leftovers
|-heal|p2a: Skarmory|26/100|[from] item: Leftovers
|upkeep
|turn|51
|
|t:|1728004569
|move|p1a: Claydol|Psychic|p2a: Skarmory
|-resisted|p2a: Skarmory
|-damage|p2a: Skarmory|16/100
|move|p2a: Skarmory|Drill Peck|p1a: Claydol
|-damage|p1a: Claydol|52/100
|
|-heal|p1a: Claydol|58/100|[from] item: Leftovers
|-heal|p2a: Skarmory|22/100|[from] item: Leftovers
|upkeep
|turn|52
|
|t:|1728004577
|move|p2a: Skarmory|Protect|p2a: Skarmory
|-singleturn|p2a: Skarmory|Protect
|move|p1a: Claydol|Rapid Spin|p2a: Skarmory
|-activate|p2a: Skarmory|Protect
|
|-heal|p1a: Claydol|64/100|[from] item: Leftovers
|-heal|p2a: Skarmory|28/100|[from] item: Leftovers
|upkeep
|turn|53
|
|t:|1728004595
|move|p1a: Claydol|Explosion|p2a: Skarmory
|-resisted|p2a: Skarmory
|-damage|p2a: Skarmory|0 fnt
|faint|p1a: Claydol
|faint|p2a: Skarmory
|
|t:|1728004603
|switch|p1a: Suicune|Suicune|99/100
|switch|p2a: Dugtrio|Dugtrio, M|100/100
|-damage|p1a: Suicune|88/100|[from] Spikes
|
|-heal|p1a: Suicune|94/100|[from] item: Leftovers
|upkeep
|turn|54
|
|t:|1728004615
|switch|p2a: Suicune|Suicune|97/100
|move|p1a: Suicune|Surf|p2a: Suicune
|-resisted|p2a: Suicune
|-damage|p2a: Suicune|82/100
|
|-heal|p1a: Suicune|99/100|[from] item: Leftovers
|-heal|p2a: Suicune|89/100|[from] item: Leftovers
|upkeep
|turn|55
|
|t:|1728004623
|move|p2a: Suicune|Calm Mind|p2a: Suicune
|-boost|p2a: Suicune|spa|1
|-boost|p2a: Suicune|spd|1
|move|p1a: Suicune|Roar|p2a: Suicune
|drag|p2a: Dugtrio|Dugtrio, M|100/100
|
|-heal|p1a: Suicune|100/100|[from] item: Leftovers
|upkeep
|turn|56
|
|t:|1728004631
|switch|p2a: Zapdos|Zapdos|94/100
|move|p1a: Suicune|Ice Beam|p2a: Zapdos
|-supereffective|p2a: Zapdos
|-damage|p2a: Zapdos|54/100
|
|-heal|p2a: Zapdos|60/100|[from] item: Leftovers
|upkeep
|turn|57
|
|t:|1728004650
|move|p1a: Suicune|Calm Mind|p1a: Suicune
|-boost|p1a: Suicune|spa|1
|-boost|p1a: Suicune|spd|1
|move|p2a: Zapdos|Toxic|p1a: Suicune
|-status|p1a: Suicune|tox
|
|-damage|p1a: Suicune|94/100 tox|[from] psn
|-heal|p2a: Zapdos|67/100|[from] item: Leftovers
|upkeep
|turn|58
|
|t:|1728004658
|switch|p2a: Suicune|Suicune|89/100
|move|p1a: Suicune|Calm Mind|p1a: Suicune
|-boost|p1a: Suicune|spa|1
|-boost|p1a: Suicune|spd|1
|
|-heal|p1a: Suicune|100/100 tox|[from] item: Leftovers
|-damage|p1a: Suicune|88/100 tox|[from] psn
|-heal|p2a: Suicune|95/100|[from] item: Leftovers
|upkeep
|turn|59
|
|t:|1728004667
|move|p1a: Suicune|Surf|p2a: Suicune
|-resisted|p2a: Suicune
|-crit|p2a: Suicune
|-damage|p2a: Suicune|30/100
|move|p2a: Suicune|Roar|p1a: Suicune
|drag|p1a: Raikou|Raikou|51/100
|-damage|p1a: Raikou|38/100|[from] Spikes
|
|-heal|p1a: Raikou|45/100|[from] item: Leftovers
|-heal|p2a: Suicune|36/100|[from] item: Leftovers
|upkeep
|turn|60
|
|t:|1728004681
|switch|p1a: Metagross|Metagross|88/100
|-damage|p1a: Metagross|76/100|[from] Spikes
|switch|p2a: Blissey|Blissey, F|100/100
|
|upkeep
|turn|61
|
|t:|1728004693
|switch|p2a: Zapdos|Zapdos|67/100
|move|p1a: Metagross|Meteor Mash|p2a: Zapdos|[miss]
|-miss|p1a: Metagross|p2a: Zapdos
|
|-heal|p2a: Zapdos|73/100|[from] item: Leftovers
|upkeep
|turn|62
|
|t:|1728004701
|switch|p1a: Zapdos|Zapdos|25/100 par
|move|p2a: Zapdos|Thunderbolt|p1a: Zapdos
|-damage|p1a: Zapdos|0 fnt
|faint|p1a: Zapdos
|
|t:|1728004707
|switch|p1a: Raikou|Raikou|45/100
|-damage|p1a: Raikou|32/100|[from] Spikes
|
|-heal|p1a: Raikou|38/100|[from] item: Leftovers
|-heal|p2a: Zapdos|79/100|[from] item: Leftovers
|upkeep
|turn|63
|
|t:|1728004713
|switch|p2a: Blissey|Blissey, F|100/100
|move|p1a: Raikou|Substitute|p1a: Raikou
|-start|p1a: Raikou|Substitute
|-damage|p1a: Raikou|14/100
|
|-heal|p1a: Raikou|20/100|[from] item: Leftovers
|upkeep
|turn|64
|
|t:|1728004722
|move|p1a: Raikou|Thunder|p2a: Blissey
|-damage|p2a: Blissey|78/100
|move|p2a: Blissey|Seismic Toss|p1a: Raikou
|-end|p1a: Raikou|Substitute
|
|-heal|p1a: Raikou|26/100|[from] item: Leftovers
|-heal|p2a: Blissey|84/100|[from] item: Leftovers
|upkeep
|turn|65
|
|t:|1728004732
|move|p1a: Raikou|Thunder|p2a: Blissey
|-damage|p2a: Blissey|63/100
|move|p2a: Blissey|Seismic Toss|p1a: Raikou
|-damage|p1a: Raikou|0 fnt
|faint|p1a: Raikou
|
|t:|1728004739
|switch|p1a: Metagross|Metagross|76/100
|-damage|p1a: Metagross|64/100|[from] Spikes
|
|-heal|p2a: Blissey|69/100|[from] item: Leftovers
|upkeep
|turn|66
|
|t:|1728004746
|switch|p2a: Zapdos|Zapdos|79/100
|move|p1a: Metagross|Rock Slide|p2a: Zapdos
|-supereffective|p2a: Zapdos
|-damage|p2a: Zapdos|0 fnt
|faint|p2a: Zapdos
|
|t:|1728004748
|switch|p2a: Dugtrio|Dugtrio, M|100/100
|
|upkeep
|turn|67
|
|t:|1728004753
|move|p2a: Dugtrio|Earthquake|p1a: Metagross
|-supereffective|p1a: Metagross
|-damage|p1a: Metagross|0 fnt
|faint|p1a: Metagross
|c|☆tahat squared|gg
|c|☆tahat squared|i played so awfully
|c|☆Ooziegib|gg
|
|t:|1728004760
|switch|p1a: Suicune|Suicune|88/100 tox
|-damage|p1a: Suicune|76/100 tox|[from] Spikes
|
|-heal|p1a: Suicune|82/100 tox|[from] item: Leftovers
|-damage|p1a: Suicune|76/100 tox|[from] psn
|upkeep
|turn|68
|
|t:|1728004766
|move|p2a: Dugtrio|Earthquake|p1a: Suicune
|-damage|p1a: Suicune|23/100 tox
|move|p1a: Suicune|Surf|p2a: Dugtrio
|-supereffective|p2a: Dugtrio
|-damage|p2a: Dugtrio|0 fnt
|faint|p2a: Dugtrio
|
|t:|1728004771
|switch|p2a: Blissey|Blissey, F|69/100
|
|-heal|p1a: Suicune|29/100 tox|[from] item: Leftovers
|-damage|p1a: Suicune|17/100 tox|[from] psn
|-heal|p2a: Blissey|75/100|[from] item: Leftovers
|upkeep
|turn|69
|-message|tahat squared forfeited.
|
|win|Ooziegib
|player|p1|

</script>
<script type="application/json" class="data" id="replaydata-smogtours-gen3ou-794463">
{"id":"smogtours-gen3ou-794463","format":"[Gen 3] OU","players":["tahat squared","Ooziegib"],"uploadtime":1728004779,"views":135,"formatid":"gen3ou","rating":null,"private":0,"password":null}
</script>

<script defer src="js/replays.js?9d40a366"></script>
