<!DOCTYPE html>
<meta charset="utf-8" />
<meta name="viewport" content="width=device-width" />

<title>[Gen 3] OU: gorditoconbigote vs. Halbert Simpson - Replays - Pok&eacute;mon Showdown!</title>

<meta name="description" content="Watch a replay of a Pok&eacute;mon battle between gorditoconbigote and Halbert Simpson! Format: [Gen 3] OU; Date: Oct 3, 2024" />
<!--

Hey, you! Looking in the source for the replay log?

You can find them in JSON format, just add `.json` at the end of a replay URL.

https://replay.pokemonshowdown.com/gen7randomdoublesbattle-865046831.json

Or, if you only need the log itself, add `.log` instead:

https://replay.pokemonshowdown.com/gen7randomdoublesbattle-865046831.log

-->

<link rel="stylesheet" href="//pokemonshowdown.com/style/global.css?0.767286132409787" />
<link rel="stylesheet" href="//play.pokemonshowdown.com/style/font-awesome.css?0.9266228007934947" />
<link rel="stylesheet" href="//play.pokemonshowdown.com/style/battle.css?0.7924700842790926" />
<link rel="stylesheet" href="//play.pokemonshowdown.com/style/utilichart.css?0.8777417872839479" />

<!-- Global site tag (gtag.js) - Google Analytics -->
<script async src="https://www.googletagmanager.com/gtag/js?id=UA-26211653-1"></script>
<script>
  window.dataLayer = window.dataLayer || [];
  function gtag(){dataLayer.push(arguments);}
  gtag('js', new Date());

  gtag('config', 'UA-26211653-1');
</script>
<!-- End Google Analytics -->
<!-- Venatus Ad Manager - Install in <HEAD> of page -->
	<script src="https://hb.vntsm.com/v3/live/ad-manager.min.js" type="text/javascript" data-site-id="642aba63ec9a7b11c3c9c1be" data-mode="scan" async></script>
<!-- / Venatus Ad Manager -->

<style>
	@media (max-width:820px) {
		.battle {
			margin: 0 auto;
		}
		.battle-log {
			margin: 7px auto 0;
			max-width: 640px;
			height: 300px;
			position: static;
		}
	}
	.optgroup {
		display: inline-block;
		line-height: 22px;
		font-size: 10pt;
	}
	.optgroup .button {
		height: 25px;
		padding-top: 0;
		padding-bottom: 0;
	}
	.optgroup button.button {
		padding-left: 12px;
		padding-right: 12px;
	}
	.linklist {
		list-style: none;
		margin: 0.5em 0;
		padding: 0;
	}
	.linklist li {
		padding: 2px 0;
	}
	.sidebar {
		float: left;
		width: 320px;
	}
	.bar-wrapper {
		max-width: 1100px;
		margin: 0 auto;
	}
	.bar-wrapper.has-sidebar {
		max-width: 1430px;
	}
	.mainbar {
		margin: 0;
		padding-right: 1px;
	}
	.mainbar.has-sidebar {
		margin-left: 330px;
	}
	@media (min-width: 1511px) {
		.sidebar {
			width: 400px;
		}
		.bar-wrapper.has-sidebar {
			max-width: 1510px;
		}
		.mainbar.has-sidebar {
			margin-left: 410px;
		}
	}
	.section.first-section {
		margin-top: 9px;
	}
	.blocklink small {
		white-space: normal;
	}
	.button {
		vertical-align: middle;
	}
	.replay-controls {
		padding-top: 10px;
	}
	.replay-controls h1 {
		font-size: 16pt;
		font-weight: normal;
		color: #CCC;
	}
	.pagelink {
		text-align: center;
	}
	.pagelink a {
		width: 150px;
	}
	.textbox, .button {
		font-size: 11pt;
		vertical-align: middle;
	}
	@media (max-width: 450px) {
		.button {
			font-size: 9pt;
		}
	}
</style>

<div>

	<header>
		<div class="nav-wrapper"><ul class="nav">
			<li><a class="button nav-first" href="//pokemonshowdown.com/"><img src="//pokemonshowdown.com/images/pokemonshowdownbeta.png" srcset="//pokemonshowdown.com/images/pokemonshowdownbeta.png 1x, //pokemonshowdown.com/images/pokemonshowdownbeta@2x.png 2x" alt="Pok&eacute;mon Showdown" width="146" height="44" /> Home</a></li>
			<li><a class="button" href="//pokemonshowdown.com/dex/">Pok&eacute;dex</a></li>
			<li><a class="button cur" href="/">Replays</a></li>
			<li><a class="button" href="//pokemonshowdown.com/ladder/">Ladder</a></li>
			<li><a class="button nav-last" href="//pokemonshowdown.com/forums/">Forum</a></li>
			<li><a class="button greenbutton nav-first nav-last" href="//play.pokemonshowdown.com/">Play</a></li>
		</ul></div>
	</header>

	<div class="main" id="main">

		<noscript><section class="section">You need to enable JavaScript to use this page; sorry!</section></noscript>

	</div>

</div>

<script defer nomodule src="//play.pokemonshowdown.com/js/lib/ps-polyfill.js"></script>
<script defer src="//play.pokemonshowdown.com/js/lib/preact.min.js"></script>

<script defer src="//play.pokemonshowdown.com/config/config.js?6dec07f6"></script>
<script defer src="//play.pokemonshowdown.com/js/lib/jquery-1.11.0.min.js"></script>
<script defer src="//play.pokemonshowdown.com/js/lib/html-sanitizer-minified.js"></script>
<script defer src="//play.pokemonshowdown.com/js/battle-sound.js"></script>
<script defer src="//play.pokemonshowdown.com/js/battledata.js?0.6315294753075389"></script>
<script defer src="//play.pokemonshowdown.com/data/pokedex-mini.js?0.7603743185311358"></script>
<script defer src="//play.pokemonshowdown.com/data/pokedex-mini-bw.js?0.030888842834281283"></script>
<script defer src="//play.pokemonshowdown.com/data/graphics.js?0.05593094747507488"></script>
<script defer src="//play.pokemonshowdown.com/data/pokedex.js?0.47064822249611904"></script>
<script defer src="//play.pokemonshowdown.com/data/moves.js?0.8583693120512459"></script>
<script defer src="//play.pokemonshowdown.com/data/abilities.js?0.16017181182386842"></script>
<script defer src="//play.pokemonshowdown.com/data/items.js?0.4163379185673943"></script>
<script defer src="//play.pokemonshowdown.com/data/teambuilder-tables.js?0.31075597372830477"></script>
<script defer src="//play.pokemonshowdown.com/js/battle-tooltips.js?0.6536193500708172"></script>
<script defer src="//play.pokemonshowdown.com/js/battle.js?0.1916591943277901"></script>

<script defer src="js/utils.js?e31f9a17"></script>
<script defer src="js/replays-battle.js?7008c182"></script>

<!-- don't scrape this data! just add .json or .log after the URL!
Full API docs: https://github.com/smogon/pokemon-showdown-client/blob/master/WEB-API.md -->
<script type="text/plain" class="log" id="replaylog-smogtours-gen3ou-794298">
|inactive|Battle timer is ON: inactive players will automatically lose when time's up.
|t:|1727979641
|gametype|singles
|player|p1|gorditoconbigote|101|
|player|p2|Halbert Simpson|bugcatcher-gen4dp|
|teamsize|p1|6
|teamsize|p2|6
|gen|3
|tier|[Gen 3] OU
|rule|Sleep Clause Mod: Limit one foe put to sleep
|rule|Switch Priority Clause Mod: Faster Pokémon switch first
|rule|Species Clause: Limit one of each Pokémon
|rule|OHKO Clause: OHKO moves are banned
|rule|Evasion Items Clause: Evasion items are banned
|rule|Evasion Moves Clause: Evasion moves are banned
|rule|Endless Battle Clause: Forcing endless battles is banned
|rule|HP Percentage Mod: HP is shown in percentages
|rule|One Boost Passer Clause: Limit one Baton Passer that has a way to boost its stats
|rule|Freeze Clause Mod: Limit one foe frozen
|
|t:|1727979641
|start
|switch|p1a: Metagross|Metagross|100/100
|switch|p2a: Colonel Muska|Salamence, M|100/100
|-ability|p2a: Colonel Muska|Intimidate|boost
|-fail|p1a: Metagross|unboost|[from] ability: Clear Body|[of] p1a: Metagross
|turn|1
|
|t:|1727979661
|switch|p1a: Suicune|Suicune|100/100
|move|p2a: Colonel Muska|Substitute|p2a: Colonel Muska
|-start|p2a: Colonel Muska|Substitute
|-damage|p2a: Colonel Muska|76/100
|
|-heal|p2a: Colonel Muska|82/100|[from] item: Leftovers
|upkeep
|turn|2
|
|t:|1727979669
|move|p2a: Colonel Muska|Earthquake|p1a: Suicune
|-damage|p1a: Suicune|73/100
|move|p1a: Suicune|Ice Beam|p2a: Colonel Muska
|-supereffective|p2a: Colonel Muska
|-end|p2a: Colonel Muska|Substitute
|
|-heal|p2a: Colonel Muska|88/100|[from] item: Leftovers
|-heal|p1a: Suicune|79/100|[from] item: Leftovers
|upkeep
|turn|3
|
|t:|1727979679
|switch|p2a: Captain Dola|Hariyama, F|100/100
|move|p1a: Suicune|Hydro Pump|p2a: Captain Dola
|-damage|p2a: Captain Dola|52/100
|
|-heal|p1a: Suicune|85/100|[from] item: Leftovers
|-heal|p2a: Captain Dola|58/100|[from] item: Leftovers
|upkeep
|turn|4
|
|t:|1727979706
|move|p1a: Suicune|Hydro Pump|p2a: Captain Dola
|-damage|p2a: Captain Dola|14/100
|move|p2a: Captain Dola|Knock Off|p1a: Suicune
|-damage|p1a: Suicune|83/100
|-enditem|p1a: Suicune|Leftovers|[from] move: Knock Off|[of] p2a: Captain Dola
|-hint|In Gens 3-4, Knock Off only makes the target's item unusable; it cannot obtain a new item.
|
|-heal|p2a: Captain Dola|20/100|[from] item: Leftovers
|upkeep
|turn|5
|
|t:|1727979714
|switch|p2a: Laputa|Starmie|100/100
|move|p1a: Suicune|Ice Beam|p2a: Laputa
|-resisted|p2a: Laputa
|-damage|p2a: Laputa|82/100
|
|-heal|p2a: Laputa|88/100|[from] item: Leftovers
|upkeep
|turn|6
|inactive|gorditoconbigote has 270 seconds left.
|c|☆gorditoconbigote|why does it have that name? 😭
|
|t:|1727979748
|switch|p1a: Snorlax|Snorlax, F|100/100
|move|p2a: Laputa|Thunder Wave|p1a: Snorlax
|-status|p1a: Snorlax|par
|
|-heal|p2a: Laputa|94/100|[from] item: Leftovers
|upkeep
|turn|7
|inactive|Halbert Simpson has 270 seconds left.
|
|t:|1727979795
|switch|p2a: Robot|Registeel|100/100
|move|p1a: Snorlax|Frustration|p2a: Robot
|-resisted|p2a: Robot
|-damage|p2a: Robot|85/100
|
|-heal|p2a: Robot|91/100|[from] item: Leftovers
|upkeep
|turn|8
|inactive|Halbert Simpson has 240 seconds left.
|
|t:|1727979821
|switch|p1a: Claydol|Claydol|100/100
|move|p2a: Robot|Earthquake|p1a: Claydol
|-immune|p1a: Claydol
|
|-heal|p2a: Robot|97/100|[from] item: Leftovers
|upkeep
|turn|9
|inactive|Halbert Simpson has 240 seconds left.
|inactive|gorditoconbigote has 270 seconds left.
|
|t:|1727979851
|switch|p1a: Snorlax|Snorlax, F|100/100 par
|switch|p2a: Pazu|Swampert, M|100/100
|
|upkeep
|turn|10
|
|t:|1727979858
|move|p1a: Snorlax|Frustration|p2a: Pazu
|-damage|p2a: Pazu|63/100
|move|p2a: Pazu|Roar|p1a: Snorlax
|drag|p1a: Salamence|Salamence, M|100/100
|-ability|p1a: Salamence|Intimidate|boost
|-unboost|p2a: Pazu|atk|1
|
|-heal|p2a: Pazu|69/100|[from] item: Leftovers
|upkeep
|turn|11
|
|t:|1727979864
|switch|p1a: Snorlax|Snorlax, F|100/100 par
|move|p2a: Pazu|Toxic||[still]
|-fail|p2a: Pazu
|
|-heal|p2a: Pazu|76/100|[from] item: Leftovers
|upkeep
|turn|12
|inactive|gorditoconbigote has 270 seconds left.
|
|t:|1727979873
|move|p2a: Pazu|Protect|p2a: Pazu
|-singleturn|p2a: Pazu|Protect
|move|p1a: Snorlax|Curse|p1a: Snorlax
|-unboost|p1a: Snorlax|spe|1
|-boost|p1a: Snorlax|atk|1
|-boost|p1a: Snorlax|def|1
|
|-heal|p2a: Pazu|82/100|[from] item: Leftovers
|upkeep
|turn|13
|
|t:|1727979877
|-singleturn|p1a: Snorlax|move: Focus Punch
|switch|p2a: Robot|Registeel|97/100
|move|p1a: Snorlax|Focus Punch|p2a: Robot
|-supereffective|p2a: Robot
|-damage|p2a: Robot|0 fnt
|faint|p2a: Robot
|
|t:|1727979885
|switch|p2a: Captain Dola|Hariyama, F|20/100
|
|-heal|p2a: Captain Dola|27/100|[from] item: Leftovers
|upkeep
|turn|14
|
|t:|1727979907
|switch|p1a: Suicune|Suicune|83/100
|move|p2a: Captain Dola|Knock Off|p1a: Suicune
|-damage|p1a: Suicune|81/100
|
|-heal|p2a: Captain Dola|33/100|[from] item: Leftovers
|upkeep
|turn|15
|
|t:|1727979918
|switch|p2a: Sheeta|Roselia, F|100/100
|move|p1a: Suicune|Calm Mind|p1a: Suicune
|-boost|p1a: Suicune|spa|1
|-boost|p1a: Suicune|spd|1
|
|upkeep
|turn|16
|inactive|Halbert Simpson has 270 seconds left.
|
|t:|1727979937
|move|p1a: Suicune|Ice Beam|p2a: Sheeta
|-supereffective|p2a: Sheeta
|-damage|p2a: Sheeta|24/100
|move|p2a: Sheeta|Spikes|p1a: Suicune
|-sidestart|p1: gorditoconbigote|Spikes
|
|-heal|p2a: Sheeta|30/100|[from] item: Leftovers
|upkeep
|turn|17
|
|t:|1727979950
|switch|p2a: Laputa|Starmie|94/100
|move|p1a: Suicune|Ice Beam|p2a: Laputa
|-resisted|p2a: Laputa
|-damage|p2a: Laputa|71/100
|
|-heal|p2a: Laputa|77/100|[from] item: Leftovers
|upkeep
|turn|18
|
|t:|1727979961
|switch|p1a: Snorlax|Snorlax, F|100/100 par
|-damage|p1a: Snorlax|88/100 par|[from] Spikes
|move|p2a: Laputa|Thunder Wave|p1a: Snorlax
|-fail|p1a: Snorlax|par
|
|-heal|p2a: Laputa|83/100|[from] item: Leftovers
|-heal|p1a: Snorlax|94/100 par|[from] item: Leftovers
|upkeep
|turn|19
|
|t:|1727979966
|switch|p2a: Captain Dola|Hariyama, F|33/100
|move|p1a: Snorlax|Frustration|p2a: Captain Dola
|-damage|p2a: Captain Dola|0 fnt
|faint|p2a: Captain Dola
|
|t:|1727979969
|switch|p2a: Colonel Muska|Salamence, M|88/100
|-ability|p2a: Colonel Muska|Intimidate|boost
|-unboost|p1a: Snorlax|atk|1
|
|-heal|p2a: Colonel Muska|94/100|[from] item: Leftovers
|-heal|p1a: Snorlax|100/100 par|[from] item: Leftovers
|upkeep
|turn|20
|
|t:|1727979980
|switch|p1a: Salamence|Salamence, M|100/100
|-ability|p1a: Salamence|Intimidate|boost
|-unboost|p2a: Colonel Muska|atk|1
|move|p2a: Colonel Muska|Substitute|p2a: Colonel Muska
|-start|p2a: Colonel Muska|Substitute
|-damage|p2a: Colonel Muska|69/100
|
|-heal|p2a: Colonel Muska|75/100|[from] item: Leftovers
|upkeep
|turn|21
|
|t:|1727979985
|move|p2a: Colonel Muska|Wish|p2a: Colonel Muska
|move|p1a: Salamence|Rock Slide|p2a: Colonel Muska
|-supereffective|p2a: Colonel Muska
|-end|p2a: Colonel Muska|Substitute
|
|-heal|p2a: Colonel Muska|81/100|[from] item: Leftovers
|upkeep
|turn|22
|
|t:|1727979994
|switch|p2a: Pazu|Swampert, M|82/100
|move|p1a: Salamence|Hidden Power|p2a: Pazu
|-damage|p2a: Pazu|50/100
|
|-heal|p2a: Pazu|99/100|[from] move: Wish|[wisher] Colonel Muska
|-heal|p2a: Pazu|100/100|[from] item: Leftovers
|upkeep
|turn|23
|
|t:|1727980003
|switch|p1a: Snorlax|Snorlax, F|100/100 par
|-damage|p1a: Snorlax|88/100 par|[from] Spikes
|move|p2a: Pazu|Roar|p1a: Snorlax
|drag|p1a: Suicune|Suicune|81/100
|-damage|p1a: Suicune|69/100|[from] Spikes
|
|upkeep
|turn|24
|
|t:|1727980013
|move|p1a: Suicune|Calm Mind|p1a: Suicune
|-boost|p1a: Suicune|spa|1
|-boost|p1a: Suicune|spd|1
|move|p2a: Pazu|Toxic|p1a: Suicune
|-status|p1a: Suicune|tox
|
|-damage|p1a: Suicune|63/100 tox|[from] psn
|upkeep
|turn|25
|
|t:|1727980016
|move|p1a: Suicune|Hidden Power|p2a: Pazu
|-supereffective|p2a: Pazu
|-damage|p2a: Pazu|0 fnt
|faint|p2a: Pazu
|
|t:|1727980029
|switch|p2a: Colonel Muska|Salamence, M|81/100
|-ability|p2a: Colonel Muska|Intimidate|boost
|-unboost|p1a: Suicune|atk|1
|
|-heal|p2a: Colonel Muska|87/100|[from] item: Leftovers
|-damage|p1a: Suicune|51/100 tox|[from] psn
|upkeep
|turn|26
|
|t:|1727980035
|switch|p1a: Salamence|Salamence, M|100/100
|-ability|p1a: Salamence|Intimidate|boost
|-unboost|p2a: Colonel Muska|atk|1
|move|p2a: Colonel Muska|Substitute|p2a: Colonel Muska
|-start|p2a: Colonel Muska|Substitute
|-damage|p2a: Colonel Muska|62/100
|
|-heal|p2a: Colonel Muska|68/100|[from] item: Leftovers
|upkeep
|turn|27
|
|t:|1727980039
|move|p2a: Colonel Muska|Wish|p2a: Colonel Muska
|move|p1a: Salamence|Dragon Dance|p1a: Salamence
|-boost|p1a: Salamence|atk|1
|-boost|p1a: Salamence|spe|1
|
|-heal|p2a: Colonel Muska|75/100|[from] item: Leftovers
|upkeep
|turn|28
|
|t:|1727980044
|move|p1a: Salamence|Rock Slide|p2a: Colonel Muska
|-supereffective|p2a: Colonel Muska
|-end|p2a: Colonel Muska|Substitute
|move|p2a: Colonel Muska|Flamethrower|p1a: Salamence
|-resisted|p1a: Salamence
|-damage|p1a: Salamence|87/100
|
|-heal|p2a: Colonel Muska|100/100|[from] move: Wish|[wisher] Colonel Muska
|-heal|p1a: Salamence|93/100|[from] item: Leftovers
|upkeep
|turn|29
|
|t:|1727980053
|switch|p2a: Sheeta|Roselia, F|30/100
|move|p1a: Salamence|Rock Slide|p2a: Sheeta
|-damage|p2a: Sheeta|0 fnt
|faint|p2a: Sheeta
|
|t:|1727980055
|switch|p2a: Colonel Muska|Salamence, M|100/100
|-ability|p2a: Colonel Muska|Intimidate|boost
|-unboost|p1a: Salamence|atk|1
|
|-heal|p1a: Salamence|99/100|[from] item: Leftovers
|upkeep
|turn|30
|
|t:|1727980060
|move|p1a: Salamence|Rock Slide|p2a: Colonel Muska
|-supereffective|p2a: Colonel Muska
|-damage|p2a: Colonel Muska|22/100
|move|p2a: Colonel Muska|Flamethrower|p1a: Salamence
|-resisted|p1a: Salamence
|-damage|p1a: Salamence|85/100
|
|-heal|p1a: Salamence|91/100|[from] item: Leftovers
|-heal|p2a: Colonel Muska|28/100|[from] item: Leftovers
|upkeep
|turn|31
|
|t:|1727980066
|move|p1a: Salamence|Hidden Power|p2a: Colonel Muska
|-damage|p2a: Colonel Muska|0 fnt
|faint|p2a: Colonel Muska
|
|t:|1727980068
|switch|p2a: Laputa|Starmie|83/100
|
|-heal|p1a: Salamence|97/100|[from] item: Leftovers
|-heal|p2a: Laputa|89/100|[from] item: Leftovers
|upkeep
|turn|32
|
|t:|1727980074
|move|p1a: Salamence|Hidden Power|p2a: Laputa
|-damage|p2a: Laputa|47/100
|move|p2a: Laputa|Thunder Wave|p1a: Salamence
|-status|p1a: Salamence|par
|
|-heal|p2a: Laputa|53/100|[from] item: Leftovers
|-heal|p1a: Salamence|100/100 par|[from] item: Leftovers
|upkeep
|turn|33
|
|t:|1727980081
|switch|p1a: Claydol|Claydol|100/100
|move|p2a: Laputa|Recover|p2a: Laputa
|-heal|p2a: Laputa|100/100
|
|upkeep
|turn|34
|
|t:|1727980085
|move|p2a: Laputa|Surf|p1a: Claydol
|-supereffective|p1a: Claydol
|-damage|p1a: Claydol|34/100
|move|p1a: Claydol|Rock Slide|p2a: Laputa
|-damage|p2a: Laputa|81/100
|
|-heal|p2a: Laputa|87/100|[from] item: Leftovers
|-heal|p1a: Claydol|40/100|[from] item: Leftovers
|upkeep
|turn|35
|
|t:|1727980093
|move|p2a: Laputa|Surf|p1a: Claydol
|-supereffective|p1a: Claydol
|-damage|p1a: Claydol|0 fnt
|faint|p1a: Claydol
|
|t:|1727980097
|switch|p1a: Metagross|Metagross|100/100
|-damage|p1a: Metagross|88/100|[from] Spikes
|
|-heal|p2a: Laputa|93/100|[from] item: Leftovers
|upkeep
|turn|36
|
|t:|1727980100
|move|p2a: Laputa|Thunder Wave|p1a: Metagross
|-status|p1a: Metagross|par
|cant|p1a: Metagross|par
|
|-heal|p2a: Laputa|99/100|[from] item: Leftovers
|upkeep
|turn|37
|
|t:|1727980106
|move|p2a: Laputa|Surf|p1a: Metagross
|-damage|p1a: Metagross|51/100 par
|move|p1a: Metagross|Explosion|p2a: Laputa
|-damage|p2a: Laputa|0 fnt
|faint|p1a: Metagross
|faint|p2a: Laputa
|
|win|gorditoconbigote
|c|☆gorditoconbigote|GG
|c|☆Halbert Simpson|gg
|c|☆gorditoconbigote|sorry gg*

</script>
<script type="application/json" class="data" id="replaydata-smogtours-gen3ou-794298">
{"id":"smogtours-gen3ou-794298","format":"[Gen 3] OU","players":["gorditoconbigote","Halbert Simpson"],"uploadtime":1727980106,"views":128,"formatid":"gen3ou","rating":null,"private":0,"password":null}
</script>

<script defer src="js/replays.js?9d40a366"></script>
