<!DOCTYPE html>
<meta charset="utf-8" />
<meta name="viewport" content="width=device-width" />

<title>[Gen 3] OU: Redrame vs. Count Sliggoo II - Replays - Pok&eacute;mon Showdown!</title>

<meta name="description" content="Watch a replay of a Pok&eacute;mon battle between Redrame and Count Sliggoo II! Format: [Gen 3] OU; Date: Oct 21, 2024" />
<!--

Hey, you! Looking in the source for the replay log?

You can find them in JSON format, just add `.json` at the end of a replay URL.

https://replay.pokemonshowdown.com/gen7randomdoublesbattle-865046831.json

Or, if you only need the log itself, add `.log` instead:

https://replay.pokemonshowdown.com/gen7randomdoublesbattle-865046831.log

-->

<link rel="stylesheet" href="//pokemonshowdown.com/style/global.css?0.023195364461161105" />
<link rel="stylesheet" href="//play.pokemonshowdown.com/style/font-awesome.css?0.13261647063804238" />
<link rel="stylesheet" href="//play.pokemonshowdown.com/style/battle.css?0.8753245789963631" />
<link rel="stylesheet" href="//play.pokemonshowdown.com/style/utilichart.css?0.8627959624976733" />

<!-- Global site tag (gtag.js) - Google Analytics -->
<script async src="https://www.googletagmanager.com/gtag/js?id=UA-26211653-1"></script>
<script>
  window.dataLayer = window.dataLayer || [];
  function gtag(){dataLayer.push(arguments);}
  gtag('js', new Date());

  gtag('config', 'UA-26211653-1');
</script>
<!-- End Google Analytics -->
<!-- Venatus Ad Manager - Install in <HEAD> of page -->
	<script src="https://hb.vntsm.com/v3/live/ad-manager.min.js" type="text/javascript" data-site-id="642aba63ec9a7b11c3c9c1be" data-mode="scan" async></script>
<!-- / Venatus Ad Manager -->

<style>
	@media (max-width:820px) {
		.battle {
			margin: 0 auto;
		}
		.battle-log {
			margin: 7px auto 0;
			max-width: 640px;
			height: 300px;
			position: static;
		}
	}
	.optgroup {
		display: inline-block;
		line-height: 22px;
		font-size: 10pt;
	}
	.optgroup .button {
		height: 25px;
		padding-top: 0;
		padding-bottom: 0;
	}
	.optgroup button.button {
		padding-left: 12px;
		padding-right: 12px;
	}
	.linklist {
		list-style: none;
		margin: 0.5em 0;
		padding: 0;
	}
	.linklist li {
		padding: 2px 0;
	}
	.sidebar {
		float: left;
		width: 320px;
	}
	.bar-wrapper {
		max-width: 1100px;
		margin: 0 auto;
	}
	.bar-wrapper.has-sidebar {
		max-width: 1430px;
	}
	.mainbar {
		margin: 0;
		padding-right: 1px;
	}
	.mainbar.has-sidebar {
		margin-left: 330px;
	}
	@media (min-width: 1511px) {
		.sidebar {
			width: 400px;
		}
		.bar-wrapper.has-sidebar {
			max-width: 1510px;
		}
		.mainbar.has-sidebar {
			margin-left: 410px;
		}
	}
	.section.first-section {
		margin-top: 9px;
	}
	.blocklink small {
		white-space: normal;
	}
	.button {
		vertical-align: middle;
	}
	.replay-controls {
		padding-top: 10px;
	}
	.replay-controls h1 {
		font-size: 16pt;
		font-weight: normal;
		color: #CCC;
	}
	.pagelink {
		text-align: center;
	}
	.pagelink a {
		width: 150px;
	}
	.textbox, .button {
		font-size: 11pt;
		vertical-align: middle;
	}
	@media (max-width: 450px) {
		.button {
			font-size: 9pt;
		}
	}
</style>

<div>

	<header>
		<div class="nav-wrapper"><ul class="nav">
			<li><a class="button nav-first" href="//pokemonshowdown.com/"><img src="//pokemonshowdown.com/images/pokemonshowdownbeta.png" srcset="//pokemonshowdown.com/images/pokemonshowdownbeta.png 1x, //pokemonshowdown.com/images/pokemonshowdownbeta@2x.png 2x" alt="Pok&eacute;mon Showdown" width="146" height="44" /> Home</a></li>
			<li><a class="button" href="//pokemonshowdown.com/dex/">Pok&eacute;dex</a></li>
			<li><a class="button cur" href="/">Replays</a></li>
			<li><a class="button" href="//pokemonshowdown.com/ladder/">Ladder</a></li>
			<li><a class="button nav-last" href="//pokemonshowdown.com/forums/">Forum</a></li>
			<li><a class="button greenbutton nav-first nav-last" href="//play.pokemonshowdown.com/">Play</a></li>
		</ul></div>
	</header>

	<div class="main" id="main">

		<noscript><section class="section">You need to enable JavaScript to use this page; sorry!</section></noscript>

	</div>

</div>

<script defer nomodule src="//play.pokemonshowdown.com/js/lib/ps-polyfill.js"></script>
<script defer src="//play.pokemonshowdown.com/js/lib/preact.min.js"></script>

<script defer src="//play.pokemonshowdown.com/config/config.js?2bddbc15"></script>
<script defer src="//play.pokemonshowdown.com/js/lib/jquery-1.11.0.min.js"></script>
<script defer src="//play.pokemonshowdown.com/js/lib/html-sanitizer-minified.js"></script>
<script defer src="//play.pokemonshowdown.com/js/battle-sound.js"></script>
<script defer src="//play.pokemonshowdown.com/js/battledata.js?0.7209276989879541"></script>
<script defer src="//play.pokemonshowdown.com/data/pokedex-mini.js?0.6111056340867951"></script>
<script defer src="//play.pokemonshowdown.com/data/pokedex-mini-bw.js?0.3532142036491459"></script>
<script defer src="//play.pokemonshowdown.com/data/graphics.js?0.24223875632456182"></script>
<script defer src="//play.pokemonshowdown.com/data/pokedex.js?0.38839984266356864"></script>
<script defer src="//play.pokemonshowdown.com/data/moves.js?0.21866028504024015"></script>
<script defer src="//play.pokemonshowdown.com/data/abilities.js?0.2005157953846628"></script>
<script defer src="//play.pokemonshowdown.com/data/items.js?0.9894211263848525"></script>
<script defer src="//play.pokemonshowdown.com/data/teambuilder-tables.js?0.6008791140282215"></script>
<script defer src="//play.pokemonshowdown.com/js/battle-tooltips.js?0.7580118955022959"></script>
<script defer src="//play.pokemonshowdown.com/js/battle.js?0.6057722274234274"></script>

<script defer src="js/utils.js?e31f9a17"></script>
<script defer src="js/replays-battle.js?7008c182"></script>

<!-- don't scrape this data! just add .json or .log after the URL!
Full API docs: https://github.com/smogon/pokemon-showdown-client/blob/master/WEB-API.md -->
<script type="text/plain" class="log" id="replaylog-smogtours-gen3ou-801152">
|inactive|Battle timer is ON: inactive players will automatically lose when time's up.
|t:|1729553586
|gametype|singles
|player|p1|Redrame|170|
|player|p2|Count Sliggoo II|ruinmaniac-gen3rs|
|teamsize|p1|6
|teamsize|p2|6
|gen|3
|tier|[Gen 3] OU
|rule|Sleep Clause Mod: Limit one foe put to sleep
|rule|Switch Priority Clause Mod: Faster Pokémon switch first
|rule|Species Clause: Limit one of each Pokémon
|rule|OHKO Clause: OHKO moves are banned
|rule|Evasion Items Clause: Evasion items are banned
|rule|Evasion Moves Clause: Evasion moves are banned
|rule|Endless Battle Clause: Forcing endless battles is banned
|rule|HP Percentage Mod: HP is shown in percentages
|rule|One Boost Passer Clause: Limit one Baton Passer that has a way to boost its stats
|rule|Freeze Clause Mod: Limit one foe frozen
|
|t:|1729553586
|start
|switch|p1a: Slaking|Slaking, M|100/100
|switch|p2a: Boltbeak|Zapdos|100/100
|turn|1
|
|t:|1729553601
|move|p2a: Boltbeak|Protect|p2a: Boltbeak
|-singleturn|p2a: Boltbeak|Protect
|move|p1a: Slaking|Earthquake|p2a: Boltbeak
|-activate|p2a: Boltbeak|Protect
|
|upkeep
|turn|2
|
|t:|1729553609
|switch|p1a: Celebi|Celebi|100/100
|move|p2a: Boltbeak|Thunderbolt|p1a: Celebi
|-resisted|p1a: Celebi
|-damage|p1a: Celebi|84/100
|
|-heal|p1a: Celebi|90/100|[from] item: Leftovers
|upkeep
|turn|3
|
|t:|1729553617
|switch|p2a: Despot|Tyranitar, M, shiny|100/100
|-weather|Sandstorm|[from] ability: Sand Stream|[of] p2a: Despot
|move|p1a: Celebi|Leech Seed|p2a: Despot
|-start|p2a: Despot|move: Leech Seed
|
|-weather|Sandstorm|[upkeep]
|-damage|p1a: Celebi|84/100|[from] Sandstorm
|-damage|p2a: Despot|88/100|[from] Leech Seed|[of] p1a: Celebi
|-heal|p1a: Celebi|94/100|[silent]
|-heal|p1a: Celebi|99/100|[from] item: Leftovers
|upkeep
|turn|4
|
|t:|1729553628
|move|p2a: Despot|Hidden Power|p1a: Celebi
|-supereffective|p1a: Celebi
|-damage|p1a: Celebi|0 fnt
|faint|p1a: Celebi
|inactive|Redrame has 270 seconds left.
|
|t:|1729553653
|switch|p1a: Slaking|Slaking, M|100/100
|
|-weather|Sandstorm|[upkeep]
|-damage|p1a: Slaking|94/100|[from] Sandstorm
|-damage|p2a: Despot|76/100|[from] Leech Seed|[of] p1a: Slaking
|-heal|p1a: Slaking|100/100|[silent]
|upkeep
|turn|5
|inactive|Redrame has 270 seconds left.
|
|t:|1729553665
|-singleturn|p1a: Slaking|move: Focus Punch
|switch|p2a: Draco|Salamence, F|100/100
|-ability|p2a: Draco|Intimidate|boost
|-unboost|p1a: Slaking|atk|1
|move|p1a: Slaking|Focus Punch|p2a: Draco
|-resisted|p2a: Draco
|-damage|p2a: Draco|62/100
|
|-weather|Sandstorm|[upkeep]
|-damage|p1a: Slaking|94/100|[from] Sandstorm
|-damage|p2a: Draco|55/100|[from] Sandstorm
|-heal|p2a: Draco|62/100|[from] item: Leftovers
|upkeep
|turn|6
|inactive|Redrame has 270 seconds left.
|
|t:|1729553683
|switch|p1a: Metagross|Metagross|100/100
|move|p2a: Draco|Fire Blast|p1a: Metagross
|-supereffective|p1a: Metagross
|-damage|p1a: Metagross|10/100
|
|-weather|Sandstorm|[upkeep]
|-damage|p2a: Draco|55/100|[from] Sandstorm
|-heal|p2a: Draco|62/100|[from] item: Leftovers
|-heal|p1a: Metagross|16/100|[from] item: Leftovers
|upkeep
|turn|7
|inactive|Redrame has 270 seconds left.
|
|t:|1729553703
|move|p1a: Metagross|Protect|p1a: Metagross
|-singleturn|p1a: Metagross|Protect
|move|p2a: Draco|Dragon Claw|p1a: Metagross
|-activate|p1a: Metagross|Protect
|
|-weather|Sandstorm|[upkeep]
|-damage|p2a: Draco|55/100|[from] Sandstorm
|-heal|p2a: Draco|62/100|[from] item: Leftovers
|-heal|p1a: Metagross|22/100|[from] item: Leftovers
|upkeep
|turn|8
|
|t:|1729553721
|switch|p1a: Slaking|Slaking, M|94/100
|move|p2a: Draco|Fire Blast|p1a: Slaking
|-damage|p1a: Slaking|53/100
|
|-weather|Sandstorm|[upkeep]
|-damage|p1a: Slaking|47/100|[from] Sandstorm
|-damage|p2a: Draco|55/100|[from] Sandstorm
|-heal|p2a: Draco|62/100|[from] item: Leftovers
|upkeep
|turn|9
|
|t:|1729553733
|switch|p2a: Deadbolt|Magneton|100/100
|move|p1a: Slaking|Double-Edge|p2a: Deadbolt
|-resisted|p2a: Deadbolt
|-damage|p2a: Deadbolt|21/100
|-damage|p1a: Slaking|32/100|[from] Recoil|[of] p2a: Deadbolt
|
|-weather|Sandstorm|[upkeep]
|-damage|p1a: Slaking|26/100|[from] Sandstorm
|upkeep
|turn|10
|
|t:|1729553744
|switch|p1a: Magneton|Magneton|100/100
|move|p2a: Deadbolt|Toxic|p1a: Magneton
|-immune|p1a: Magneton
|
|-weather|Sandstorm|[upkeep]
|upkeep
|turn|11
|
|t:|1729553750
|move|p2a: Deadbolt|Hidden Power|p1a: Magneton
|-supereffective|p1a: Magneton
|-damage|p1a: Magneton|0 fnt
|faint|p1a: Magneton
|
|t:|1729553759
|switch|p1a: Salamence|Salamence, F|100/100
|-ability|p1a: Salamence|Intimidate|boost
|-unboost|p2a: Deadbolt|atk|1
|
|-weather|Sandstorm|[upkeep]
|-damage|p1a: Salamence|94/100|[from] Sandstorm
|-heal|p1a: Salamence|100/100|[from] item: Leftovers
|upkeep
|turn|12
|
|t:|1729553768
|move|p1a: Salamence|Rock Slide|p2a: Deadbolt
|-resisted|p2a: Deadbolt
|-damage|p2a: Deadbolt|0 fnt
|faint|p2a: Deadbolt
|
|t:|1729553772
|switch|p2a: Boltbeak|Zapdos|100/100
|
|-weather|Sandstorm|[upkeep]
|-damage|p2a: Boltbeak|94/100|[from] Sandstorm
|-damage|p1a: Salamence|94/100|[from] Sandstorm
|-heal|p2a: Boltbeak|100/100|[from] item: Leftovers
|-heal|p1a: Salamence|100/100|[from] item: Leftovers
|upkeep
|turn|13
|
|t:|1729553780
|switch|p1a: Swampert|Swampert, M|100/100
|move|p2a: Boltbeak|Hidden Power|p1a: Swampert
|-damage|p1a: Swampert|79/100
|
|-weather|Sandstorm|[upkeep]
|-damage|p2a: Boltbeak|94/100|[from] Sandstorm
|-heal|p2a: Boltbeak|100/100|[from] item: Leftovers
|-heal|p1a: Swampert|85/100|[from] item: Leftovers
|upkeep
|turn|14
|inactive|Redrame has 270 seconds left.
|
|t:|1729553799
|switch|p2a: Unfazed|Snorlax, M, shiny|100/100
|move|p1a: Swampert|Earthquake|p2a: Unfazed
|-damage|p2a: Unfazed|69/100
|
|-weather|Sandstorm|[upkeep]
|-damage|p2a: Unfazed|63/100|[from] Sandstorm
|-heal|p1a: Swampert|91/100|[from] item: Leftovers
|-heal|p2a: Unfazed|69/100|[from] item: Leftovers
|upkeep
|turn|15
|inactive|Redrame has 270 seconds left.
|
|t:|1729553822
|switch|p1a: Metagross|Metagross|22/100
|move|p2a: Unfazed|Body Slam|p1a: Metagross
|-resisted|p1a: Metagross
|-damage|p1a: Metagross|7/100
|-status|p1a: Metagross|par
|
|-weather|Sandstorm|[upkeep]
|-damage|p2a: Unfazed|63/100|[from] Sandstorm
|-heal|p2a: Unfazed|69/100|[from] item: Leftovers
|-heal|p1a: Metagross|13/100 par|[from] item: Leftovers
|upkeep
|turn|16
|
|t:|1729553839
|move|p2a: Unfazed|Earthquake|p1a: Metagross
|-supereffective|p1a: Metagross
|-damage|p1a: Metagross|0 fnt
|faint|p1a: Metagross
|
|t:|1729553849
|switch|p1a: Slaking|Slaking, M|26/100
|
|-weather|Sandstorm|[upkeep]
|-damage|p1a: Slaking|20/100|[from] Sandstorm
|-damage|p2a: Unfazed|63/100|[from] Sandstorm
|-heal|p2a: Unfazed|69/100|[from] item: Leftovers
|upkeep
|turn|17
|
|t:|1729553861
|move|p1a: Slaking|Double-Edge|p2a: Unfazed
|-damage|p2a: Unfazed|0 fnt
|-damage|p1a: Slaking|0 fnt|[from] Recoil|[of] p2a: Unfazed
|faint|p2a: Unfazed
|faint|p1a: Slaking
|
|t:|1729553871
|switch|p1a: Salamence|Salamence, F|100/100
|switch|p2a: Draco|Salamence, F|62/100
|-ability|p2a: Draco|Intimidate|boost
|-unboost|p1a: Salamence|atk|1
|-ability|p1a: Salamence|Intimidate|boost
|-unboost|p2a: Draco|atk|1
|
|-weather|Sandstorm|[upkeep]
|-damage|p2a: Draco|55/100|[from] Sandstorm
|-damage|p1a: Salamence|94/100|[from] Sandstorm
|-heal|p1a: Salamence|100/100|[from] item: Leftovers
|-heal|p2a: Draco|62/100|[from] item: Leftovers
|upkeep
|turn|18
|
|t:|1729553886
|switch|p2a: Gigaton|Metagross, shiny|100/100
|move|p1a: Salamence|Rock Slide|p2a: Gigaton
|-resisted|p2a: Gigaton
|-damage|p2a: Gigaton|93/100
|
|-weather|Sandstorm|[upkeep]
|-damage|p1a: Salamence|94/100|[from] Sandstorm
|-heal|p1a: Salamence|100/100|[from] item: Leftovers
|-heal|p2a: Gigaton|99/100|[from] item: Leftovers
|upkeep
|turn|19
|
|t:|1729553900
|switch|p1a: Swampert|Swampert, M|91/100
|move|p2a: Gigaton|Rock Slide|p1a: Swampert
|-resisted|p1a: Swampert
|-damage|p1a: Swampert|82/100
|
|-weather|Sandstorm|[upkeep]
|-heal|p2a: Gigaton|100/100|[from] item: Leftovers
|-heal|p1a: Swampert|88/100|[from] item: Leftovers
|upkeep
|turn|20
|
|t:|1729553912
|switch|p2a: Draco|Salamence, F|62/100
|-ability|p2a: Draco|Intimidate|boost
|-unboost|p1a: Swampert|atk|1
|move|p1a: Swampert|Protect||[still]
|-fail|p1a: Swampert
|
|-weather|Sandstorm|[upkeep]
|-damage|p2a: Draco|55/100|[from] Sandstorm
|-heal|p2a: Draco|62/100|[from] item: Leftovers
|-heal|p1a: Swampert|95/100|[from] item: Leftovers
|upkeep
|turn|21
|
|t:|1729553922
|move|p1a: Swampert|Protect|p1a: Swampert
|-singleturn|p1a: Swampert|Protect
|move|p2a: Draco|Hidden Power|p1a: Swampert
|-activate|p1a: Swampert|Protect
|
|-weather|Sandstorm|[upkeep]
|-damage|p2a: Draco|55/100|[from] Sandstorm
|-heal|p2a: Draco|62/100|[from] item: Leftovers
|-heal|p1a: Swampert|100/100|[from] item: Leftovers
|upkeep
|turn|22
|
|t:|1729553931
|move|p2a: Draco|Hidden Power|p1a: Swampert
|-supereffective|p1a: Swampert
|-damage|p1a: Swampert|16/100
|move|p1a: Swampert|Ice Beam|p2a: Draco
|-supereffective|p2a: Draco
|-damage|p2a: Draco|0 fnt
|faint|p2a: Draco
|
|t:|1729553956
|switch|p2a: Gigaton|Metagross, shiny|100/100
|
|-weather|Sandstorm|[upkeep]
|-heal|p1a: Swampert|22/100|[from] item: Leftovers
|upkeep
|turn|23
|
|t:|1729553961
|move|p1a: Swampert|Protect|p1a: Swampert
|-singleturn|p1a: Swampert|Protect
|move|p2a: Gigaton|Earthquake|p1a: Swampert
|-activate|p1a: Swampert|Protect
|
|-weather|Sandstorm|[upkeep]
|-heal|p1a: Swampert|28/100|[from] item: Leftovers
|upkeep
|turn|24
|
|t:|1729553972
|switch|p1a: Salamence|Salamence, F|100/100
|-ability|p1a: Salamence|Intimidate|boost
|-fail|p2a: Gigaton|unboost|[from] ability: Clear Body|[of] p2a: Gigaton
|move|p2a: Gigaton|Earthquake|p1a: Salamence
|-immune|p1a: Salamence
|
|-weather|Sandstorm|[upkeep]
|-damage|p1a: Salamence|94/100|[from] Sandstorm
|-heal|p1a: Salamence|100/100|[from] item: Leftovers
|upkeep
|turn|25
|inactive|Redrame has 270 seconds left.
|
|t:|1729553998
|move|p1a: Salamence|Dragon Dance|p1a: Salamence
|-boost|p1a: Salamence|atk|1
|-boost|p1a: Salamence|spe|1
|move|p2a: Gigaton|Agility|p2a: Gigaton
|-boost|p2a: Gigaton|spe|2
|
|-weather|Sandstorm|[upkeep]
|-damage|p1a: Salamence|94/100|[from] Sandstorm
|-heal|p1a: Salamence|100/100|[from] item: Leftovers
|upkeep
|turn|26
|inactive|Redrame has 270 seconds left.
|
|t:|1729554007
|move|p1a: Salamence|Earthquake|p2a: Gigaton
|-supereffective|p2a: Gigaton
|-damage|p2a: Gigaton|6/100
|move|p2a: Gigaton|Rock Slide|p1a: Salamence
|-supereffective|p1a: Salamence
|-damage|p1a: Salamence|30/100
|
|-weather|Sandstorm|[upkeep]
|-damage|p1a: Salamence|24/100|[from] Sandstorm
|-heal|p1a: Salamence|30/100|[from] item: Leftovers
|-heal|p2a: Gigaton|12/100|[from] item: Leftovers
|upkeep
|turn|27
|inactive|Redrame has 270 seconds left.
|
|t:|1729554021
|move|p1a: Salamence|Earthquake|p2a: Gigaton
|-supereffective|p2a: Gigaton
|-damage|p2a: Gigaton|0 fnt
|faint|p2a: Gigaton
|inactive|Count Sliggoo II has 270 seconds left.
|
|t:|1729554055
|switch|p2a: Boltbeak|Zapdos|100/100
|
|-weather|Sandstorm|[upkeep]
|-damage|p1a: Salamence|24/100|[from] Sandstorm
|-damage|p2a: Boltbeak|94/100|[from] Sandstorm
|-heal|p1a: Salamence|30/100|[from] item: Leftovers
|-heal|p2a: Boltbeak|100/100|[from] item: Leftovers
|upkeep
|turn|28
|
|t:|1729554065
|move|p1a: Salamence|Rock Slide|p2a: Boltbeak
|-supereffective|p2a: Boltbeak
|-damage|p2a: Boltbeak|0 fnt
|faint|p2a: Boltbeak
|
|t:|1729554067
|switch|p2a: Despot|Tyranitar, M, shiny|76/100
|
|-weather|Sandstorm|[upkeep]
|-damage|p1a: Salamence|24/100|[from] Sandstorm
|-heal|p1a: Salamence|30/100|[from] item: Leftovers
|upkeep
|turn|29
|
|t:|1729554074
|move|p1a: Salamence|Earthquake|p2a: Despot
|-supereffective|p2a: Despot
|-damage|p2a: Despot|0 fnt
|faint|p2a: Despot
|
|win|Redrame
|c|☆Count Sliggoo II|Gg.
|c|☆Redrame|gg

</script>
<script type="application/json" class="data" id="replaydata-smogtours-gen3ou-801152">
{"id":"smogtours-gen3ou-801152","format":"[Gen 3] OU","players":["Redrame","Count Sliggoo II"],"uploadtime":1729554074,"views":69,"formatid":"gen3ou","rating":null,"private":0,"password":null}
</script>

<script defer src="js/replays.js?9d40a366"></script>
