<!DOCTYPE html>
<meta charset="utf-8" />
<meta name="viewport" content="width=device-width" />

<title>[Gen 3] OU: Skarpherim© vs. Genexys - Replays - Pok&eacute;mon Showdown!</title>

<meta name="description" content="Watch a replay of a Pok&eacute;mon battle between Skarpherim© and Genexys! Format: [Gen 3] OU; Date: Nov 14, 2024" />
<!--

Hey, you! Looking in the source for the replay log?

You can find them in JSON format, just add `.json` at the end of a replay URL.

https://replay.pokemonshowdown.com/gen7randomdoublesbattle-865046831.json

Or, if you only need the log itself, add `.log` instead:

https://replay.pokemonshowdown.com/gen7randomdoublesbattle-865046831.log

-->

<link rel="stylesheet" href="//pokemonshowdown.com/style/global.css?0.767286132409787" />
<link rel="stylesheet" href="//play.pokemonshowdown.com/style/font-awesome.css?0.9266228007934947" />
<link rel="stylesheet" href="//play.pokemonshowdown.com/style/battle.css?0.7924700842790926" />
<link rel="stylesheet" href="//play.pokemonshowdown.com/style/utilichart.css?0.8777417872839479" />

<!-- Global site tag (gtag.js) - Google Analytics -->
<script async src="https://www.googletagmanager.com/gtag/js?id=UA-26211653-1"></script>
<script>
  window.dataLayer = window.dataLayer || [];
  function gtag(){dataLayer.push(arguments);}
  gtag('js', new Date());

  gtag('config', 'UA-26211653-1');
</script>
<!-- End Google Analytics -->
<!-- Venatus Ad Manager - Install in <HEAD> of page -->
	<script src="https://hb.vntsm.com/v3/live/ad-manager.min.js" type="text/javascript" data-site-id="642aba63ec9a7b11c3c9c1be" data-mode="scan" async></script>
<!-- / Venatus Ad Manager -->

<style>
	@media (max-width:820px) {
		.battle {
			margin: 0 auto;
		}
		.battle-log {
			margin: 7px auto 0;
			max-width: 640px;
			height: 300px;
			position: static;
		}
	}
	.optgroup {
		display: inline-block;
		line-height: 22px;
		font-size: 10pt;
	}
	.optgroup .button {
		height: 25px;
		padding-top: 0;
		padding-bottom: 0;
	}
	.optgroup button.button {
		padding-left: 12px;
		padding-right: 12px;
	}
	.linklist {
		list-style: none;
		margin: 0.5em 0;
		padding: 0;
	}
	.linklist li {
		padding: 2px 0;
	}
	.sidebar {
		float: left;
		width: 320px;
	}
	.bar-wrapper {
		max-width: 1100px;
		margin: 0 auto;
	}
	.bar-wrapper.has-sidebar {
		max-width: 1430px;
	}
	.mainbar {
		margin: 0;
		padding-right: 1px;
	}
	.mainbar.has-sidebar {
		margin-left: 330px;
	}
	@media (min-width: 1511px) {
		.sidebar {
			width: 400px;
		}
		.bar-wrapper.has-sidebar {
			max-width: 1510px;
		}
		.mainbar.has-sidebar {
			margin-left: 410px;
		}
	}
	.section.first-section {
		margin-top: 9px;
	}
	.blocklink small {
		white-space: normal;
	}
	.button {
		vertical-align: middle;
	}
	.replay-controls {
		padding-top: 10px;
	}
	.replay-controls h1 {
		font-size: 16pt;
		font-weight: normal;
		color: #CCC;
	}
	.pagelink {
		text-align: center;
	}
	.pagelink a {
		width: 150px;
	}
	.textbox, .button {
		font-size: 11pt;
		vertical-align: middle;
	}
	@media (max-width: 450px) {
		.button {
			font-size: 9pt;
		}
	}
</style>

<div>

	<header>
		<div class="nav-wrapper"><ul class="nav">
			<li><a class="button nav-first" href="//pokemonshowdown.com/"><img src="//pokemonshowdown.com/images/pokemonshowdownbeta.png" srcset="//pokemonshowdown.com/images/pokemonshowdownbeta.png 1x, //pokemonshowdown.com/images/pokemonshowdownbeta@2x.png 2x" alt="Pok&eacute;mon Showdown" width="146" height="44" /> Home</a></li>
			<li><a class="button" href="//pokemonshowdown.com/dex/">Pok&eacute;dex</a></li>
			<li><a class="button cur" href="/">Replays</a></li>
			<li><a class="button" href="//pokemonshowdown.com/ladder/">Ladder</a></li>
			<li><a class="button nav-last" href="//pokemonshowdown.com/forums/">Forum</a></li>
			<li><a class="button greenbutton nav-first nav-last" href="//play.pokemonshowdown.com/">Play</a></li>
		</ul></div>
	</header>

	<div class="main" id="main">

		<noscript><section class="section">You need to enable JavaScript to use this page; sorry!</section></noscript>

	</div>

</div>

<script defer nomodule src="//play.pokemonshowdown.com/js/lib/ps-polyfill.js"></script>
<script defer src="//play.pokemonshowdown.com/js/lib/preact.min.js"></script>

<script defer src="//play.pokemonshowdown.com/config/config.js?6dec07f6"></script>
<script defer src="//play.pokemonshowdown.com/js/lib/jquery-1.11.0.min.js"></script>
<script defer src="//play.pokemonshowdown.com/js/lib/html-sanitizer-minified.js"></script>
<script defer src="//play.pokemonshowdown.com/js/battle-sound.js"></script>
<script defer src="//play.pokemonshowdown.com/js/battledata.js?0.6315294753075389"></script>
<script defer src="//play.pokemonshowdown.com/data/pokedex-mini.js?0.7603743185311358"></script>
<script defer src="//play.pokemonshowdown.com/data/pokedex-mini-bw.js?0.030888842834281283"></script>
<script defer src="//play.pokemonshowdown.com/data/graphics.js?0.05593094747507488"></script>
<script defer src="//play.pokemonshowdown.com/data/pokedex.js?0.47064822249611904"></script>
<script defer src="//play.pokemonshowdown.com/data/moves.js?0.8583693120512459"></script>
<script defer src="//play.pokemonshowdown.com/data/abilities.js?0.16017181182386842"></script>
<script defer src="//play.pokemonshowdown.com/data/items.js?0.4163379185673943"></script>
<script defer src="//play.pokemonshowdown.com/data/teambuilder-tables.js?0.31075597372830477"></script>
<script defer src="//play.pokemonshowdown.com/js/battle-tooltips.js?0.6536193500708172"></script>
<script defer src="//play.pokemonshowdown.com/js/battle.js?0.1916591943277901"></script>

<script defer src="js/utils.js?e31f9a17"></script>
<script defer src="js/replays-battle.js?7008c182"></script>

<!-- don't scrape this data! just add .json or .log after the URL!
Full API docs: https://github.com/smogon/pokemon-showdown-client/blob/master/WEB-API.md -->
<script type="text/plain" class="log" id="replaylog-smogtours-gen3ou-806258">
|inactive|Battle timer is ON: inactive players will automatically lose when time's up.
|t:|1731615026
|gametype|singles
|player|p1|Skarpherim©|lucas-gen4pt|
|player|p2|Genexys|ghetsis|
|teamsize|p1|6
|teamsize|p2|6
|gen|3
|tier|[Gen 3] OU
|rule|Sleep Clause Mod: Limit one foe put to sleep
|rule|Switch Priority Clause Mod: Faster Pokémon switch first
|rule|Species Clause: Limit one of each Pokémon
|rule|OHKO Clause: OHKO moves are banned
|rule|Evasion Items Clause: Evasion items are banned
|rule|Evasion Moves Clause: Evasion moves are banned
|rule|Endless Battle Clause: Forcing endless battles is banned
|rule|HP Percentage Mod: HP is shown in percentages
|rule|One Boost Passer Clause: Limit one Baton Passer that has a way to boost its stats
|rule|Freeze Clause Mod: Limit one foe frozen
|
|t:|1731615026
|start
|switch|p1a: Forretress|Forretress, M|100/100
|switch|p2a: Ethical Zapdos|Zapdos|100/100
|turn|1
|c|☆Skarpherim©|hf
|c|☆Genexys|glhf
|raw|<div class="broadcast-red"><strong>Moderated chat was set to ☆!<\/strong><br />Only users of rank ☆ and higher can talk.<\/div>
|
|t:|1731615031
|move|p2a: Ethical Zapdos|Thunderbolt|p1a: Forretress
|-damage|p1a: Forretress|64/100
|move|p1a: Forretress|Spikes|p2a: Ethical Zapdos
|-sidestart|p2: Genexys|Spikes
|
|-heal|p1a: Forretress|70/100|[from] item: Leftovers
|upkeep
|turn|2
|
|t:|1731615035
|switch|p1a: Blissey|Blissey, F|100/100
|move|p2a: Ethical Zapdos|Thunderbolt|p1a: Blissey
|-crit|p1a: Blissey
|-damage|p1a: Blissey|66/100
|
|-heal|p1a: Blissey|72/100|[from] item: Leftovers
|upkeep
|turn|3
|
|t:|1731615058
|switch|p2a: la gyu styfe|Blissey, F|100/100
|-damage|p2a: la gyu styfe|88/100|[from] Spikes
|move|p1a: Blissey|Thunder Wave|p2a: la gyu styfe
|-status|p2a: la gyu styfe|par
|
|-heal|p1a: Blissey|78/100|[from] item: Leftovers
|-heal|p2a: la gyu styfe|94/100 par|[from] item: Leftovers
|upkeep
|turn|4
|
|t:|1731615071
|move|p1a: Blissey|Soft-Boiled|p1a: Blissey
|-heal|p1a: Blissey|100/100
|cant|p2a: la gyu styfe|par
|
|-heal|p2a: la gyu styfe|99/100 par|[from] item: Leftovers
|upkeep
|turn|5
|
|t:|1731615075
|move|p1a: Blissey|Seismic Toss|p2a: la gyu styfe
|-damage|p2a: la gyu styfe|85/100 par
|move|p2a: la gyu styfe|Wish|p2a: la gyu styfe
|
|-heal|p2a: la gyu styfe|91/100 par|[from] item: Leftovers
|upkeep
|turn|6
|
|t:|1731615080
|move|p1a: Blissey|Thunder Wave|p2a: la gyu styfe
|-fail|p2a: la gyu styfe|par
|cant|p2a: la gyu styfe|par
|
|-heal|p2a: la gyu styfe|100/100 par|[from] move: Wish|[wisher] la gyu styfe
|upkeep
|turn|7
|
|t:|1731615086
|-curestatus|p2a: la gyu styfe|par|[from] ability: Natural Cure
|switch|p2a: Tartaritar|Tyranitar, F|100/100
|-damage|p2a: Tartaritar|88/100|[from] Spikes
|-weather|Sandstorm|[from] ability: Sand Stream|[of] p2a: Tartaritar
|move|p1a: Blissey|Seismic Toss|p2a: Tartaritar
|-damage|p2a: Tartaritar|63/100
|
|-weather|Sandstorm|[upkeep]
|-damage|p1a: Blissey|94/100|[from] Sandstorm
|-heal|p1a: Blissey|100/100|[from] item: Leftovers
|-heal|p2a: Tartaritar|70/100|[from] item: Leftovers
|upkeep
|turn|8
|
|t:|1731615113
|-singleturn|p2a: Tartaritar|move: Focus Punch
|move|p1a: Blissey|Seismic Toss|p2a: Tartaritar
|-damage|p2a: Tartaritar|45/100
|move|p2a: Tartaritar|Focus Punch||[still]
|cant|p2a: Tartaritar|Focus Punch|Focus Punch
|
|-weather|Sandstorm|[upkeep]
|-damage|p1a: Blissey|94/100|[from] Sandstorm
|-heal|p1a: Blissey|100/100|[from] item: Leftovers
|-heal|p2a: Tartaritar|51/100|[from] item: Leftovers
|upkeep
|turn|9
|
|t:|1731615126
|switch|p1a: Swampert|Swampert, F|100/100
|switch|p2a: la gyu styfe|Blissey, F|100/100
|-damage|p2a: la gyu styfe|88/100|[from] Spikes
|
|-weather|Sandstorm|[upkeep]
|-damage|p2a: la gyu styfe|82/100|[from] Sandstorm
|-heal|p2a: la gyu styfe|88/100|[from] item: Leftovers
|upkeep
|turn|10
|
|t:|1731615132
|switch|p2a: Ethical Zapdos|Zapdos|100/100
|move|p1a: Swampert|Toxic|p2a: Ethical Zapdos
|-status|p2a: Ethical Zapdos|tox
|
|-weather|Sandstorm|[upkeep]
|-damage|p2a: Ethical Zapdos|94/100 tox|[from] Sandstorm
|-heal|p2a: Ethical Zapdos|100/100 tox|[from] item: Leftovers
|-damage|p2a: Ethical Zapdos|94/100 tox|[from] psn
|upkeep
|turn|11
|
|t:|1731615141
|move|p1a: Swampert|Protect|p1a: Swampert
|-singleturn|p1a: Swampert|Protect
|move|p2a: Ethical Zapdos|Toxic|p1a: Swampert
|-activate|p1a: Swampert|Protect
|
|-weather|Sandstorm|[upkeep]
|-damage|p2a: Ethical Zapdos|88/100 tox|[from] Sandstorm
|-heal|p2a: Ethical Zapdos|94/100 tox|[from] item: Leftovers
|-damage|p2a: Ethical Zapdos|82/100 tox|[from] psn
|upkeep
|turn|12
|
|t:|1731615146
|switch|p1a: Blissey|Blissey, F|100/100
|move|p2a: Ethical Zapdos|Toxic|p1a: Blissey
|-status|p1a: Blissey|tox
|
|-weather|Sandstorm|[upkeep]
|-damage|p2a: Ethical Zapdos|75/100 tox|[from] Sandstorm
|-damage|p1a: Blissey|94/100 tox|[from] Sandstorm
|-heal|p2a: Ethical Zapdos|82/100 tox|[from] item: Leftovers
|-damage|p2a: Ethical Zapdos|63/100 tox|[from] psn
|-heal|p1a: Blissey|100/100 tox|[from] item: Leftovers
|-damage|p1a: Blissey|94/100 tox|[from] psn
|upkeep
|turn|13
|
|t:|1731615155
|switch|p2a: Poindexter|Forretress, F|100/100
|-damage|p2a: Poindexter|88/100|[from] Spikes
|-curestatus|p1a: Blissey|tox|[from] ability: Natural Cure
|switch|p1a: Tyranitar|Tyranitar, F|100/100
|
|-weather|Sandstorm|[upkeep]
|-heal|p2a: Poindexter|94/100|[from] item: Leftovers
|upkeep
|turn|14
|
|t:|1731615163
|switch|p1a: Forretress|Forretress, M|70/100
|switch|p2a: Ethical Zapdos|Zapdos|63/100 tox
|
|-weather|Sandstorm|[upkeep]
|-damage|p2a: Ethical Zapdos|57/100 tox|[from] Sandstorm
|-heal|p2a: Ethical Zapdos|63/100 tox|[from] item: Leftovers
|-damage|p2a: Ethical Zapdos|57/100 tox|[from] psn
|-heal|p1a: Forretress|76/100|[from] item: Leftovers
|upkeep
|turn|15
|
|t:|1731615186
|switch|p1a: Blissey|Blissey, F|94/100
|move|p2a: Ethical Zapdos|Rest|p2a: Ethical Zapdos
|-status|p2a: Ethical Zapdos|slp|[from] move: Rest
|-heal|p2a: Ethical Zapdos|100/100 slp|[silent]
|
|-weather|Sandstorm|[upkeep]
|-damage|p2a: Ethical Zapdos|94/100 slp|[from] Sandstorm
|-damage|p1a: Blissey|88/100|[from] Sandstorm
|-heal|p2a: Ethical Zapdos|100/100 slp|[from] item: Leftovers
|-heal|p1a: Blissey|94/100|[from] item: Leftovers
|upkeep
|turn|16
|
|t:|1731615192
|switch|p2a: Poindexter|Forretress, F|94/100
|-damage|p2a: Poindexter|82/100|[from] Spikes
|move|p1a: Blissey|Ice Beam|p2a: Poindexter
|-resisted|p2a: Poindexter
|-damage|p2a: Poindexter|71/100
|
|-weather|Sandstorm|[upkeep]
|-damage|p1a: Blissey|88/100|[from] Sandstorm
|-heal|p1a: Blissey|94/100|[from] item: Leftovers
|-heal|p2a: Poindexter|77/100|[from] item: Leftovers
|upkeep
|turn|17
|
|t:|1731615198
|switch|p1a: Forretress|Forretress, M|76/100
|move|p2a: Poindexter|Rapid Spin|p1a: Forretress
|-resisted|p1a: Forretress
|-damage|p1a: Forretress|75/100
|-sideend|p2: Genexys|Spikes|[from] move: Rapid Spin|[of] p2a: Poindexter
|
|-weather|Sandstorm|[upkeep]
|-heal|p1a: Forretress|81/100|[from] item: Leftovers
|-heal|p2a: Poindexter|83/100|[from] item: Leftovers
|upkeep
|turn|18
|
|t:|1731615205
|switch|p2a: Zeltron|Heracross, F|100/100
|move|p1a: Forretress|Spikes|p2a: Zeltron
|-sidestart|p2: Genexys|Spikes
|
|-weather|Sandstorm|[upkeep]
|-damage|p2a: Zeltron|95/100|[from] Sandstorm
|-heal|p2a: Zeltron|100/100|[from] item: Leftovers
|-heal|p1a: Forretress|87/100|[from] item: Leftovers
|upkeep
|turn|19
|inactive|Skarpherim© has 270 seconds left.
|inactive|Skarpherim© has 240 seconds left.
|
|t:|1731615270
|switch|p1a: Swampert|Swampert, F|100/100
|move|p2a: Zeltron|Swords Dance|p2a: Zeltron
|-boost|p2a: Zeltron|atk|2
|
|-weather|Sandstorm|[upkeep]
|-damage|p2a: Zeltron|95/100|[from] Sandstorm
|-heal|p2a: Zeltron|100/100|[from] item: Leftovers
|upkeep
|turn|20
|
|t:|1731615276
|move|p2a: Zeltron|Megahorn|p1a: Swampert
|-damage|p1a: Swampert|5/100
|move|p1a: Swampert|Surf|p2a: Zeltron
|-damage|p2a: Zeltron|48/100
|
|-weather|Sandstorm|[upkeep]
|-damage|p2a: Zeltron|42/100|[from] Sandstorm
|-heal|p2a: Zeltron|48/100|[from] item: Leftovers
|-heal|p1a: Swampert|11/100|[from] item: Leftovers
|upkeep
|turn|21
|
|t:|1731615279
|move|p2a: Zeltron|Brick Break|p1a: Swampert
|-damage|p1a: Swampert|0 fnt
|faint|p1a: Swampert
|
|t:|1731615280
|switch|p1a: Dugtrio|Dugtrio, F|100/100
|
|-weather|Sandstorm|[upkeep]
|-damage|p2a: Zeltron|42/100|[from] Sandstorm
|-heal|p2a: Zeltron|48/100|[from] item: Leftovers
|upkeep
|turn|22
|inactive|Skarpherim© has 270 seconds left.
|
|t:|1731615288
|move|p1a: Dugtrio|Aerial Ace|p2a: Zeltron
|-supereffective|p2a: Zeltron
|-damage|p2a: Zeltron|0 fnt
|faint|p2a: Zeltron
|
|t:|1731615295
|switch|p2a: Tartaritar|Tyranitar, F|51/100
|-damage|p2a: Tartaritar|39/100|[from] Spikes
|
|-weather|Sandstorm|[upkeep]
|-heal|p2a: Tartaritar|45/100|[from] item: Leftovers
|upkeep
|turn|23
|inactive|Skarpherim© has 270 seconds left.
|
|t:|1731615333
|-singleturn|p2a: Tartaritar|move: Focus Punch
|switch|p1a: Zapdos|Zapdos|100/100
|move|p2a: Tartaritar|Focus Punch|p1a: Zapdos
|-resisted|p1a: Zapdos
|-damage|p1a: Zapdos|79/100
|
|-weather|Sandstorm|[upkeep]
|-damage|p1a: Zapdos|72/100|[from] Sandstorm
|-heal|p1a: Zapdos|79/100|[from] item: Leftovers
|-heal|p2a: Tartaritar|51/100|[from] item: Leftovers
|upkeep
|turn|24
|
|t:|1731615346
|switch|p2a: la gyu styfe|Blissey, F|88/100
|-damage|p2a: la gyu styfe|76/100|[from] Spikes
|move|p1a: Zapdos|Thunderbolt|p2a: la gyu styfe
|-crit|p2a: la gyu styfe
|-damage|p2a: la gyu styfe|47/100
|-status|p2a: la gyu styfe|par
|
|-weather|Sandstorm|[upkeep]
|-damage|p1a: Zapdos|72/100|[from] Sandstorm
|-damage|p2a: la gyu styfe|41/100 par|[from] Sandstorm
|-heal|p1a: Zapdos|79/100|[from] item: Leftovers
|-heal|p2a: la gyu styfe|47/100 par|[from] item: Leftovers
|upkeep
|turn|25
|
|t:|1731615353
|switch|p1a: Tyranitar|Tyranitar, F|100/100
|move|p2a: la gyu styfe|Soft-Boiled|p2a: la gyu styfe
|-heal|p2a: la gyu styfe|97/100 par
|
|-weather|Sandstorm|[upkeep]
|-damage|p2a: la gyu styfe|91/100 par|[from] Sandstorm
|-heal|p2a: la gyu styfe|97/100 par|[from] item: Leftovers
|upkeep
|turn|26
|
|t:|1731615371
|-curestatus|p2a: la gyu styfe|par|[from] ability: Natural Cure
|switch|p2a: Steve Lankee|Swampert, M|100/100
|-damage|p2a: Steve Lankee|88/100|[from] Spikes
|move|p1a: Tyranitar|Hidden Power|p2a: Steve Lankee
|-supereffective|p2a: Steve Lankee
|-damage|p2a: Steve Lankee|7/100
|
|-weather|Sandstorm|[upkeep]
|-heal|p2a: Steve Lankee|13/100|[from] item: Leftovers
|upkeep
|turn|27
|inactive|Skarpherim© has 240 seconds left.
|
|t:|1731615394
|move|p2a: Steve Lankee|Protect|p2a: Steve Lankee
|-singleturn|p2a: Steve Lankee|Protect
|move|p1a: Tyranitar|Crunch|p2a: Steve Lankee
|-activate|p2a: Steve Lankee|Protect
|
|-weather|Sandstorm|[upkeep]
|-heal|p2a: Steve Lankee|19/100|[from] item: Leftovers
|upkeep
|turn|28
|
|t:|1731615398
|switch|p2a: la gyu styfe|Blissey, F|97/100
|-damage|p2a: la gyu styfe|85/100|[from] Spikes
|move|p1a: Tyranitar|Crunch|p2a: la gyu styfe
|-crit|p2a: la gyu styfe
|-damage|p2a: la gyu styfe|54/100
|
|-weather|Sandstorm|[upkeep]
|-damage|p2a: la gyu styfe|48/100|[from] Sandstorm
|-heal|p2a: la gyu styfe|54/100|[from] item: Leftovers
|upkeep
|turn|29
|
|t:|1731615401
|-singleturn|p1a: Tyranitar|move: Focus Punch
|move|p2a: la gyu styfe|Soft-Boiled|p2a: la gyu styfe
|-heal|p2a: la gyu styfe|100/100
|move|p1a: Tyranitar|Focus Punch|p2a: la gyu styfe
|-supereffective|p2a: la gyu styfe
|-damage|p2a: la gyu styfe|14/100
|
|-weather|Sandstorm|[upkeep]
|-damage|p2a: la gyu styfe|8/100|[from] Sandstorm
|-heal|p2a: la gyu styfe|14/100|[from] item: Leftovers
|upkeep
|turn|30
|
|t:|1731615409
|move|p1a: Tyranitar|Crunch|p2a: la gyu styfe
|-damage|p2a: la gyu styfe|0 fnt
|faint|p2a: la gyu styfe
|
|t:|1731615423
|switch|p2a: Poindexter|Forretress, F|83/100
|-damage|p2a: Poindexter|71/100|[from] Spikes
|
|-weather|Sandstorm|[upkeep]
|-heal|p2a: Poindexter|77/100|[from] item: Leftovers
|upkeep
|turn|31
|
|t:|1731615427
|switch|p1a: Forretress|Forretress, M|87/100
|move|p2a: Poindexter|Rapid Spin|p1a: Forretress
|-resisted|p1a: Forretress
|-damage|p1a: Forretress|86/100
|-sideend|p2: Genexys|Spikes|[from] move: Rapid Spin|[of] p2a: Poindexter
|
|-weather|Sandstorm|[upkeep]
|-heal|p1a: Forretress|92/100|[from] item: Leftovers
|-heal|p2a: Poindexter|83/100|[from] item: Leftovers
|upkeep
|turn|32
|
|t:|1731615430
|move|p1a: Forretress|Spikes|p2a: Poindexter
|-sidestart|p2: Genexys|Spikes
|move|p2a: Poindexter|Spikes|p1a: Forretress
|-sidestart|p1: Skarpherim©|Spikes
|
|-weather|Sandstorm|[upkeep]
|-heal|p1a: Forretress|98/100|[from] item: Leftovers
|-heal|p2a: Poindexter|89/100|[from] item: Leftovers
|upkeep
|turn|33
|
|t:|1731615432
|move|p1a: Forretress|Rapid Spin|p2a: Poindexter
|-resisted|p2a: Poindexter
|-damage|p2a: Poindexter|88/100
|-sideend|p1: Skarpherim©|Spikes|[from] move: Rapid Spin|[of] p1a: Forretress
|move|p2a: Poindexter|Rapid Spin|p1a: Forretress
|-resisted|p1a: Forretress
|-damage|p1a: Forretress|97/100
|-sideend|p2: Genexys|Spikes|[from] move: Rapid Spin|[of] p2a: Poindexter
|
|-weather|Sandstorm|[upkeep]
|-heal|p1a: Forretress|100/100|[from] item: Leftovers
|-heal|p2a: Poindexter|94/100|[from] item: Leftovers
|upkeep
|turn|34
|
|t:|1731615434
|move|p1a: Forretress|Spikes|p2a: Poindexter
|-sidestart|p2: Genexys|Spikes
|move|p2a: Poindexter|Spikes|p1a: Forretress
|-sidestart|p1: Skarpherim©|Spikes
|
|-weather|Sandstorm|[upkeep]
|-heal|p2a: Poindexter|99/100|[from] item: Leftovers
|upkeep
|turn|35
|
|t:|1731615435
|move|p1a: Forretress|Rapid Spin|p2a: Poindexter
|-resisted|p2a: Poindexter
|-damage|p2a: Poindexter|99/100
|-sideend|p1: Skarpherim©|Spikes|[from] move: Rapid Spin|[of] p1a: Forretress
|move|p2a: Poindexter|Rapid Spin|p1a: Forretress
|-resisted|p1a: Forretress
|-damage|p1a: Forretress|99/100
|-sideend|p2: Genexys|Spikes|[from] move: Rapid Spin|[of] p2a: Poindexter
|
|-weather|Sandstorm|[upkeep]
|-heal|p1a: Forretress|100/100|[from] item: Leftovers
|-heal|p2a: Poindexter|100/100|[from] item: Leftovers
|upkeep
|turn|36
|
|t:|1731615436
|move|p1a: Forretress|Hidden Power|p2a: Poindexter
|-supereffective|p2a: Poindexter
|-damage|p2a: Poindexter|62/100
|move|p2a: Poindexter|Spikes|p1a: Forretress
|-sidestart|p1: Skarpherim©|Spikes
|
|-weather|Sandstorm|[upkeep]
|-heal|p2a: Poindexter|69/100|[from] item: Leftovers
|upkeep
|turn|37
|
|t:|1731615439
|move|p1a: Forretress|Rapid Spin|p2a: Poindexter
|-resisted|p2a: Poindexter
|-crit|p2a: Poindexter
|-damage|p2a: Poindexter|65/100
|-sideend|p1: Skarpherim©|Spikes|[from] move: Rapid Spin|[of] p1a: Forretress
|move|p2a: Poindexter|Counter|p1a: Forretress
|-damage|p1a: Forretress|94/100
|
|-weather|Sandstorm|[upkeep]
|-heal|p1a: Forretress|99/100|[from] item: Leftovers
|-heal|p2a: Poindexter|71/100|[from] item: Leftovers
|upkeep
|turn|38
|
|t:|1731615453
|move|p1a: Forretress|Hidden Power|p2a: Poindexter
|-supereffective|p2a: Poindexter
|-damage|p2a: Poindexter|31/100
|move|p2a: Poindexter|Counter|p1a: Forretress
|-damage|p1a: Forretress|18/100
|
|-weather|Sandstorm|[upkeep]
|-heal|p1a: Forretress|24/100|[from] item: Leftovers
|-heal|p2a: Poindexter|37/100|[from] item: Leftovers
|upkeep
|turn|39
|
|t:|1731615465
|switch|p2a: Tartaritar|Tyranitar, F|51/100
|move|p1a: Forretress|Spikes|p2a: Tartaritar
|-sidestart|p2: Genexys|Spikes
|
|-weather|Sandstorm|[upkeep]
|-heal|p2a: Tartaritar|57/100|[from] item: Leftovers
|-heal|p1a: Forretress|31/100|[from] item: Leftovers
|upkeep
|turn|40
|
|t:|1731615479
|-activate|p1a: Forretress|move: Pursuit
|move|p2a: Tartaritar|Pursuit|p1a: Forretress|[from]Pursuit
|-resisted|p1a: Forretress
|-damage|p1a: Forretress|13/100
|switch|p1a: Zapdos|Zapdos|79/100
|
|-weather|Sandstorm|[upkeep]
|-damage|p1a: Zapdos|72/100|[from] Sandstorm
|-heal|p1a: Zapdos|79/100|[from] item: Leftovers
|-heal|p2a: Tartaritar|63/100|[from] item: Leftovers
|upkeep
|turn|41
|
|t:|1731615484
|move|p1a: Zapdos|Thunderbolt|p2a: Tartaritar
|-damage|p2a: Tartaritar|32/100
|move|p2a: Tartaritar|Crunch|p1a: Zapdos
|-damage|p1a: Zapdos|53/100
|-unboost|p1a: Zapdos|spd|1
|
|-weather|Sandstorm|[upkeep]
|-damage|p1a: Zapdos|47/100|[from] Sandstorm
|-heal|p1a: Zapdos|53/100|[from] item: Leftovers
|-heal|p2a: Tartaritar|38/100|[from] item: Leftovers
|upkeep
|turn|42
|
|t:|1731615489
|switch|p2a: Ethical Zapdos|Zapdos|100/100 slp
|move|p1a: Zapdos|Thunderbolt|p2a: Ethical Zapdos
|-damage|p2a: Ethical Zapdos|76/100 slp
|
|-weather|Sandstorm|[upkeep]
|-damage|p1a: Zapdos|47/100|[from] Sandstorm
|-damage|p2a: Ethical Zapdos|70/100 slp|[from] Sandstorm
|-heal|p1a: Zapdos|53/100|[from] item: Leftovers
|-heal|p2a: Ethical Zapdos|76/100 slp|[from] item: Leftovers
|upkeep
|turn|43
|
|t:|1731615508
|move|p1a: Zapdos|Thunderbolt|p2a: Ethical Zapdos
|-damage|p2a: Ethical Zapdos|51/100 slp
|cant|p2a: Ethical Zapdos|slp
|
|-weather|Sandstorm|[upkeep]
|-damage|p1a: Zapdos|47/100|[from] Sandstorm
|-damage|p2a: Ethical Zapdos|45/100 slp|[from] Sandstorm
|-heal|p1a: Zapdos|53/100|[from] item: Leftovers
|-heal|p2a: Ethical Zapdos|51/100 slp|[from] item: Leftovers
|upkeep
|turn|44
|
|t:|1731615513
|move|p1a: Zapdos|Thunderbolt|p2a: Ethical Zapdos
|-damage|p2a: Ethical Zapdos|27/100 slp
|cant|p2a: Ethical Zapdos|slp
|
|-weather|Sandstorm|[upkeep]
|-damage|p1a: Zapdos|47/100|[from] Sandstorm
|-damage|p2a: Ethical Zapdos|20/100 slp|[from] Sandstorm
|-heal|p1a: Zapdos|53/100|[from] item: Leftovers
|-heal|p2a: Ethical Zapdos|27/100 slp|[from] item: Leftovers
|upkeep
|turn|45
|
|t:|1731615522
|-curestatus|p2a: Ethical Zapdos|slp|[msg]
|move|p2a: Ethical Zapdos|Rest|p2a: Ethical Zapdos
|-status|p2a: Ethical Zapdos|slp|[from] move: Rest
|-heal|p2a: Ethical Zapdos|100/100 slp|[silent]
|move|p1a: Zapdos|Roar|p2a: Ethical Zapdos
|drag|p2a: Poindexter|Forretress, F|37/100
|-damage|p2a: Poindexter|25/100|[from] Spikes
|
|-weather|Sandstorm|[upkeep]
|-damage|p1a: Zapdos|47/100|[from] Sandstorm
|-heal|p1a: Zapdos|53/100|[from] item: Leftovers
|-heal|p2a: Poindexter|31/100|[from] item: Leftovers
|upkeep
|turn|46
|
|t:|1731615528
|switch|p2a: Steve Lankee|Swampert, M|19/100
|-damage|p2a: Steve Lankee|7/100|[from] Spikes
|move|p1a: Zapdos|Thunderbolt|p2a: Steve Lankee
|-immune|p2a: Steve Lankee
|
|-weather|Sandstorm|[upkeep]
|-damage|p1a: Zapdos|47/100|[from] Sandstorm
|-heal|p1a: Zapdos|53/100|[from] item: Leftovers
|-heal|p2a: Steve Lankee|13/100|[from] item: Leftovers
|upkeep
|turn|47
|inactive|Skarpherim© has 270 seconds left.
|inactive|Skarpherim© has 240 seconds left.
|inactive|Skarpherim© has 210 seconds left.
|
|t:|1731615629
|move|p1a: Zapdos|Toxic|p2a: Steve Lankee
|-status|p2a: Steve Lankee|tox
|move|p2a: Steve Lankee|Earthquake|p1a: Zapdos
|-immune|p1a: Zapdos
|
|-weather|Sandstorm|[upkeep]
|-damage|p1a: Zapdos|47/100|[from] Sandstorm
|-heal|p1a: Zapdos|53/100|[from] item: Leftovers
|-heal|p2a: Steve Lankee|19/100 tox|[from] item: Leftovers
|-damage|p2a: Steve Lankee|13/100 tox|[from] psn
|upkeep
|turn|48
|
|t:|1731615634
|move|p2a: Steve Lankee|Ice Beam|p1a: Zapdos
|-supereffective|p1a: Zapdos
|-damage|p1a: Zapdos|11/100
|move|p1a: Zapdos|Roar|p2a: Steve Lankee
|drag|p2a: Poindexter|Forretress, F|31/100
|-damage|p2a: Poindexter|18/100|[from] Spikes
|
|-weather|Sandstorm|[upkeep]
|-damage|p1a: Zapdos|5/100|[from] Sandstorm
|-heal|p1a: Zapdos|11/100|[from] item: Leftovers
|-heal|p2a: Poindexter|25/100|[from] item: Leftovers
|upkeep
|turn|49
|c|☆Genexys|aw
|
|t:|1731615638
|switch|p2a: Ethical Zapdos|Zapdos|100/100 slp
|move|p1a: Zapdos|Thunderbolt|p2a: Ethical Zapdos
|-damage|p2a: Ethical Zapdos|75/100 slp
|
|-weather|Sandstorm|[upkeep]
|-damage|p1a: Zapdos|5/100|[from] Sandstorm
|-damage|p2a: Ethical Zapdos|68/100 slp|[from] Sandstorm
|-heal|p1a: Zapdos|11/100|[from] item: Leftovers
|-heal|p2a: Ethical Zapdos|75/100 slp|[from] item: Leftovers
|upkeep
|turn|50
|
|t:|1731615649
|move|p1a: Zapdos|Thunderbolt|p2a: Ethical Zapdos
|-damage|p2a: Ethical Zapdos|50/100 slp
|cant|p2a: Ethical Zapdos|slp
|
|-weather|Sandstorm|[upkeep]
|-damage|p1a: Zapdos|5/100|[from] Sandstorm
|-damage|p2a: Ethical Zapdos|44/100 slp|[from] Sandstorm
|-heal|p1a: Zapdos|11/100|[from] item: Leftovers
|-heal|p2a: Ethical Zapdos|50/100 slp|[from] item: Leftovers
|upkeep
|turn|51
|
|t:|1731615653
|move|p1a: Zapdos|Thunderbolt|p2a: Ethical Zapdos
|-damage|p2a: Ethical Zapdos|25/100 slp
|cant|p2a: Ethical Zapdos|slp
|
|-weather|Sandstorm|[upkeep]
|-damage|p1a: Zapdos|5/100|[from] Sandstorm
|-damage|p2a: Ethical Zapdos|18/100 slp|[from] Sandstorm
|-heal|p1a: Zapdos|11/100|[from] item: Leftovers
|-heal|p2a: Ethical Zapdos|25/100 slp|[from] item: Leftovers
|upkeep
|turn|52
|
|t:|1731615654
|move|p1a: Zapdos|Thunderbolt|p2a: Ethical Zapdos
|-damage|p2a: Ethical Zapdos|0 fnt
|faint|p2a: Ethical Zapdos
|c|☆Genexys|ggs
|-message|Genexys forfeited.
|
|win|Skarpherim©
|c|☆Skarpherim©|gg

</script>
<script type="application/json" class="data" id="replaydata-smogtours-gen3ou-806258">
{"id":"smogtours-gen3ou-806258","format":"[Gen 3] OU","players":["Skarpherim\u00a9","Genexys"],"uploadtime":1731615659,"views":7,"formatid":"gen3ou","rating":null,"private":0,"password":null}
</script>

<script defer src="js/replays.js?9d40a366"></script>
