<!DOCTYPE html>
<meta charset="utf-8" />
<meta name="viewport" content="width=device-width" />

<title>[Gen 3] OU: earl gr3y vs. Hydreigon &gt; Latias - Replays - Pok&eacute;mon Showdown!</title>

<meta name="description" content="Watch a replay of a Pok&eacute;mon battle between earl gr3y and Hydreigon &gt; Latias! Format: [Gen 3] OU; Date: Nov 10, 2024" />
<!--

Hey, you! Looking in the source for the replay log?

You can find them in JSON format, just add `.json` at the end of a replay URL.

https://replay.pokemonshowdown.com/gen7randomdoublesbattle-865046831.json

Or, if you only need the log itself, add `.log` instead:

https://replay.pokemonshowdown.com/gen7randomdoublesbattle-865046831.log

-->

<link rel="stylesheet" href="//pokemonshowdown.com/style/global.css?0.023195364461161105" />
<link rel="stylesheet" href="//play.pokemonshowdown.com/style/font-awesome.css?0.13261647063804238" />
<link rel="stylesheet" href="//play.pokemonshowdown.com/style/battle.css?0.8753245789963631" />
<link rel="stylesheet" href="//play.pokemonshowdown.com/style/utilichart.css?0.8627959624976733" />

<!-- Global site tag (gtag.js) - Google Analytics -->
<script async src="https://www.googletagmanager.com/gtag/js?id=UA-26211653-1"></script>
<script>
  window.dataLayer = window.dataLayer || [];
  function gtag(){dataLayer.push(arguments);}
  gtag('js', new Date());

  gtag('config', 'UA-26211653-1');
</script>
<!-- End Google Analytics -->
<!-- Venatus Ad Manager - Install in <HEAD> of page -->
	<script src="https://hb.vntsm.com/v3/live/ad-manager.min.js" type="text/javascript" data-site-id="642aba63ec9a7b11c3c9c1be" data-mode="scan" async></script>
<!-- / Venatus Ad Manager -->

<style>
	@media (max-width:820px) {
		.battle {
			margin: 0 auto;
		}
		.battle-log {
			margin: 7px auto 0;
			max-width: 640px;
			height: 300px;
			position: static;
		}
	}
	.optgroup {
		display: inline-block;
		line-height: 22px;
		font-size: 10pt;
	}
	.optgroup .button {
		height: 25px;
		padding-top: 0;
		padding-bottom: 0;
	}
	.optgroup button.button {
		padding-left: 12px;
		padding-right: 12px;
	}
	.linklist {
		list-style: none;
		margin: 0.5em 0;
		padding: 0;
	}
	.linklist li {
		padding: 2px 0;
	}
	.sidebar {
		float: left;
		width: 320px;
	}
	.bar-wrapper {
		max-width: 1100px;
		margin: 0 auto;
	}
	.bar-wrapper.has-sidebar {
		max-width: 1430px;
	}
	.mainbar {
		margin: 0;
		padding-right: 1px;
	}
	.mainbar.has-sidebar {
		margin-left: 330px;
	}
	@media (min-width: 1511px) {
		.sidebar {
			width: 400px;
		}
		.bar-wrapper.has-sidebar {
			max-width: 1510px;
		}
		.mainbar.has-sidebar {
			margin-left: 410px;
		}
	}
	.section.first-section {
		margin-top: 9px;
	}
	.blocklink small {
		white-space: normal;
	}
	.button {
		vertical-align: middle;
	}
	.replay-controls {
		padding-top: 10px;
	}
	.replay-controls h1 {
		font-size: 16pt;
		font-weight: normal;
		color: #CCC;
	}
	.pagelink {
		text-align: center;
	}
	.pagelink a {
		width: 150px;
	}
	.textbox, .button {
		font-size: 11pt;
		vertical-align: middle;
	}
	@media (max-width: 450px) {
		.button {
			font-size: 9pt;
		}
	}
</style>

<div>

	<header>
		<div class="nav-wrapper"><ul class="nav">
			<li><a class="button nav-first" href="//pokemonshowdown.com/"><img src="//pokemonshowdown.com/images/pokemonshowdownbeta.png" srcset="//pokemonshowdown.com/images/pokemonshowdownbeta.png 1x, //pokemonshowdown.com/images/pokemonshowdownbeta@2x.png 2x" alt="Pok&eacute;mon Showdown" width="146" height="44" /> Home</a></li>
			<li><a class="button" href="//pokemonshowdown.com/dex/">Pok&eacute;dex</a></li>
			<li><a class="button cur" href="/">Replays</a></li>
			<li><a class="button" href="//pokemonshowdown.com/ladder/">Ladder</a></li>
			<li><a class="button nav-last" href="//pokemonshowdown.com/forums/">Forum</a></li>
			<li><a class="button greenbutton nav-first nav-last" href="//play.pokemonshowdown.com/">Play</a></li>
		</ul></div>
	</header>

	<div class="main" id="main">

		<noscript><section class="section">You need to enable JavaScript to use this page; sorry!</section></noscript>

	</div>

</div>

<script defer nomodule src="//play.pokemonshowdown.com/js/lib/ps-polyfill.js"></script>
<script defer src="//play.pokemonshowdown.com/js/lib/preact.min.js"></script>

<script defer src="//play.pokemonshowdown.com/config/config.js?2bddbc15"></script>
<script defer src="//play.pokemonshowdown.com/js/lib/jquery-1.11.0.min.js"></script>
<script defer src="//play.pokemonshowdown.com/js/lib/html-sanitizer-minified.js"></script>
<script defer src="//play.pokemonshowdown.com/js/battle-sound.js"></script>
<script defer src="//play.pokemonshowdown.com/js/battledata.js?0.7209276989879541"></script>
<script defer src="//play.pokemonshowdown.com/data/pokedex-mini.js?0.6111056340867951"></script>
<script defer src="//play.pokemonshowdown.com/data/pokedex-mini-bw.js?0.3532142036491459"></script>
<script defer src="//play.pokemonshowdown.com/data/graphics.js?0.24223875632456182"></script>
<script defer src="//play.pokemonshowdown.com/data/pokedex.js?0.38839984266356864"></script>
<script defer src="//play.pokemonshowdown.com/data/moves.js?0.21866028504024015"></script>
<script defer src="//play.pokemonshowdown.com/data/abilities.js?0.2005157953846628"></script>
<script defer src="//play.pokemonshowdown.com/data/items.js?0.9894211263848525"></script>
<script defer src="//play.pokemonshowdown.com/data/teambuilder-tables.js?0.6008791140282215"></script>
<script defer src="//play.pokemonshowdown.com/js/battle-tooltips.js?0.7580118955022959"></script>
<script defer src="//play.pokemonshowdown.com/js/battle.js?0.6057722274234274"></script>

<script defer src="js/utils.js?e31f9a17"></script>
<script defer src="js/replays-battle.js?7008c182"></script>

<!-- don't scrape this data! just add .json or .log after the URL!
Full API docs: https://github.com/smogon/pokemon-showdown-client/blob/master/WEB-API.md -->
<script type="text/plain" class="log" id="replaylog-smogtours-gen3ou-805615">
|inactive|Battle timer is ON: inactive players will automatically lose when time's up.
|badge|p2|bronze|gen9uu|100-3
|uhtml|medal-msg|<div class="broadcast-blue">Curious what those medals under the avatar are? PS now has Ladder Seasons! For more information, check out the <a href="https://www.smogon.com/forums/threads/3740067/">thread on Smogon.<\/a><\/div>
|t:|1731197935
|gametype|singles
|player|p1|earl gr3y|#roaplxyorknewyanma|
|player|p2|Hydreigon > Latias|guitarist|
|teamsize|p1|6
|teamsize|p2|6
|gen|3
|tier|[Gen 3] OU
|rule|Sleep Clause Mod: Limit one foe put to sleep
|rule|Switch Priority Clause Mod: Faster Pokémon switch first
|rule|Species Clause: Limit one of each Pokémon
|rule|OHKO Clause: OHKO moves are banned
|rule|Evasion Items Clause: Evasion items are banned
|rule|Evasion Moves Clause: Evasion moves are banned
|rule|Endless Battle Clause: Forcing endless battles is banned
|rule|HP Percentage Mod: HP is shown in percentages
|rule|One Boost Passer Clause: Limit one Baton Passer that has a way to boost its stats
|rule|Freeze Clause Mod: Limit one foe frozen
|
|t:|1731197935
|start
|switch|p1a: Salamence|Salamence, M|100/100
|switch|p2a: Tyranitar|Tyranitar, M|100/100
|-ability|p1a: Salamence|Intimidate|boost
|-unboost|p2a: Tyranitar|atk|1
|-weather|Sandstorm|[from] ability: Sand Stream|[of] p2a: Tyranitar
|turn|1
|inactive|earl gr3y also wants the timer to be on.
|inactive|Hydreigon > Latias has 270 seconds left.
|
|t:|1731197965
|switch|p1a: Skarmory|Skarmory, F|100/100
|switch|p2a: Zapdos|Zapdos|100/100
|
|-weather|Sandstorm|[upkeep]
|-damage|p2a: Zapdos|94/100|[from] Sandstorm
|-heal|p2a: Zapdos|100/100|[from] item: Leftovers
|upkeep
|turn|2
|
|t:|1731197975
|switch|p1a: Swampert|Swampert, M|100/100
|move|p2a: Zapdos|Thunderbolt|p1a: Swampert
|-immune|p1a: Swampert
|
|-weather|Sandstorm|[upkeep]
|-damage|p2a: Zapdos|94/100|[from] Sandstorm
|-heal|p2a: Zapdos|100/100|[from] item: Leftovers
|upkeep
|turn|3
|
|t:|1731197985
|switch|p2a: Gengar|Gengar, F|100/100
|move|p1a: Swampert|Protect||[still]
|-fail|p1a: Swampert
|
|-weather|Sandstorm|[upkeep]
|-damage|p2a: Gengar|94/100|[from] Sandstorm
|-heal|p2a: Gengar|100/100|[from] item: Leftovers
|upkeep
|turn|4
|
|t:|1731197988
|switch|p1a: Tyranitar|Tyranitar, F|100/100
|move|p2a: Gengar|Will-O-Wisp|p1a: Tyranitar
|-status|p1a: Tyranitar|brn
|
|-weather|Sandstorm|[upkeep]
|-damage|p2a: Gengar|94/100|[from] Sandstorm
|-heal|p2a: Gengar|100/100|[from] item: Leftovers
|-damage|p1a: Tyranitar|88/100 brn|[from] brn
|upkeep
|turn|5
|
|t:|1731198003
|-activate|p2a: Gengar|move: Pursuit
|move|p1a: Tyranitar|Pursuit|p2a: Gengar|[from]Pursuit
|-supereffective|p2a: Gengar
|-damage|p2a: Gengar|8/100
|switch|p2a: Swampert|Swampert, F|100/100
|
|-weather|Sandstorm|[upkeep]
|-heal|p1a: Tyranitar|94/100 brn|[from] item: Leftovers
|-damage|p1a: Tyranitar|82/100 brn|[from] brn
|upkeep
|turn|6
|
|t:|1731198025
|switch|p1a: Skarmory|Skarmory, F|100/100
|switch|p2a: Gengar|Gengar, F|8/100
|
|-weather|Sandstorm|[upkeep]
|-damage|p2a: Gengar|2/100|[from] Sandstorm
|-heal|p2a: Gengar|8/100|[from] item: Leftovers
|upkeep
|turn|7
|
|t:|1731198033
|switch|p1a: Tyranitar|Tyranitar, F|82/100 brn
|move|p2a: Gengar|Giga Drain|p1a: Tyranitar
|-supereffective|p1a: Tyranitar
|-damage|p1a: Tyranitar|51/100 brn
|-heal|p2a: Gengar|29/100|[from] drain|[of] p1a: Tyranitar
|
|-weather|Sandstorm|[upkeep]
|-damage|p2a: Gengar|23/100|[from] Sandstorm
|-heal|p2a: Gengar|29/100|[from] item: Leftovers
|-heal|p1a: Tyranitar|58/100 brn|[from] item: Leftovers
|-damage|p1a: Tyranitar|45/100 brn|[from] brn
|upkeep
|turn|8
|
|t:|1731198042
|move|p2a: Gengar|Giga Drain|p1a: Tyranitar
|-supereffective|p1a: Tyranitar
|-damage|p1a: Tyranitar|11/100 brn
|-heal|p2a: Gengar|54/100|[from] drain|[of] p1a: Tyranitar
|move|p1a: Tyranitar|Pursuit|p2a: Gengar
|-supereffective|p2a: Gengar
|-crit|p2a: Gengar
|-damage|p2a: Gengar|0 fnt
|faint|p2a: Gengar
|
|t:|1731198054
|switch|p2a: Zapdos|Zapdos|100/100
|
|-weather|Sandstorm|[upkeep]
|-damage|p2a: Zapdos|94/100|[from] Sandstorm
|-heal|p2a: Zapdos|100/100|[from] item: Leftovers
|-heal|p1a: Tyranitar|17/100 brn|[from] item: Leftovers
|-damage|p1a: Tyranitar|5/100 brn|[from] brn
|upkeep
|turn|9
|
|t:|1731198077
|move|p2a: Zapdos|Thunderbolt|p1a: Tyranitar
|-damage|p1a: Tyranitar|0 fnt
|faint|p1a: Tyranitar
|
|t:|1731198078
|switch|p1a: Jirachi|Jirachi, shiny|100/100
|
|-weather|Sandstorm|[upkeep]
|-damage|p2a: Zapdos|94/100|[from] Sandstorm
|-heal|p2a: Zapdos|100/100|[from] item: Leftovers
|upkeep
|turn|10
|inactive|Hydreigon > Latias has 270 seconds left.
|inactive|Hydreigon > Latias has 240 seconds left.
|
|t:|1731198144
|switch|p2a: Swampert|Swampert, F|100/100
|move|p1a: Jirachi|Toxic|p2a: Swampert
|-status|p2a: Swampert|tox
|
|-weather|Sandstorm|[upkeep]
|-damage|p2a: Swampert|94/100 tox|[from] psn
|upkeep
|turn|11
|
|t:|1731198158
|move|p1a: Jirachi|Protect|p1a: Jirachi
|-singleturn|p1a: Jirachi|Protect
|move|p2a: Swampert|Refresh|p2a: Swampert
|-curestatus|p2a: Swampert|tox|[msg]
|
|-weather|Sandstorm|[upkeep]
|-heal|p2a: Swampert|100/100|[from] item: Leftovers
|upkeep
|turn|12
|
|t:|1731198169
|move|p1a: Jirachi|Toxic|p2a: Swampert
|-status|p2a: Swampert|tox
|move|p2a: Swampert|Surf|p1a: Jirachi
|-damage|p1a: Jirachi|83/100
|
|-weather|Sandstorm|[upkeep]
|-heal|p1a: Jirachi|89/100|[from] item: Leftovers
|-damage|p2a: Swampert|94/100 tox|[from] psn
|upkeep
|turn|13
|
|t:|1731198176
|switch|p1a: Skarmory|Skarmory, F|100/100
|move|p2a: Swampert|Refresh|p2a: Swampert
|-curestatus|p2a: Swampert|tox|[msg]
|
|-weather|Sandstorm|[upkeep]
|-heal|p2a: Swampert|100/100|[from] item: Leftovers
|upkeep
|turn|14
|
|t:|1731198189
|switch|p2a: Skarmory|Skarmory, M|100/100
|move|p1a: Skarmory|Spikes|p2a: Skarmory
|-sidestart|p2: Hydreigon > Latias|Spikes
|
|-weather|Sandstorm|[upkeep]
|upkeep
|turn|15
|
|t:|1731198194
|switch|p1a: Gengar|Gengar, M, shiny|100/100
|move|p2a: Skarmory|Spikes|p1a: Gengar
|-sidestart|p1: earl gr3y|Spikes
|
|-weather|Sandstorm|[upkeep]
|-damage|p1a: Gengar|95/100|[from] Sandstorm
|-heal|p1a: Gengar|100/100|[from] item: Leftovers
|upkeep
|turn|16
|inactive|Hydreigon > Latias has 270 seconds left.
|
|t:|1731198206
|move|p2a: Skarmory|Protect|p2a: Skarmory
|-singleturn|p2a: Skarmory|Protect
|move|p1a: Gengar|Will-O-Wisp|p2a: Skarmory|[miss]
|-miss|p1a: Gengar|p2a: Skarmory
|
|-weather|Sandstorm|[upkeep]
|-damage|p1a: Gengar|95/100|[from] Sandstorm
|-heal|p1a: Gengar|100/100|[from] item: Leftovers
|upkeep
|turn|17
|inactive|Hydreigon > Latias has 270 seconds left.
|
|t:|1731198213
|switch|p2a: Swampert|Swampert, F|100/100
|-damage|p2a: Swampert|88/100|[from] Spikes
|move|p1a: Gengar|Taunt|p2a: Swampert
|-start|p2a: Swampert|move: Taunt
|
|-weather|Sandstorm|[upkeep]
|-damage|p1a: Gengar|95/100|[from] Sandstorm
|-heal|p1a: Gengar|100/100|[from] item: Leftovers
|-heal|p2a: Swampert|94/100|[from] item: Leftovers
|upkeep
|turn|18
|
|t:|1731198215
|move|p1a: Gengar|Will-O-Wisp|p2a: Swampert
|-status|p2a: Swampert|brn
|move|p2a: Swampert|Surf|p1a: Gengar
|-damage|p1a: Gengar|68/100
|
|-weather|Sandstorm|[upkeep]
|-damage|p1a: Gengar|63/100|[from] Sandstorm
|-heal|p1a: Gengar|68/100|[from] item: Leftovers
|-heal|p2a: Swampert|100/100 brn|[from] item: Leftovers
|-damage|p2a: Swampert|88/100 brn|[from] brn
|-end|p2a: Swampert|move: Taunt|[silent]
|upkeep
|turn|19
|
|t:|1731198223
|switch|p1a: Skarmory|Skarmory, F|100/100
|move|p2a: Swampert|Refresh|p2a: Swampert
|-curestatus|p2a: Swampert|brn|[msg]
|
|-weather|Sandstorm|[upkeep]
|-heal|p2a: Swampert|94/100|[from] item: Leftovers
|upkeep
|turn|20
|
|t:|1731198230
|switch|p2a: Skarmory|Skarmory, M|100/100
|move|p1a: Skarmory|Roar|p2a: Skarmory
|drag|p2a: Zapdos|Zapdos|100/100
|
|-weather|Sandstorm|[upkeep]
|-damage|p2a: Zapdos|94/100|[from] Sandstorm
|-heal|p2a: Zapdos|100/100|[from] item: Leftovers
|upkeep
|turn|21
|
|t:|1731198238
|switch|p1a: Jirachi|Jirachi, shiny|89/100
|-damage|p1a: Jirachi|77/100|[from] Spikes
|move|p2a: Zapdos|Toxic|p1a: Jirachi
|-immune|p1a: Jirachi
|
|-weather|Sandstorm|[upkeep]
|-damage|p2a: Zapdos|94/100|[from] Sandstorm
|-heal|p2a: Zapdos|100/100|[from] item: Leftovers
|-heal|p1a: Jirachi|83/100|[from] item: Leftovers
|upkeep
|turn|22
|
|t:|1731198245
|switch|p2a: Swampert|Swampert, F|94/100
|-damage|p2a: Swampert|82/100|[from] Spikes
|move|p1a: Jirachi|Fire Punch|p2a: Swampert
|-resisted|p2a: Swampert
|-damage|p2a: Swampert|75/100
|
|-weather|Sandstorm|[upkeep]
|-heal|p1a: Jirachi|89/100|[from] item: Leftovers
|-heal|p2a: Swampert|81/100|[from] item: Leftovers
|upkeep
|turn|23
|
|t:|1731198251
|move|p1a: Jirachi|Toxic|p2a: Swampert
|-status|p2a: Swampert|tox
|move|p2a: Swampert|Surf|p1a: Jirachi
|-damage|p1a: Jirachi|70/100
|
|-weather|Sandstorm|[upkeep]
|-heal|p1a: Jirachi|76/100|[from] item: Leftovers
|-heal|p2a: Swampert|87/100 tox|[from] item: Leftovers
|-damage|p2a: Swampert|81/100 tox|[from] psn
|upkeep
|turn|24
|
|t:|1731198253
|move|p1a: Jirachi|Wish|p1a: Jirachi
|move|p2a: Swampert|Refresh|p2a: Swampert
|-curestatus|p2a: Swampert|tox|[msg]
|
|-weather|Sandstorm|[upkeep]
|-heal|p1a: Jirachi|82/100|[from] item: Leftovers
|-heal|p2a: Swampert|87/100|[from] item: Leftovers
|upkeep
|turn|25
|
|t:|1731198259
|move|p1a: Jirachi|Fire Punch|p2a: Swampert
|-resisted|p2a: Swampert
|-damage|p2a: Swampert|80/100
|move|p2a: Swampert|Surf|p1a: Jirachi
|-damage|p1a: Jirachi|62/100
|
|-heal|p1a: Jirachi|100/100|[from] move: Wish|[wisher] Jirachi
|-weather|Sandstorm|[upkeep]
|-heal|p2a: Swampert|87/100|[from] item: Leftovers
|upkeep
|turn|26
|
|t:|1731198273
|move|p1a: Jirachi|Toxic|p2a: Swampert
|-status|p2a: Swampert|tox
|move|p2a: Swampert|Surf|p1a: Jirachi
|-damage|p1a: Jirachi|82/100
|
|-weather|Sandstorm|[upkeep]
|-heal|p1a: Jirachi|89/100|[from] item: Leftovers
|-heal|p2a: Swampert|93/100 tox|[from] item: Leftovers
|-damage|p2a: Swampert|87/100 tox|[from] psn
|upkeep
|turn|27
|
|t:|1731198279
|switch|p1a: Skarmory|Skarmory, F|100/100
|move|p2a: Swampert|Refresh|p2a: Swampert
|-curestatus|p2a: Swampert|tox|[msg]
|
|-weather|Sandstorm|[upkeep]
|-heal|p2a: Swampert|93/100|[from] item: Leftovers
|upkeep
|turn|28
|
|t:|1731198284
|switch|p2a: Skarmory|Skarmory, M|100/100
|move|p1a: Skarmory|Spikes|p2a: Skarmory
|-sidestart|p2: Hydreigon > Latias|Spikes
|
|-weather|Sandstorm|[upkeep]
|upkeep
|turn|29
|
|t:|1731198289
|move|p1a: Skarmory|Spikes|p2a: Skarmory
|-sidestart|p2: Hydreigon > Latias|Spikes
|move|p2a: Skarmory|Spikes|p1a: Skarmory
|-sidestart|p1: earl gr3y|Spikes
|
|-weather|Sandstorm|[upkeep]
|upkeep
|turn|30
|
|t:|1731198293
|switch|p1a: Gengar|Gengar, M, shiny|68/100
|move|p2a: Skarmory|Roar|p1a: Gengar
|drag|p1a: Jirachi|Jirachi, shiny|89/100
|-damage|p1a: Jirachi|72/100|[from] Spikes
|
|-weather|Sandstorm|[upkeep]
|-heal|p1a: Jirachi|78/100|[from] item: Leftovers
|upkeep
|turn|31
|
|t:|1731198296
|move|p1a: Jirachi|Fire Punch|p2a: Skarmory
|-supereffective|p2a: Skarmory
|-damage|p2a: Skarmory|67/100
|move|p2a: Skarmory|Roar|p1a: Jirachi
|drag|p1a: Skarmory|Skarmory, F|100/100
|
|-weather|Sandstorm|[upkeep]
|-heal|p2a: Skarmory|73/100|[from] item: Leftovers
|upkeep
|turn|32
|
|t:|1731198303
|switch|p1a: Gengar|Gengar, M, shiny|68/100
|move|p2a: Skarmory|Spikes|p1a: Gengar
|-sidestart|p1: earl gr3y|Spikes
|
|-weather|Sandstorm|[upkeep]
|-damage|p1a: Gengar|63/100|[from] Sandstorm
|-heal|p1a: Gengar|68/100|[from] item: Leftovers
|-heal|p2a: Skarmory|79/100|[from] item: Leftovers
|upkeep
|turn|33
|
|t:|1731198305
|move|p2a: Skarmory|Protect|p2a: Skarmory
|-singleturn|p2a: Skarmory|Protect
|move|p1a: Gengar|Thunderbolt|p2a: Skarmory
|-activate|p2a: Skarmory|Protect
|
|-weather|Sandstorm|[upkeep]
|-damage|p1a: Gengar|63/100|[from] Sandstorm
|-heal|p1a: Gengar|68/100|[from] item: Leftovers
|-heal|p2a: Skarmory|85/100|[from] item: Leftovers
|upkeep
|turn|34
|
|t:|1731198311
|switch|p2a: Swampert|Swampert, F|93/100
|-damage|p2a: Swampert|68/100|[from] Spikes
|move|p1a: Gengar|Thunderbolt|p2a: Swampert
|-immune|p2a: Swampert
|
|-weather|Sandstorm|[upkeep]
|-damage|p1a: Gengar|63/100|[from] Sandstorm
|-heal|p1a: Gengar|68/100|[from] item: Leftovers
|-heal|p2a: Swampert|74/100|[from] item: Leftovers
|upkeep
|turn|35
|
|t:|1731198321
|move|p1a: Gengar|Will-O-Wisp|p2a: Swampert
|-status|p2a: Swampert|brn
|move|p2a: Swampert|Surf|p1a: Gengar
|-damage|p1a: Gengar|36/100
|
|-weather|Sandstorm|[upkeep]
|-damage|p1a: Gengar|30/100|[from] Sandstorm
|-heal|p1a: Gengar|36/100|[from] item: Leftovers
|-heal|p2a: Swampert|80/100 brn|[from] item: Leftovers
|-damage|p2a: Swampert|68/100 brn|[from] brn
|upkeep
|turn|36
|
|t:|1731198329
|switch|p1a: Salamence|Salamence, M|100/100
|-ability|p1a: Salamence|Intimidate|boost
|-unboost|p2a: Swampert|atk|1
|move|p2a: Swampert|Refresh|p2a: Swampert
|-curestatus|p2a: Swampert|brn|[msg]
|
|-weather|Sandstorm|[upkeep]
|-damage|p1a: Salamence|94/100|[from] Sandstorm
|-heal|p1a: Salamence|100/100|[from] item: Leftovers
|-heal|p2a: Swampert|74/100|[from] item: Leftovers
|upkeep
|turn|37
|
|t:|1731198332
|move|p2a: Swampert|Protect|p2a: Swampert
|-singleturn|p2a: Swampert|Protect
|move|p1a: Salamence|Hidden Power|p2a: Swampert
|-activate|p2a: Swampert|Protect
|
|-weather|Sandstorm|[upkeep]
|-damage|p1a: Salamence|94/100|[from] Sandstorm
|-heal|p1a: Salamence|100/100|[from] item: Leftovers
|-heal|p2a: Swampert|80/100|[from] item: Leftovers
|upkeep
|turn|38
|
|t:|1731198337
|switch|p2a: Zapdos|Zapdos|100/100
|move|p1a: Salamence|Hidden Power|p2a: Zapdos
|-resisted|p2a: Zapdos
|-damage|p2a: Zapdos|90/100
|
|-weather|Sandstorm|[upkeep]
|-damage|p1a: Salamence|94/100|[from] Sandstorm
|-damage|p2a: Zapdos|83/100|[from] Sandstorm
|-heal|p1a: Salamence|100/100|[from] item: Leftovers
|-heal|p2a: Zapdos|90/100|[from] item: Leftovers
|upkeep
|turn|39
|
|t:|1731198356
|switch|p1a: Jirachi|Jirachi, shiny|78/100
|-damage|p1a: Jirachi|53/100|[from] Spikes
|move|p2a: Zapdos|Thunderbolt|p1a: Jirachi
|-damage|p1a: Jirachi|24/100
|
|-weather|Sandstorm|[upkeep]
|-damage|p2a: Zapdos|83/100|[from] Sandstorm
|-heal|p2a: Zapdos|90/100|[from] item: Leftovers
|-heal|p1a: Jirachi|30/100|[from] item: Leftovers
|upkeep
|turn|40
|
|t:|1731198363
|switch|p2a: Tyranitar|Tyranitar, M|100/100
|-damage|p2a: Tyranitar|75/100|[from] Spikes
|move|p1a: Jirachi|Protect||[still]
|-fail|p1a: Jirachi
|
|-weather|Sandstorm|[upkeep]
|-heal|p1a: Jirachi|37/100|[from] item: Leftovers
|-heal|p2a: Tyranitar|82/100|[from] item: Leftovers
|upkeep
|turn|41
|
|t:|1731198367
|move|p1a: Jirachi|Protect|p1a: Jirachi
|-singleturn|p1a: Jirachi|Protect
|move|p2a: Tyranitar|Earthquake|p1a: Jirachi
|-activate|p1a: Jirachi|Protect
|
|-weather|Sandstorm|[upkeep]
|-heal|p1a: Jirachi|43/100|[from] item: Leftovers
|-heal|p2a: Tyranitar|88/100|[from] item: Leftovers
|upkeep
|turn|42
|
|t:|1731198376
|switch|p1a: Gengar|Gengar, M, shiny|36/100
|move|p2a: Tyranitar|Earthquake|p1a: Gengar
|-immune|p1a: Gengar
|
|-weather|Sandstorm|[upkeep]
|-damage|p1a: Gengar|30/100|[from] Sandstorm
|-heal|p1a: Gengar|36/100|[from] item: Leftovers
|-heal|p2a: Tyranitar|94/100|[from] item: Leftovers
|upkeep
|turn|43
|
|t:|1731198385
|switch|p2a: Swampert|Swampert, F|80/100
|-damage|p2a: Swampert|55/100|[from] Spikes
|move|p1a: Gengar|Destiny Bond|p1a: Gengar
|-singlemove|p1a: Gengar|Destiny Bond
|
|-weather|Sandstorm|[upkeep]
|-damage|p1a: Gengar|30/100|[from] Sandstorm
|-heal|p1a: Gengar|36/100|[from] item: Leftovers
|-heal|p2a: Swampert|61/100|[from] item: Leftovers
|upkeep
|turn|44
|
|t:|1731198402
|switch|p1a: Jirachi|Jirachi, shiny|43/100
|-damage|p1a: Jirachi|18/100|[from] Spikes
|move|p2a: Swampert|Protect||[still]
|-fail|p2a: Swampert
|
|-weather|Sandstorm|[upkeep]
|-heal|p1a: Jirachi|24/100|[from] item: Leftovers
|-heal|p2a: Swampert|68/100|[from] item: Leftovers
|upkeep
|turn|45
|
|t:|1731198426
|move|p1a: Jirachi|Wish|p1a: Jirachi
|move|p2a: Swampert|Surf|p1a: Jirachi
|-damage|p1a: Jirachi|4/100
|
|-weather|Sandstorm|[upkeep]
|-heal|p1a: Jirachi|10/100|[from] item: Leftovers
|-heal|p2a: Swampert|74/100|[from] item: Leftovers
|upkeep
|turn|46
|
|t:|1731198437
|switch|p2a: Skarmory|Skarmory, M|85/100
|move|p1a: Jirachi|Protect||[still]
|-fail|p1a: Jirachi
|
|-heal|p1a: Jirachi|60/100|[from] move: Wish|[wisher] Jirachi
|-weather|Sandstorm|[upkeep]
|-heal|p1a: Jirachi|66/100|[from] item: Leftovers
|-heal|p2a: Skarmory|91/100|[from] item: Leftovers
|upkeep
|turn|47
|
|t:|1731198439
|move|p1a: Jirachi|Fire Punch|p2a: Skarmory
|-supereffective|p2a: Skarmory
|-damage|p2a: Skarmory|61/100
|-status|p2a: Skarmory|brn
|move|p2a: Skarmory|Roar|p1a: Jirachi
|drag|p1a: Salamence|Salamence, M|100/100
|-ability|p1a: Salamence|Intimidate|boost
|-unboost|p2a: Skarmory|atk|1
|
|-weather|Sandstorm|[upkeep]
|-damage|p1a: Salamence|94/100|[from] Sandstorm
|-heal|p1a: Salamence|100/100|[from] item: Leftovers
|-heal|p2a: Skarmory|67/100 brn|[from] item: Leftovers
|-damage|p2a: Skarmory|55/100 brn|[from] brn
|upkeep
|turn|48
|
|t:|1731198445
|switch|p2a: Aerodactyl|Aerodactyl, M|100/100
|move|p1a: Salamence|Fire Blast|p2a: Aerodactyl
|-resisted|p2a: Aerodactyl
|-damage|p2a: Aerodactyl|76/100
|
|-weather|Sandstorm|[upkeep]
|-damage|p1a: Salamence|94/100|[from] Sandstorm
|-heal|p1a: Salamence|100/100|[from] item: Leftovers
|upkeep
|turn|49
|
|t:|1731198456
|switch|p1a: Skarmory|Skarmory, F|100/100
|move|p2a: Aerodactyl|Rock Slide|p1a: Skarmory
|-damage|p1a: Skarmory|65/100
|
|-weather|Sandstorm|[upkeep]
|-heal|p1a: Skarmory|71/100|[from] item: Leftovers
|upkeep
|turn|50
|
|t:|1731198465
|move|p2a: Aerodactyl|Rock Slide|p1a: Skarmory
|-damage|p1a: Skarmory|32/100
|move|p1a: Skarmory|Toxic|p2a: Aerodactyl
|-status|p2a: Aerodactyl|tox
|
|-weather|Sandstorm|[upkeep]
|-damage|p2a: Aerodactyl|70/100 tox|[from] psn
|-heal|p1a: Skarmory|38/100|[from] item: Leftovers
|upkeep
|turn|51
|
|t:|1731198468
|move|p1a: Skarmory|Protect|p1a: Skarmory
|-singleturn|p1a: Skarmory|Protect
|move|p2a: Aerodactyl|Rock Slide|p1a: Skarmory
|-activate|p1a: Skarmory|Protect
|
|-weather|Sandstorm|[upkeep]
|-damage|p2a: Aerodactyl|58/100 tox|[from] psn
|-heal|p1a: Skarmory|44/100|[from] item: Leftovers
|upkeep
|turn|52
|
|t:|1731198471
|switch|p1a: Jirachi|Jirachi, shiny|66/100
|-damage|p1a: Jirachi|41/100|[from] Spikes
|move|p2a: Aerodactyl|Rock Slide|p1a: Jirachi
|-resisted|p1a: Jirachi
|-damage|p1a: Jirachi|21/100
|
|-weather|Sandstorm|[upkeep]
|-damage|p2a: Aerodactyl|40/100 tox|[from] psn
|-heal|p1a: Jirachi|28/100|[from] item: Leftovers
|upkeep
|turn|53
|
|t:|1731198474
|switch|p2a: Tyranitar|Tyranitar, M|94/100
|-damage|p2a: Tyranitar|69/100|[from] Spikes
|move|p1a: Jirachi|Wish|p1a: Jirachi
|
|-weather|Sandstorm|[upkeep]
|-heal|p1a: Jirachi|34/100|[from] item: Leftovers
|-heal|p2a: Tyranitar|75/100|[from] item: Leftovers
|upkeep
|turn|54
|
|t:|1731198481
|move|p1a: Jirachi|Protect|p1a: Jirachi
|-singleturn|p1a: Jirachi|Protect
|move|p2a: Tyranitar|Dragon Dance|p2a: Tyranitar
|-boost|p2a: Tyranitar|atk|1
|-boost|p2a: Tyranitar|spe|1
|
|-heal|p1a: Jirachi|84/100|[from] move: Wish|[wisher] Jirachi
|-weather|Sandstorm|[upkeep]
|-heal|p2a: Tyranitar|81/100|[from] item: Leftovers
|-heal|p1a: Jirachi|90/100|[from] item: Leftovers
|upkeep
|turn|55
|
|t:|1731198489
|switch|p1a: Salamence|Salamence, M|100/100
|-ability|p1a: Salamence|Intimidate|boost
|-unboost|p2a: Tyranitar|atk|1
|move|p2a: Tyranitar|Earthquake|p1a: Salamence
|-immune|p1a: Salamence
|
|-weather|Sandstorm|[upkeep]
|-damage|p1a: Salamence|94/100|[from] Sandstorm
|-heal|p2a: Tyranitar|88/100|[from] item: Leftovers
|-heal|p1a: Salamence|100/100|[from] item: Leftovers
|upkeep
|turn|56
|
|t:|1731198511
|switch|p1a: Swampert|Swampert, M|100/100
|-damage|p1a: Swampert|76/100|[from] Spikes
|move|p2a: Tyranitar|Dragon Dance|p2a: Tyranitar
|-boost|p2a: Tyranitar|atk|1
|-boost|p2a: Tyranitar|spe|1
|
|-weather|Sandstorm|[upkeep]
|-heal|p2a: Tyranitar|94/100|[from] item: Leftovers
|-heal|p1a: Swampert|82/100|[from] item: Leftovers
|upkeep
|turn|57
|
|t:|1731198518
|move|p2a: Tyranitar|Earthquake|p1a: Swampert
|-damage|p1a: Swampert|48/100
|move|p1a: Swampert|Hydro Pump|p2a: Tyranitar
|-supereffective|p2a: Tyranitar
|-damage|p2a: Tyranitar|30/100
|
|-weather|Sandstorm|[upkeep]
|-heal|p2a: Tyranitar|37/100|[from] item: Leftovers
|-heal|p1a: Swampert|54/100|[from] item: Leftovers
|upkeep
|turn|58
|
|t:|1731198529
|switch|p2a: Skarmory|Skarmory, M|55/100 brn
|move|p1a: Swampert|Earthquake|p2a: Skarmory
|-immune|p2a: Skarmory
|
|-weather|Sandstorm|[upkeep]
|-heal|p2a: Skarmory|61/100 brn|[from] item: Leftovers
|-damage|p2a: Skarmory|48/100 brn|[from] brn
|-heal|p1a: Swampert|61/100|[from] item: Leftovers
|upkeep
|turn|59
|
|t:|1731198532
|move|p1a: Swampert|Protect|p1a: Swampert
|-singleturn|p1a: Swampert|Protect
|move|p2a: Skarmory|Roar|p1a: Swampert
|-activate|p1a: Swampert|Protect
|
|-weather|Sandstorm|[upkeep]
|-heal|p2a: Skarmory|54/100 brn|[from] item: Leftovers
|-damage|p2a: Skarmory|42/100 brn|[from] brn
|-heal|p1a: Swampert|67/100|[from] item: Leftovers
|upkeep
|turn|60
|
|t:|1731198541
|move|p1a: Swampert|Hydro Pump|p2a: Skarmory
|-damage|p2a: Skarmory|6/100 brn
|move|p2a: Skarmory|Roar|p1a: Swampert
|drag|p1a: Jirachi|Jirachi, shiny|90/100
|-damage|p1a: Jirachi|65/100|[from] Spikes
|
|-weather|Sandstorm|[upkeep]
|-heal|p1a: Jirachi|71/100|[from] item: Leftovers
|-heal|p2a: Skarmory|12/100 brn|[from] item: Leftovers
|-damage|p2a: Skarmory|0 fnt|[from] brn
|faint|p2a: Skarmory
|upkeep
|
|t:|1731198547
|switch|p2a: Tyranitar|Tyranitar, M|37/100
|-damage|p2a: Tyranitar|12/100|[from] Spikes
|turn|61
|
|t:|1731198557
|move|p1a: Jirachi|Toxic|p2a: Tyranitar
|-status|p2a: Tyranitar|tox
|move|p2a: Tyranitar|Earthquake|p1a: Jirachi
|-supereffective|p1a: Jirachi
|-damage|p1a: Jirachi|17/100
|
|-weather|Sandstorm|[upkeep]
|-heal|p1a: Jirachi|23/100|[from] item: Leftovers
|-heal|p2a: Tyranitar|18/100 tox|[from] item: Leftovers
|-damage|p2a: Tyranitar|12/100 tox|[from] psn
|upkeep
|turn|62
|
|t:|1731198573
|move|p1a: Jirachi|Protect|p1a: Jirachi
|-singleturn|p1a: Jirachi|Protect
|move|p2a: Tyranitar|Earthquake|p1a: Jirachi
|-activate|p1a: Jirachi|Protect
|
|-weather|Sandstorm|[upkeep]
|-heal|p1a: Jirachi|30/100|[from] item: Leftovers
|-heal|p2a: Tyranitar|18/100 tox|[from] item: Leftovers
|-damage|p2a: Tyranitar|5/100 tox|[from] psn
|upkeep
|turn|63
|
|t:|1731198579
|move|p1a: Jirachi|Protect||[still]
|-fail|p1a: Jirachi
|move|p2a: Tyranitar|Earthquake|p1a: Jirachi
|-supereffective|p1a: Jirachi
|-crit|p1a: Jirachi
|-damage|p1a: Jirachi|0 fnt
|faint|p1a: Jirachi
|
|t:|1731198587
|switch|p1a: Skarmory|Skarmory, F|44/100
|
|-weather|Sandstorm|[upkeep]
|-heal|p2a: Tyranitar|12/100 tox|[from] item: Leftovers
|-damage|p2a: Tyranitar|0 fnt|[from] psn
|faint|p2a: Tyranitar
|-heal|p1a: Skarmory|50/100|[from] item: Leftovers
|upkeep
|
|t:|1731198590
|switch|p2a: Zapdos|Zapdos|90/100
|turn|64
|
|t:|1731198597
|switch|p1a: Swampert|Swampert, M|67/100
|-damage|p1a: Swampert|42/100|[from] Spikes
|move|p2a: Zapdos|Thunderbolt|p1a: Swampert
|-immune|p1a: Swampert
|
|-weather|Sandstorm|[upkeep]
|-damage|p2a: Zapdos|83/100|[from] Sandstorm
|-heal|p2a: Zapdos|90/100|[from] item: Leftovers
|-heal|p1a: Swampert|48/100|[from] item: Leftovers
|upkeep
|turn|65
|
|t:|1731198599
|switch|p1a: Gengar|Gengar, M, shiny|36/100
|move|p2a: Zapdos|Toxic|p1a: Gengar
|-immune|p1a: Gengar
|
|-weather|Sandstorm|[upkeep]
|-damage|p1a: Gengar|30/100|[from] Sandstorm
|-damage|p2a: Zapdos|83/100|[from] Sandstorm
|-heal|p1a: Gengar|36/100|[from] item: Leftovers
|-heal|p2a: Zapdos|90/100|[from] item: Leftovers
|upkeep
|turn|66
|
|t:|1731198603
|move|p2a: Zapdos|Protect|p2a: Zapdos
|-singleturn|p2a: Zapdos|Protect
|move|p1a: Gengar|Destiny Bond|p1a: Gengar
|-singlemove|p1a: Gengar|Destiny Bond
|
|-weather|Sandstorm|[upkeep]
|-damage|p1a: Gengar|30/100|[from] Sandstorm
|-damage|p2a: Zapdos|83/100|[from] Sandstorm
|-heal|p1a: Gengar|36/100|[from] item: Leftovers
|-heal|p2a: Zapdos|90/100|[from] item: Leftovers
|upkeep
|turn|67
|
|t:|1731198615
|switch|p2a: Aerodactyl|Aerodactyl, M|40/100 tox
|move|p1a: Gengar|Thunderbolt|p2a: Aerodactyl
|-supereffective|p2a: Aerodactyl
|-damage|p2a: Aerodactyl|0 fnt
|faint|p2a: Aerodactyl
|
|t:|1731198617
|switch|p2a: Zapdos|Zapdos|90/100
|
|-weather|Sandstorm|[upkeep]
|-damage|p1a: Gengar|30/100|[from] Sandstorm
|-damage|p2a: Zapdos|83/100|[from] Sandstorm
|-heal|p1a: Gengar|36/100|[from] item: Leftovers
|-heal|p2a: Zapdos|90/100|[from] item: Leftovers
|upkeep
|turn|68
|
|t:|1731198621
|move|p1a: Gengar|Destiny Bond|p1a: Gengar
|-singlemove|p1a: Gengar|Destiny Bond
|move|p2a: Zapdos|Hidden Power|p1a: Gengar
|-crit|p1a: Gengar
|-damage|p1a: Gengar|0 fnt
|faint|p1a: Gengar
|-activate|p1a: Gengar|move: Destiny Bond
|faint|p2a: Zapdos
|
|t:|1731198625
|switch|p1a: Salamence|Salamence, M|100/100
|switch|p2a: Swampert|Swampert, F|74/100
|-ability|p1a: Salamence|Intimidate|boost
|-unboost|p2a: Swampert|atk|1
|-damage|p2a: Swampert|49/100|[from] Spikes
|
|-weather|Sandstorm|[upkeep]
|-damage|p1a: Salamence|94/100|[from] Sandstorm
|-heal|p1a: Salamence|100/100|[from] item: Leftovers
|-heal|p2a: Swampert|55/100|[from] item: Leftovers
|upkeep
|turn|69
|
|t:|1731198628
|move|p1a: Salamence|Hidden Power|p2a: Swampert
|-supereffective|p2a: Swampert
|-damage|p2a: Swampert|0 fnt
|faint|p2a: Swampert
|
|win|earl gr3y
|c|☆earl gr3y|gg
|c|☆earl gr3y|/log earl gr3y made the replay of this battle unlisted.
|c|☆Hydreigon > Latias|really crit 
|player|p2|
|player|p2|Hydreigon > Latias|guitarist|
|player|p1|

</script>
<script type="application/json" class="data" id="replaydata-smogtours-gen3ou-805615">
{"id":"smogtours-gen3ou-805615","format":"[Gen 3] OU","players":["earl gr3y","Hydreigon > Latias"],"uploadtime":1731198628,"views":24,"formatid":"gen3ou","rating":null,"private":1,"password":null}
</script>

<script defer src="js/replays.js?9d40a366"></script>
