<!DOCTYPE html>
<meta charset="utf-8" />
<meta name="viewport" content="width=device-width" />

<title>[Gen 3] OU: pokology2 vs. clarissen - Replays - Pok&eacute;mon Showdown!</title>

<meta name="description" content="Watch a replay of a Pok&eacute;mon battle between pokology2 and clarissen! Format: [Gen 3] OU; Date: Oct 19, 2024" />
<!--

Hey, you! Looking in the source for the replay log?

You can find them in JSON format, just add `.json` at the end of a replay URL.

https://replay.pokemonshowdown.com/gen7randomdoublesbattle-865046831.json

Or, if you only need the log itself, add `.log` instead:

https://replay.pokemonshowdown.com/gen7randomdoublesbattle-865046831.log

-->

<link rel="stylesheet" href="//pokemonshowdown.com/style/global.css?0.023195364461161105" />
<link rel="stylesheet" href="//play.pokemonshowdown.com/style/font-awesome.css?0.13261647063804238" />
<link rel="stylesheet" href="//play.pokemonshowdown.com/style/battle.css?0.8753245789963631" />
<link rel="stylesheet" href="//play.pokemonshowdown.com/style/utilichart.css?0.8627959624976733" />

<!-- Global site tag (gtag.js) - Google Analytics -->
<script async src="https://www.googletagmanager.com/gtag/js?id=UA-26211653-1"></script>
<script>
  window.dataLayer = window.dataLayer || [];
  function gtag(){dataLayer.push(arguments);}
  gtag('js', new Date());

  gtag('config', 'UA-26211653-1');
</script>
<!-- End Google Analytics -->
<!-- Venatus Ad Manager - Install in <HEAD> of page -->
	<script src="https://hb.vntsm.com/v3/live/ad-manager.min.js" type="text/javascript" data-site-id="642aba63ec9a7b11c3c9c1be" data-mode="scan" async></script>
<!-- / Venatus Ad Manager -->

<style>
	@media (max-width:820px) {
		.battle {
			margin: 0 auto;
		}
		.battle-log {
			margin: 7px auto 0;
			max-width: 640px;
			height: 300px;
			position: static;
		}
	}
	.optgroup {
		display: inline-block;
		line-height: 22px;
		font-size: 10pt;
	}
	.optgroup .button {
		height: 25px;
		padding-top: 0;
		padding-bottom: 0;
	}
	.optgroup button.button {
		padding-left: 12px;
		padding-right: 12px;
	}
	.linklist {
		list-style: none;
		margin: 0.5em 0;
		padding: 0;
	}
	.linklist li {
		padding: 2px 0;
	}
	.sidebar {
		float: left;
		width: 320px;
	}
	.bar-wrapper {
		max-width: 1100px;
		margin: 0 auto;
	}
	.bar-wrapper.has-sidebar {
		max-width: 1430px;
	}
	.mainbar {
		margin: 0;
		padding-right: 1px;
	}
	.mainbar.has-sidebar {
		margin-left: 330px;
	}
	@media (min-width: 1511px) {
		.sidebar {
			width: 400px;
		}
		.bar-wrapper.has-sidebar {
			max-width: 1510px;
		}
		.mainbar.has-sidebar {
			margin-left: 410px;
		}
	}
	.section.first-section {
		margin-top: 9px;
	}
	.blocklink small {
		white-space: normal;
	}
	.button {
		vertical-align: middle;
	}
	.replay-controls {
		padding-top: 10px;
	}
	.replay-controls h1 {
		font-size: 16pt;
		font-weight: normal;
		color: #CCC;
	}
	.pagelink {
		text-align: center;
	}
	.pagelink a {
		width: 150px;
	}
	.textbox, .button {
		font-size: 11pt;
		vertical-align: middle;
	}
	@media (max-width: 450px) {
		.button {
			font-size: 9pt;
		}
	}
</style>

<div>

	<header>
		<div class="nav-wrapper"><ul class="nav">
			<li><a class="button nav-first" href="//pokemonshowdown.com/"><img src="//pokemonshowdown.com/images/pokemonshowdownbeta.png" srcset="//pokemonshowdown.com/images/pokemonshowdownbeta.png 1x, //pokemonshowdown.com/images/pokemonshowdownbeta@2x.png 2x" alt="Pok&eacute;mon Showdown" width="146" height="44" /> Home</a></li>
			<li><a class="button" href="//pokemonshowdown.com/dex/">Pok&eacute;dex</a></li>
			<li><a class="button cur" href="/">Replays</a></li>
			<li><a class="button" href="//pokemonshowdown.com/ladder/">Ladder</a></li>
			<li><a class="button nav-last" href="//pokemonshowdown.com/forums/">Forum</a></li>
			<li><a class="button greenbutton nav-first nav-last" href="//play.pokemonshowdown.com/">Play</a></li>
		</ul></div>
	</header>

	<div class="main" id="main">

		<noscript><section class="section">You need to enable JavaScript to use this page; sorry!</section></noscript>

	</div>

</div>

<script defer nomodule src="//play.pokemonshowdown.com/js/lib/ps-polyfill.js"></script>
<script defer src="//play.pokemonshowdown.com/js/lib/preact.min.js"></script>

<script defer src="//play.pokemonshowdown.com/config/config.js?2bddbc15"></script>
<script defer src="//play.pokemonshowdown.com/js/lib/jquery-1.11.0.min.js"></script>
<script defer src="//play.pokemonshowdown.com/js/lib/html-sanitizer-minified.js"></script>
<script defer src="//play.pokemonshowdown.com/js/battle-sound.js"></script>
<script defer src="//play.pokemonshowdown.com/js/battledata.js?0.7209276989879541"></script>
<script defer src="//play.pokemonshowdown.com/data/pokedex-mini.js?0.6111056340867951"></script>
<script defer src="//play.pokemonshowdown.com/data/pokedex-mini-bw.js?0.3532142036491459"></script>
<script defer src="//play.pokemonshowdown.com/data/graphics.js?0.24223875632456182"></script>
<script defer src="//play.pokemonshowdown.com/data/pokedex.js?0.38839984266356864"></script>
<script defer src="//play.pokemonshowdown.com/data/moves.js?0.21866028504024015"></script>
<script defer src="//play.pokemonshowdown.com/data/abilities.js?0.2005157953846628"></script>
<script defer src="//play.pokemonshowdown.com/data/items.js?0.9894211263848525"></script>
<script defer src="//play.pokemonshowdown.com/data/teambuilder-tables.js?0.6008791140282215"></script>
<script defer src="//play.pokemonshowdown.com/js/battle-tooltips.js?0.7580118955022959"></script>
<script defer src="//play.pokemonshowdown.com/js/battle.js?0.6057722274234274"></script>

<script defer src="js/utils.js?e31f9a17"></script>
<script defer src="js/replays-battle.js?7008c182"></script>

<!-- don't scrape this data! just add .json or .log after the URL!
Full API docs: https://github.com/smogon/pokemon-showdown-client/blob/master/WEB-API.md -->
<script type="text/plain" class="log" id="replaylog-smogtours-gen3ou-799802">
|inactive|Battle timer is ON: inactive players will automatically lose when time's up.
|t:|1729322152
|gametype|singles
|player|p1|pokology2|266|
|player|p2|clarissen|170|
|teamsize|p1|6
|teamsize|p2|6
|gen|3
|tier|[Gen 3] OU
|rule|Sleep Clause Mod: Limit one foe put to sleep
|rule|Switch Priority Clause Mod: Faster Pokémon switch first
|rule|Species Clause: Limit one of each Pokémon
|rule|OHKO Clause: OHKO moves are banned
|rule|Evasion Items Clause: Evasion items are banned
|rule|Evasion Moves Clause: Evasion moves are banned
|rule|Endless Battle Clause: Forcing endless battles is banned
|rule|HP Percentage Mod: HP is shown in percentages
|rule|One Boost Passer Clause: Limit one Baton Passer that has a way to boost its stats
|rule|Freeze Clause Mod: Limit one foe frozen
|
|t:|1729322152
|start
|switch|p1a: Tyranitar|Tyranitar, M|100/100
|switch|p2a: Tyranocif|Tyranitar, F|100/100
|-weather|Sandstorm|[from] ability: Sand Stream|[of] p1a: Tyranitar
|turn|1
|c|☆clarissen|glhf
|c|☆pokology2|gl hf :)
|
|t:|1729322180
|move|p1a: Tyranitar|Earthquake|p2a: Tyranocif
|-supereffective|p2a: Tyranocif
|-damage|p2a: Tyranocif|44/100
|move|p2a: Tyranocif|Dragon Dance|p2a: Tyranocif
|-boost|p2a: Tyranocif|atk|1
|-boost|p2a: Tyranocif|spe|1
|
|-weather|Sandstorm|[upkeep]
|-heal|p2a: Tyranocif|50/100|[from] item: Leftovers
|upkeep
|turn|2
|
|t:|1729322198
|switch|p1a: Swampert|Swampert, M|100/100
|move|p2a: Tyranocif|Earthquake|p1a: Swampert
|-damage|p1a: Swampert|63/100
|
|-weather|Sandstorm|[upkeep]
|-heal|p2a: Tyranocif|56/100|[from] item: Leftovers
|-heal|p1a: Swampert|69/100|[from] item: Leftovers
|upkeep
|turn|3
|inactive|clarissen has 270 seconds left.
|
|t:|1729322247
|switch|p2a: Blisscif|Blissey, F|100/100
|move|p1a: Swampert|Earthquake|p2a: Blisscif
|-damage|p2a: Blisscif|65/100
|
|-weather|Sandstorm|[upkeep]
|-damage|p2a: Blisscif|58/100|[from] Sandstorm
|-heal|p2a: Blisscif|65/100|[from] item: Leftovers
|-heal|p1a: Swampert|75/100|[from] item: Leftovers
|upkeep
|turn|4
|
|t:|1729322264
|move|p2a: Blisscif|Toxic|p1a: Swampert|[miss]
|-miss|p2a: Blisscif|p1a: Swampert
|move|p1a: Swampert|Earthquake|p2a: Blisscif
|-damage|p2a: Blisscif|24/100
|
|-weather|Sandstorm|[upkeep]
|-damage|p2a: Blisscif|18/100|[from] Sandstorm
|-heal|p2a: Blisscif|24/100|[from] item: Leftovers
|-heal|p1a: Swampert|81/100|[from] item: Leftovers
|upkeep
|turn|5
|
|t:|1729322275
|switch|p1a: Breloom|Breloom, F|100/100
|move|p2a: Blisscif|Soft-Boiled|p2a: Blisscif
|-heal|p2a: Blisscif|74/100
|
|-weather|Sandstorm|[upkeep]
|-damage|p1a: Breloom|94/100|[from] Sandstorm
|-damage|p2a: Blisscif|68/100|[from] Sandstorm
|-heal|p1a: Breloom|100/100|[from] item: Leftovers
|-heal|p2a: Blisscif|74/100|[from] item: Leftovers
|upkeep
|turn|6
|inactive|clarissen has 270 seconds left.
|
|t:|1729322296
|switch|p2a: Gengacif|Gengar, F|100/100
|move|p1a: Breloom|Spore|p2a: Gengacif
|-status|p2a: Gengacif|slp|[from] move: Spore
|
|-weather|Sandstorm|[upkeep]
|-damage|p2a: Gengacif|95/100 slp|[from] Sandstorm
|-damage|p1a: Breloom|94/100|[from] Sandstorm
|-heal|p2a: Gengacif|100/100 slp|[from] item: Leftovers
|-heal|p1a: Breloom|100/100|[from] item: Leftovers
|upkeep
|turn|7
|
|t:|1729322315
|switch|p2a: Moltrecif|Moltres|100/100
|switch|p1a: Cloyster|Cloyster, M|100/100
|
|-weather|Sandstorm|[upkeep]
|-damage|p2a: Moltrecif|94/100|[from] Sandstorm
|-damage|p1a: Cloyster|94/100|[from] Sandstorm
|-heal|p2a: Moltrecif|100/100|[from] item: Leftovers
|-heal|p1a: Cloyster|100/100|[from] item: Leftovers
|upkeep
|turn|8
|
|t:|1729322323
|move|p2a: Moltrecif|Overheat|p1a: Cloyster
|-damage|p1a: Cloyster|0 fnt
|-unboost|p2a: Moltrecif|spa|2
|faint|p1a: Cloyster
|inactive|pokology2 has 270 seconds left.
|
|t:|1729322350
|switch|p1a: Jolteon|Jolteon, M|100/100
|
|-weather|Sandstorm|[upkeep]
|-damage|p1a: Jolteon|94/100|[from] Sandstorm
|-damage|p2a: Moltrecif|94/100|[from] Sandstorm
|-heal|p1a: Jolteon|100/100|[from] item: Leftovers
|-heal|p2a: Moltrecif|100/100|[from] item: Leftovers
|upkeep
|turn|9
|
|t:|1729322358
|switch|p2a: Blisscif|Blissey, F|74/100
|move|p1a: Jolteon|Baton Pass|p1a: Jolteon
|
|t:|1729322364
|switch|p1a: Tyranitar|Tyranitar, M|100/100|[from] Baton Pass
|
|-weather|Sandstorm|[upkeep]
|-damage|p2a: Blisscif|68/100|[from] Sandstorm
|-heal|p2a: Blisscif|74/100|[from] item: Leftovers
|upkeep
|turn|10
|inactive|pokology2 has 270 seconds left.
|
|t:|1729322370
|switch|p2a: Skarmocif|Skarmory, M|100/100
|move|p1a: Tyranitar|Rock Slide|p2a: Skarmocif
|-damage|p2a: Skarmocif|72/100
|
|-weather|Sandstorm|[upkeep]
|-heal|p2a: Skarmocif|78/100|[from] item: Leftovers
|upkeep
|turn|11
|
|t:|1729322375
|move|p1a: Tyranitar|Dragon Dance|p1a: Tyranitar
|-boost|p1a: Tyranitar|atk|1
|-boost|p1a: Tyranitar|spe|1
|move|p2a: Skarmocif|Spikes|p1a: Tyranitar
|-sidestart|p1: pokology2|Spikes
|
|-weather|Sandstorm|[upkeep]
|-heal|p2a: Skarmocif|84/100|[from] item: Leftovers
|upkeep
|turn|12
|
|t:|1729322380
|move|p2a: Skarmocif|Protect|p2a: Skarmocif
|-singleturn|p2a: Skarmocif|Protect
|move|p1a: Tyranitar|Rock Slide|p2a: Skarmocif
|-activate|p2a: Skarmocif|Protect
|
|-weather|Sandstorm|[upkeep]
|-heal|p2a: Skarmocif|90/100|[from] item: Leftovers
|upkeep
|turn|13
|
|t:|1729322383
|move|p1a: Tyranitar|Rock Slide|p2a: Skarmocif
|-damage|p2a: Skarmocif|42/100
|cant|p2a: Skarmocif|flinch
|
|-weather|Sandstorm|[upkeep]
|-heal|p2a: Skarmocif|48/100|[from] item: Leftovers
|upkeep
|turn|14
|
|t:|1729322396
|move|p1a: Tyranitar|Rock Slide|p2a: Skarmocif
|-damage|p2a: Skarmocif|0 fnt
|faint|p2a: Skarmocif
|
|t:|1729322402
|switch|p2a: Swampcif|Swampert, F|100/100
|
|-weather|Sandstorm|[upkeep]
|upkeep
|turn|15
|inactive|pokology2 has 270 seconds left.
|
|t:|1729322445
|switch|p1a: Breloom|Breloom, F|100/100
|-damage|p1a: Breloom|88/100|[from] Spikes
|move|p2a: Swampcif|Surf|p1a: Breloom
|-resisted|p1a: Breloom
|-damage|p1a: Breloom|45/100
|
|-weather|Sandstorm|[upkeep]
|-damage|p1a: Breloom|39/100|[from] Sandstorm
|-heal|p1a: Breloom|45/100|[from] item: Leftovers
|upkeep
|turn|16
|
|t:|1729322458
|move|p1a: Breloom|Substitute|p1a: Breloom
|-start|p1a: Breloom|Substitute
|-damage|p1a: Breloom|20/100
|move|p2a: Swampcif|Ice Beam|p1a: Breloom
|-supereffective|p1a: Breloom
|-end|p1a: Breloom|Substitute
|
|-weather|Sandstorm|[upkeep]
|-damage|p1a: Breloom|14/100|[from] Sandstorm
|-heal|p1a: Breloom|20/100|[from] item: Leftovers
|upkeep
|turn|17
|
|t:|1729322465
|move|p1a: Breloom|Leech Seed|p2a: Swampcif
|-start|p2a: Swampcif|move: Leech Seed
|move|p2a: Swampcif|Surf|p1a: Breloom
|-resisted|p1a: Breloom
|-damage|p1a: Breloom|0 fnt
|faint|p1a: Breloom
|
|t:|1729322473
|switch|p1a: Charizard|Charizard, F|100/100
|
|-weather|Sandstorm|[upkeep]
|-damage|p1a: Charizard|94/100|[from] Sandstorm
|-heal|p1a: Charizard|100/100|[from] item: Leftovers
|-damage|p2a: Swampcif|88/100|[from] Leech Seed|[of] p1a: Charizard
|upkeep
|turn|18
|
|t:|1729322480
|switch|p2a: Blisscif|Blissey, F|74/100
|move|p1a: Charizard|Substitute|p1a: Charizard
|-start|p1a: Charizard|Substitute
|-damage|p1a: Charizard|76/100
|
|-weather|Sandstorm|[upkeep]
|-damage|p1a: Charizard|70/100|[from] Sandstorm
|-damage|p2a: Blisscif|68/100|[from] Sandstorm
|-heal|p1a: Charizard|76/100|[from] item: Leftovers
|-heal|p2a: Blisscif|74/100|[from] item: Leftovers
|upkeep
|turn|19
|
|t:|1729322485
|-singleturn|p1a: Charizard|move: Focus Punch
|move|p2a: Blisscif|Ice Beam|p1a: Charizard
|-end|p1a: Charizard|Substitute
|move|p1a: Charizard|Focus Punch|p2a: Blisscif
|-supereffective|p2a: Blisscif
|-damage|p2a: Blisscif|15/100
|
|-weather|Sandstorm|[upkeep]
|-damage|p1a: Charizard|70/100|[from] Sandstorm
|-damage|p2a: Blisscif|9/100|[from] Sandstorm
|-heal|p1a: Charizard|76/100|[from] item: Leftovers
|-heal|p2a: Blisscif|15/100|[from] item: Leftovers
|upkeep
|turn|20
|
|t:|1729322495
|move|p1a: Charizard|Fire Blast|p2a: Blisscif
|-damage|p2a: Blisscif|0 fnt
|faint|p2a: Blisscif
|
|t:|1729322504
|switch|p2a: Tyranocif|Tyranitar, F|56/100
|
|-weather|Sandstorm|[upkeep]
|-damage|p1a: Charizard|70/100|[from] Sandstorm
|-heal|p1a: Charizard|76/100|[from] item: Leftovers
|-heal|p2a: Tyranocif|63/100|[from] item: Leftovers
|upkeep
|turn|21
|
|t:|1729322515
|switch|p1a: Swampert|Swampert, M|81/100
|-damage|p1a: Swampert|69/100|[from] Spikes
|switch|p2a: Moltrecif|Moltres|100/100
|
|-weather|Sandstorm|[upkeep]
|-damage|p2a: Moltrecif|94/100|[from] Sandstorm
|-heal|p2a: Moltrecif|100/100|[from] item: Leftovers
|-heal|p1a: Swampert|75/100|[from] item: Leftovers
|upkeep
|turn|22
|
|t:|1729322530
|switch|p1a: Charizard|Charizard, F|76/100
|move|p2a: Moltrecif|Hidden Power|p1a: Charizard
|-resisted|p1a: Charizard
|-damage|p1a: Charizard|66/100
|
|-weather|Sandstorm|[upkeep]
|-damage|p1a: Charizard|60/100|[from] Sandstorm
|-damage|p2a: Moltrecif|94/100|[from] Sandstorm
|-heal|p1a: Charizard|66/100|[from] item: Leftovers
|-heal|p2a: Moltrecif|100/100|[from] item: Leftovers
|upkeep
|turn|23
|
|t:|1729322539
|move|p1a: Charizard|Fire Blast|p2a: Moltrecif
|-resisted|p2a: Moltrecif
|-damage|p2a: Moltrecif|66/100
|move|p2a: Moltrecif|Flamethrower|p1a: Charizard
|-resisted|p1a: Charizard
|-damage|p1a: Charizard|28/100
|
|-weather|Sandstorm|[upkeep]
|-damage|p1a: Charizard|22/100|[from] Sandstorm
|-damage|p2a: Moltrecif|60/100|[from] Sandstorm
|-heal|p1a: Charizard|28/100|[from] item: Leftovers
|-heal|p2a: Moltrecif|66/100|[from] item: Leftovers
|upkeep
|turn|24
|
|t:|1729322549
|move|p1a: Charizard|Fire Blast|p2a: Moltrecif
|-resisted|p2a: Moltrecif
|-damage|p2a: Moltrecif|19/100
|move|p2a: Moltrecif|Flamethrower|p1a: Charizard
|-resisted|p1a: Charizard
|-damage|p1a: Charizard|0 fnt
|faint|p1a: Charizard
|inactive|pokology2 has 270 seconds left.
|
|t:|1729322583
|switch|p1a: Jolteon|Jolteon, M|100/100
|-damage|p1a: Jolteon|88/100|[from] Spikes
|
|-weather|Sandstorm|[upkeep]
|-damage|p1a: Jolteon|82/100|[from] Sandstorm
|-damage|p2a: Moltrecif|13/100|[from] Sandstorm
|-heal|p1a: Jolteon|88/100|[from] item: Leftovers
|-heal|p2a: Moltrecif|19/100|[from] item: Leftovers
|upkeep
|turn|25
|inactive|pokology2 has 270 seconds left.
|
|t:|1729322607
|switch|p2a: Gengacif|Gengar, F|100/100 slp
|move|p1a: Jolteon|Thunderbolt|p2a: Gengacif
|-damage|p2a: Gengacif|55/100 slp
|
|-weather|Sandstorm|[upkeep]
|-damage|p1a: Jolteon|82/100|[from] Sandstorm
|-damage|p2a: Gengacif|49/100 slp|[from] Sandstorm
|-heal|p1a: Jolteon|88/100|[from] item: Leftovers
|-heal|p2a: Gengacif|55/100 slp|[from] item: Leftovers
|upkeep
|turn|26
|
|t:|1729322616
|switch|p2a: Swampcif|Swampert, F|88/100
|move|p1a: Jolteon|Hidden Power|p2a: Swampcif
|-supereffective|p2a: Swampcif
|-damage|p2a: Swampcif|11/100
|
|-weather|Sandstorm|[upkeep]
|-damage|p1a: Jolteon|82/100|[from] Sandstorm
|-heal|p1a: Jolteon|88/100|[from] item: Leftovers
|-heal|p2a: Swampcif|18/100|[from] item: Leftovers
|upkeep
|turn|27
|
|t:|1729322623
|move|p2a: Swampcif|Protect|p2a: Swampcif
|-singleturn|p2a: Swampcif|Protect
|move|p1a: Jolteon|Hidden Power|p2a: Swampcif
|-activate|p2a: Swampcif|Protect
|
|-weather|Sandstorm|[upkeep]
|-damage|p1a: Jolteon|82/100|[from] Sandstorm
|-heal|p1a: Jolteon|88/100|[from] item: Leftovers
|-heal|p2a: Swampcif|24/100|[from] item: Leftovers
|upkeep
|turn|28
|
|t:|1729322628
|switch|p2a: Gengacif|Gengar, F|55/100 slp
|move|p1a: Jolteon|Hidden Power|p2a: Gengacif
|-resisted|p2a: Gengacif
|-damage|p2a: Gengacif|44/100 slp
|
|-weather|Sandstorm|[upkeep]
|-damage|p1a: Jolteon|82/100|[from] Sandstorm
|-damage|p2a: Gengacif|38/100 slp|[from] Sandstorm
|-heal|p1a: Jolteon|88/100|[from] item: Leftovers
|-heal|p2a: Gengacif|44/100 slp|[from] item: Leftovers
|upkeep
|turn|29
|inactive|clarissen has 270 seconds left.
|
|t:|1729322663
|switch|p2a: Tyranocif|Tyranitar, F|63/100
|move|p1a: Jolteon|Thunderbolt|p2a: Tyranocif
|-crit|p2a: Tyranocif
|-damage|p2a: Tyranocif|0 fnt
|faint|p2a: Tyranocif
|c|☆clarissen|gg
|c|☆clarissen|nice calls at the end
|-message|clarissen forfeited.
|
|win|pokology2
|c|☆pokology2|gg
|player|p2|

</script>
<script type="application/json" class="data" id="replaydata-smogtours-gen3ou-799802">
{"id":"smogtours-gen3ou-799802","format":"[Gen 3] OU","players":["pokology2","clarissen"],"uploadtime":1729322682,"views":124,"formatid":"gen3ou","rating":null,"private":0,"password":null}
</script>

<script defer src="js/replays.js?9d40a366"></script>
