<!DOCTYPE html>
<meta charset="utf-8" />
<meta name="viewport" content="width=device-width" />

<title>[Gen 3] OU: BillGatesAlt vs. TreinerOrenge - Replays - Pok&eacute;mon Showdown!</title>

<meta name="description" content="Watch a replay of a Pok&eacute;mon battle between BillGatesAlt and TreinerOrenge! Format: [Gen 3] OU; Date: Nov 3, 2024" />
<!--

Hey, you! Looking in the source for the replay log?

You can find them in JSON format, just add `.json` at the end of a replay URL.

https://replay.pokemonshowdown.com/gen7randomdoublesbattle-865046831.json

Or, if you only need the log itself, add `.log` instead:

https://replay.pokemonshowdown.com/gen7randomdoublesbattle-865046831.log

-->

<link rel="stylesheet" href="//pokemonshowdown.com/style/global.css?0.023195364461161105" />
<link rel="stylesheet" href="//play.pokemonshowdown.com/style/font-awesome.css?0.13261647063804238" />
<link rel="stylesheet" href="//play.pokemonshowdown.com/style/battle.css?0.8753245789963631" />
<link rel="stylesheet" href="//play.pokemonshowdown.com/style/utilichart.css?0.8627959624976733" />

<!-- Global site tag (gtag.js) - Google Analytics -->
<script async src="https://www.googletagmanager.com/gtag/js?id=UA-26211653-1"></script>
<script>
  window.dataLayer = window.dataLayer || [];
  function gtag(){dataLayer.push(arguments);}
  gtag('js', new Date());

  gtag('config', 'UA-26211653-1');
</script>
<!-- End Google Analytics -->
<!-- Venatus Ad Manager - Install in <HEAD> of page -->
	<script src="https://hb.vntsm.com/v3/live/ad-manager.min.js" type="text/javascript" data-site-id="642aba63ec9a7b11c3c9c1be" data-mode="scan" async></script>
<!-- / Venatus Ad Manager -->

<style>
	@media (max-width:820px) {
		.battle {
			margin: 0 auto;
		}
		.battle-log {
			margin: 7px auto 0;
			max-width: 640px;
			height: 300px;
			position: static;
		}
	}
	.optgroup {
		display: inline-block;
		line-height: 22px;
		font-size: 10pt;
	}
	.optgroup .button {
		height: 25px;
		padding-top: 0;
		padding-bottom: 0;
	}
	.optgroup button.button {
		padding-left: 12px;
		padding-right: 12px;
	}
	.linklist {
		list-style: none;
		margin: 0.5em 0;
		padding: 0;
	}
	.linklist li {
		padding: 2px 0;
	}
	.sidebar {
		float: left;
		width: 320px;
	}
	.bar-wrapper {
		max-width: 1100px;
		margin: 0 auto;
	}
	.bar-wrapper.has-sidebar {
		max-width: 1430px;
	}
	.mainbar {
		margin: 0;
		padding-right: 1px;
	}
	.mainbar.has-sidebar {
		margin-left: 330px;
	}
	@media (min-width: 1511px) {
		.sidebar {
			width: 400px;
		}
		.bar-wrapper.has-sidebar {
			max-width: 1510px;
		}
		.mainbar.has-sidebar {
			margin-left: 410px;
		}
	}
	.section.first-section {
		margin-top: 9px;
	}
	.blocklink small {
		white-space: normal;
	}
	.button {
		vertical-align: middle;
	}
	.replay-controls {
		padding-top: 10px;
	}
	.replay-controls h1 {
		font-size: 16pt;
		font-weight: normal;
		color: #CCC;
	}
	.pagelink {
		text-align: center;
	}
	.pagelink a {
		width: 150px;
	}
	.textbox, .button {
		font-size: 11pt;
		vertical-align: middle;
	}
	@media (max-width: 450px) {
		.button {
			font-size: 9pt;
		}
	}
</style>

<div>

	<header>
		<div class="nav-wrapper"><ul class="nav">
			<li><a class="button nav-first" href="//pokemonshowdown.com/"><img src="//pokemonshowdown.com/images/pokemonshowdownbeta.png" srcset="//pokemonshowdown.com/images/pokemonshowdownbeta.png 1x, //pokemonshowdown.com/images/pokemonshowdownbeta@2x.png 2x" alt="Pok&eacute;mon Showdown" width="146" height="44" /> Home</a></li>
			<li><a class="button" href="//pokemonshowdown.com/dex/">Pok&eacute;dex</a></li>
			<li><a class="button cur" href="/">Replays</a></li>
			<li><a class="button" href="//pokemonshowdown.com/ladder/">Ladder</a></li>
			<li><a class="button nav-last" href="//pokemonshowdown.com/forums/">Forum</a></li>
			<li><a class="button greenbutton nav-first nav-last" href="//play.pokemonshowdown.com/">Play</a></li>
		</ul></div>
	</header>

	<div class="main" id="main">

		<noscript><section class="section">You need to enable JavaScript to use this page; sorry!</section></noscript>

	</div>

</div>

<script defer nomodule src="//play.pokemonshowdown.com/js/lib/ps-polyfill.js"></script>
<script defer src="//play.pokemonshowdown.com/js/lib/preact.min.js"></script>

<script defer src="//play.pokemonshowdown.com/config/config.js?2bddbc15"></script>
<script defer src="//play.pokemonshowdown.com/js/lib/jquery-1.11.0.min.js"></script>
<script defer src="//play.pokemonshowdown.com/js/lib/html-sanitizer-minified.js"></script>
<script defer src="//play.pokemonshowdown.com/js/battle-sound.js"></script>
<script defer src="//play.pokemonshowdown.com/js/battledata.js?0.7209276989879541"></script>
<script defer src="//play.pokemonshowdown.com/data/pokedex-mini.js?0.6111056340867951"></script>
<script defer src="//play.pokemonshowdown.com/data/pokedex-mini-bw.js?0.3532142036491459"></script>
<script defer src="//play.pokemonshowdown.com/data/graphics.js?0.24223875632456182"></script>
<script defer src="//play.pokemonshowdown.com/data/pokedex.js?0.38839984266356864"></script>
<script defer src="//play.pokemonshowdown.com/data/moves.js?0.21866028504024015"></script>
<script defer src="//play.pokemonshowdown.com/data/abilities.js?0.2005157953846628"></script>
<script defer src="//play.pokemonshowdown.com/data/items.js?0.9894211263848525"></script>
<script defer src="//play.pokemonshowdown.com/data/teambuilder-tables.js?0.6008791140282215"></script>
<script defer src="//play.pokemonshowdown.com/js/battle-tooltips.js?0.7580118955022959"></script>
<script defer src="//play.pokemonshowdown.com/js/battle.js?0.6057722274234274"></script>

<script defer src="js/utils.js?e31f9a17"></script>
<script defer src="js/replays-battle.js?7008c182"></script>

<!-- don't scrape this data! just add .json or .log after the URL!
Full API docs: https://github.com/smogon/pokemon-showdown-client/blob/master/WEB-API.md -->
<script type="text/plain" class="log" id="replaylog-smogtours-gen3ou-804608">
|inactive|Battle timer is ON: inactive players will automatically lose when time's up.
|t:|1730669370
|gametype|singles
|player|p1|BillGatesAlt|clown|
|player|p2|TreinerOrenge|#dpppliii|
|teamsize|p1|6
|teamsize|p2|6
|gen|3
|tier|[Gen 3] OU
|rule|Sleep Clause Mod: Limit one foe put to sleep
|rule|Switch Priority Clause Mod: Faster Pokémon switch first
|rule|Species Clause: Limit one of each Pokémon
|rule|OHKO Clause: OHKO moves are banned
|rule|Evasion Items Clause: Evasion items are banned
|rule|Evasion Moves Clause: Evasion moves are banned
|rule|Endless Battle Clause: Forcing endless battles is banned
|rule|HP Percentage Mod: HP is shown in percentages
|rule|One Boost Passer Clause: Limit one Baton Passer that has a way to boost its stats
|rule|Freeze Clause Mod: Limit one foe frozen
|
|t:|1730669370
|start
|switch|p1a: Salamence|Salamence, M|100/100
|switch|p2a: Tyranitar|Tyranitar, M|100/100
|-ability|p1a: Salamence|Intimidate|boost
|-unboost|p2a: Tyranitar|atk|1
|-weather|Sandstorm|[from] ability: Sand Stream|[of] p2a: Tyranitar
|turn|1
|
|t:|1730669393
|switch|p2a: Starmie|Starmie|100/100
|move|p1a: Salamence|Brick Break|p2a: Starmie
|-resisted|p2a: Starmie
|-damage|p2a: Starmie|80/100
|
|-weather|Sandstorm|[upkeep]
|-damage|p1a: Salamence|94/100|[from] Sandstorm
|-damage|p2a: Starmie|74/100|[from] Sandstorm
|-heal|p2a: Starmie|80/100|[from] item: Leftovers
|upkeep
|turn|2
|
|t:|1730669422
|switch|p1a: Zapdos|Zapdos|100/100
|switch|p2a: Tyranitar|Tyranitar, M|100/100
|
|-weather|Sandstorm|[upkeep]
|-damage|p1a: Zapdos|94/100|[from] Sandstorm
|-heal|p1a: Zapdos|100/100|[from] item: Leftovers
|upkeep
|turn|3
|
|t:|1730669430
|move|p1a: Zapdos|Thunderbolt|p2a: Tyranitar
|-damage|p2a: Tyranitar|62/100
|move|p2a: Tyranitar|Rock Slide|p1a: Zapdos
|-supereffective|p1a: Zapdos
|-damage|p1a: Zapdos|0 fnt
|faint|p1a: Zapdos
|inactive|BillGatesAlt has 270 seconds left.
|
|t:|1730669459
|switch|p1a: Salamence|Salamence, M|94/100
|-ability|p1a: Salamence|Intimidate|boost
|-unboost|p2a: Tyranitar|atk|1
|
|-weather|Sandstorm|[upkeep]
|-damage|p1a: Salamence|88/100|[from] Sandstorm
|upkeep
|turn|4
|
|t:|1730669475
|switch|p2a: Weezing|Weezing, F|100/100
|move|p1a: Salamence|Earthquake|p2a: Weezing
|-immune|p2a: Weezing
|
|-weather|Sandstorm|[upkeep]
|-damage|p1a: Salamence|82/100|[from] Sandstorm
|-damage|p2a: Weezing|95/100|[from] Sandstorm
|-heal|p2a: Weezing|100/100|[from] item: Leftovers
|upkeep
|turn|5
|inactive|BillGatesAlt has 270 seconds left.
|
|t:|1730669486
|switch|p1a: Swampert|Swampert, F|100/100
|move|p2a: Weezing|Will-O-Wisp|p1a: Swampert|[miss]
|-miss|p2a: Weezing|p1a: Swampert
|
|-weather|Sandstorm|[upkeep]
|-damage|p2a: Weezing|95/100|[from] Sandstorm
|-heal|p2a: Weezing|100/100|[from] item: Leftovers
|upkeep
|turn|6
|inactive|BillGatesAlt has 270 seconds left.
|
|t:|1730669497
|move|p1a: Swampert|Surf|p2a: Weezing
|-damage|p2a: Weezing|64/100
|move|p2a: Weezing|Will-O-Wisp|p1a: Swampert
|-status|p1a: Swampert|brn
|
|-weather|Sandstorm|[upkeep]
|-damage|p2a: Weezing|58/100|[from] Sandstorm
|-damage|p1a: Swampert|88/100 brn|[from] brn
|-heal|p2a: Weezing|64/100|[from] item: Leftovers
|upkeep
|turn|7
|
|t:|1730669507
|switch|p2a: Starmie|Starmie|80/100
|move|p1a: Swampert|Refresh|p1a: Swampert
|-curestatus|p1a: Swampert|brn|[msg]
|
|-weather|Sandstorm|[upkeep]
|-damage|p2a: Starmie|74/100|[from] Sandstorm
|-heal|p2a: Starmie|80/100|[from] item: Leftovers
|-heal|p1a: Swampert|94/100|[from] item: Leftovers
|upkeep
|turn|8
|
|t:|1730669515
|move|p2a: Starmie|Surf|p1a: Swampert
|-damage|p1a: Swampert|65/100
|move|p1a: Swampert|Toxic|p2a: Starmie
|-status|p2a: Starmie|tox
|
|-weather|Sandstorm|[upkeep]
|-damage|p2a: Starmie|74/100 tox|[from] Sandstorm
|-heal|p2a: Starmie|80/100 tox|[from] item: Leftovers
|-damage|p2a: Starmie|74/100 tox|[from] psn
|-heal|p1a: Swampert|71/100|[from] item: Leftovers
|upkeep
|turn|9
|
|t:|1730669525
|-curestatus|p2a: Starmie|tox|[from] ability: Natural Cure
|switch|p2a: Charizard|Charizard, M|100/100
|move|p1a: Swampert|Surf|p2a: Charizard
|-supereffective|p2a: Charizard
|-damage|p2a: Charizard|26/100
|
|-weather|Sandstorm|[upkeep]
|-damage|p2a: Charizard|20/100|[from] Sandstorm
|-heal|p2a: Charizard|26/100|[from] item: Leftovers
|-heal|p1a: Swampert|77/100|[from] item: Leftovers
|upkeep
|turn|10
|
|t:|1730669549
|move|p1a: Swampert|Protect|p1a: Swampert
|-singleturn|p1a: Swampert|Protect
|move|p2a: Charizard|Hidden Power|p1a: Swampert
|-activate|p1a: Swampert|Protect
|
|-weather|Sandstorm|[upkeep]
|-damage|p2a: Charizard|20/100|[from] Sandstorm
|-heal|p2a: Charizard|26/100|[from] item: Leftovers
|-heal|p1a: Swampert|84/100|[from] item: Leftovers
|upkeep
|turn|11
|
|t:|1730669560
|switch|p1a: Salamence|Salamence, M|82/100
|-ability|p1a: Salamence|Intimidate|boost
|-unboost|p2a: Charizard|atk|1
|move|p2a: Charizard|Fire Blast|p1a: Salamence
|-resisted|p1a: Salamence
|-damage|p1a: Salamence|29/100
|
|-weather|Sandstorm|[upkeep]
|-damage|p1a: Salamence|23/100|[from] Sandstorm
|-damage|p2a: Charizard|20/100|[from] Sandstorm
|-heal|p2a: Charizard|26/100|[from] item: Leftovers
|upkeep
|turn|12
|
|t:|1730669573
|switch|p2a: Tyranitar|Tyranitar, M|62/100
|move|p1a: Salamence|Hidden Power|p2a: Tyranitar
|-resisted|p2a: Tyranitar
|-damage|p2a: Tyranitar|35/100
|
|-weather|Sandstorm|[upkeep]
|-damage|p1a: Salamence|17/100|[from] Sandstorm
|upkeep
|turn|13
|
|t:|1730669581
|move|p1a: Salamence|Hidden Power|p2a: Tyranitar
|-resisted|p2a: Tyranitar
|-damage|p2a: Tyranitar|7/100
|move|p2a: Tyranitar|Brick Break|p1a: Salamence
|-resisted|p1a: Salamence
|-damage|p1a: Salamence|0 fnt
|faint|p1a: Salamence
|inactive|BillGatesAlt has 270 seconds left.
|
|t:|1730669599
|switch|p1a: Forretress|Forretress, F|100/100
|
|-weather|Sandstorm|[upkeep]
|upkeep
|turn|14
|
|t:|1730669605
|switch|p2a: Charizard|Charizard, M|26/100
|move|p1a: Forretress|Spikes|p2a: Charizard
|-sidestart|p2: TreinerOrenge|Spikes
|
|-weather|Sandstorm|[upkeep]
|-damage|p2a: Charizard|20/100|[from] Sandstorm
|-heal|p2a: Charizard|26/100|[from] item: Leftovers
|upkeep
|turn|15
|
|t:|1730669618
|move|p2a: Charizard|Fire Blast|p1a: Forretress
|-supereffective|p1a: Forretress
|-damage|p1a: Forretress|0 fnt
|faint|p1a: Forretress
|
|t:|1730669624
|switch|p1a: Swampert|Swampert, F|84/100
|
|-weather|Sandstorm|[upkeep]
|-damage|p2a: Charizard|20/100|[from] Sandstorm
|-heal|p2a: Charizard|26/100|[from] item: Leftovers
|-heal|p1a: Swampert|90/100|[from] item: Leftovers
|upkeep
|turn|16
|
|t:|1730669630
|move|p2a: Charizard|Hidden Power|p1a: Swampert
|-supereffective|p1a: Swampert
|-damage|p1a: Swampert|10/100
|move|p1a: Swampert|Surf|p2a: Charizard
|-supereffective|p2a: Charizard
|-damage|p2a: Charizard|0 fnt
|faint|p2a: Charizard
|
|t:|1730669633
|switch|p2a: Starmie|Starmie|74/100
|-damage|p2a: Starmie|62/100|[from] Spikes
|
|-weather|Sandstorm|[upkeep]
|-damage|p2a: Starmie|55/100|[from] Sandstorm
|-heal|p2a: Starmie|62/100|[from] item: Leftovers
|-heal|p1a: Swampert|17/100|[from] item: Leftovers
|upkeep
|turn|17
|
|t:|1730669650
|move|p1a: Swampert|Protect|p1a: Swampert
|-singleturn|p1a: Swampert|Protect
|move|p2a: Starmie|Recover|p2a: Starmie
|-heal|p2a: Starmie|100/100
|
|-weather|Sandstorm|[upkeep]
|-damage|p2a: Starmie|94/100|[from] Sandstorm
|-heal|p2a: Starmie|100/100|[from] item: Leftovers
|-heal|p1a: Swampert|23/100|[from] item: Leftovers
|upkeep
|turn|18
|
|t:|1730669659
|move|p2a: Starmie|Rapid Spin|p1a: Swampert
|-damage|p1a: Swampert|21/100
|-sideend|p2: TreinerOrenge|Spikes|[from] move: Rapid Spin|[of] p2a: Starmie
|move|p1a: Swampert|Toxic|p2a: Starmie
|-status|p2a: Starmie|tox
|
|-weather|Sandstorm|[upkeep]
|-damage|p2a: Starmie|94/100 tox|[from] Sandstorm
|-heal|p2a: Starmie|100/100 tox|[from] item: Leftovers
|-damage|p2a: Starmie|94/100 tox|[from] psn
|-heal|p1a: Swampert|27/100|[from] item: Leftovers
|upkeep
|turn|19
|
|t:|1730669674
|-curestatus|p2a: Starmie|tox|[from] ability: Natural Cure
|switch|p2a: Swampert|Swampert, M|100/100
|move|p1a: Swampert|Surf|p2a: Swampert
|-damage|p2a: Swampert|60/100
|
|-weather|Sandstorm|[upkeep]
|-heal|p1a: Swampert|33/100|[from] item: Leftovers
|-heal|p2a: Swampert|66/100|[from] item: Leftovers
|upkeep
|turn|20
|
|t:|1730669692
|move|p1a: Swampert|Toxic|p2a: Swampert
|-status|p2a: Swampert|tox
|move|p2a: Swampert|Hydro Pump|p1a: Swampert
|-damage|p1a: Swampert|2/100
|
|-weather|Sandstorm|[upkeep]
|-heal|p1a: Swampert|8/100|[from] item: Leftovers
|-heal|p2a: Swampert|73/100 tox|[from] item: Leftovers
|-damage|p2a: Swampert|66/100 tox|[from] psn
|upkeep
|turn|21
|
|t:|1730669701
|move|p1a: Swampert|Protect|p1a: Swampert
|-singleturn|p1a: Swampert|Protect
|move|p2a: Swampert|Earthquake|p1a: Swampert
|-activate|p1a: Swampert|Protect
|
|-weather|Sandstorm|[upkeep]
|-heal|p1a: Swampert|15/100|[from] item: Leftovers
|-heal|p2a: Swampert|73/100 tox|[from] item: Leftovers
|-damage|p2a: Swampert|60/100 tox|[from] psn
|upkeep
|turn|22
|
|t:|1730669710
|move|p1a: Swampert|Surf|p2a: Swampert
|-damage|p2a: Swampert|22/100 tox
|move|p2a: Swampert|Earthquake|p1a: Swampert
|-damage|p1a: Swampert|0 fnt
|faint|p1a: Swampert
|
|t:|1730669718
|switch|p1a: Metagross|Metagross|100/100
|
|-weather|Sandstorm|[upkeep]
|-heal|p2a: Swampert|28/100 tox|[from] item: Leftovers
|-damage|p2a: Swampert|10/100 tox|[from] psn
|upkeep
|turn|23
|
|t:|1730669729
|move|p1a: Metagross|Earthquake|p2a: Swampert
|-damage|p2a: Swampert|0 fnt
|faint|p2a: Swampert
|
|t:|1730669732
|switch|p2a: Starmie|Starmie|94/100
|
|-weather|Sandstorm|[upkeep]
|-damage|p2a: Starmie|88/100|[from] Sandstorm
|-heal|p2a: Starmie|94/100|[from] item: Leftovers
|upkeep
|turn|24
|
|t:|1730669738
|move|p2a: Starmie|Thunder Wave|p1a: Metagross
|-status|p1a: Metagross|par
|move|p1a: Metagross|Earthquake|p2a: Starmie
|-damage|p2a: Starmie|43/100
|
|-weather|Sandstorm|[upkeep]
|-damage|p2a: Starmie|37/100|[from] Sandstorm
|-heal|p2a: Starmie|43/100|[from] item: Leftovers
|upkeep
|turn|25
|
|t:|1730669748
|switch|p2a: Weezing|Weezing, F|64/100
|move|p1a: Metagross|Earthquake|p2a: Weezing
|-immune|p2a: Weezing
|
|-weather|Sandstorm|[upkeep]
|-damage|p2a: Weezing|58/100|[from] Sandstorm
|-heal|p2a: Weezing|64/100|[from] item: Leftovers
|upkeep
|turn|26
|
|t:|1730669758
|move|p2a: Weezing|Pain Split|p1a: Metagross
|-sethp|p1a: Metagross|82/100 par|[from] move: Pain Split|[silent]
|-sethp|p2a: Weezing|82/100|[from] move: Pain Split
|cant|p1a: Metagross|par
|
|-weather|Sandstorm|[upkeep]
|-damage|p2a: Weezing|76/100|[from] Sandstorm
|-heal|p2a: Weezing|82/100|[from] item: Leftovers
|upkeep
|turn|27
|
|t:|1730669768
|move|p2a: Weezing|Sludge Bomb|p1a: Metagross
|-immune|p1a: Metagross
|cant|p1a: Metagross|par
|
|-weather|Sandstorm|[upkeep]
|-damage|p2a: Weezing|76/100|[from] Sandstorm
|-heal|p2a: Weezing|82/100|[from] item: Leftovers
|upkeep
|turn|28
|
|t:|1730669777
|switch|p1a: Tyranitar|Tyranitar, M|100/100
|move|p2a: Weezing|Sludge Bomb|p1a: Tyranitar
|-resisted|p1a: Tyranitar
|-damage|p1a: Tyranitar|86/100
|-status|p1a: Tyranitar|psn
|
|-weather|Sandstorm|[upkeep]
|-damage|p2a: Weezing|76/100|[from] Sandstorm
|-damage|p1a: Tyranitar|74/100 psn|[from] psn
|-heal|p2a: Weezing|82/100|[from] item: Leftovers
|upkeep
|turn|29
|
|t:|1730669794
|move|p1a: Tyranitar|Rock Slide|p2a: Weezing
|-damage|p2a: Weezing|38/100
|move|p2a: Weezing|Sludge Bomb|p1a: Tyranitar
|-resisted|p1a: Tyranitar
|-damage|p1a: Tyranitar|62/100 psn
|
|-weather|Sandstorm|[upkeep]
|-damage|p2a: Weezing|32/100|[from] Sandstorm
|-damage|p1a: Tyranitar|49/100 psn|[from] psn
|-heal|p2a: Weezing|38/100|[from] item: Leftovers
|upkeep
|turn|30
|
|t:|1730669804
|switch|p1a: Metagross|Metagross|82/100 par
|move|p2a: Weezing|Haze|p2a: Weezing
|-clearallboost
|
|-weather|Sandstorm|[upkeep]
|-damage|p2a: Weezing|32/100|[from] Sandstorm
|-heal|p2a: Weezing|38/100|[from] item: Leftovers
|upkeep
|turn|31
|
|t:|1730669815
|move|p2a: Weezing|Sludge Bomb|p1a: Metagross
|-immune|p1a: Metagross
|cant|p1a: Metagross|par
|
|-weather|Sandstorm|[upkeep]
|-damage|p2a: Weezing|32/100|[from] Sandstorm
|-heal|p2a: Weezing|38/100|[from] item: Leftovers
|upkeep
|turn|32
|
|t:|1730669822
|move|p2a: Weezing|Sludge Bomb|p1a: Metagross
|-immune|p1a: Metagross
|move|p1a: Metagross|Rock Slide|p2a: Weezing
|-damage|p2a: Weezing|10/100
|
|-weather|Sandstorm|[upkeep]
|-damage|p2a: Weezing|4/100|[from] Sandstorm
|-heal|p2a: Weezing|10/100|[from] item: Leftovers
|upkeep
|turn|33
|
|t:|1730669854
|move|p2a: Weezing|Will-O-Wisp||[still]
|-fail|p2a: Weezing
|move|p1a: Metagross|Rock Slide|p2a: Weezing
|-damage|p2a: Weezing|0 fnt
|faint|p2a: Weezing
|
|t:|1730669859
|switch|p2a: Tyranitar|Tyranitar, M|7/100
|
|-weather|Sandstorm|[upkeep]
|upkeep
|turn|34
|
|t:|1730669863
|move|p2a: Tyranitar|Earthquake|p1a: Metagross
|-supereffective|p1a: Metagross
|-damage|p1a: Metagross|0 fnt
|faint|p1a: Metagross
|
|t:|1730669867
|switch|p1a: Tyranitar|Tyranitar, M|49/100 psn
|
|-weather|Sandstorm|[upkeep]
|-damage|p1a: Tyranitar|37/100 psn|[from] psn
|upkeep
|turn|35
|
|t:|1730669873
|move|p2a: Tyranitar|Earthquake|p1a: Tyranitar
|-supereffective|p1a: Tyranitar
|-damage|p1a: Tyranitar|0 fnt
|faint|p1a: Tyranitar
|
|win|TreinerOrenge
|c|☆TreinerOrenge|gg
|c|☆BillGatesAlt|gg
|player|p1|
|player|p2|

</script>
<script type="application/json" class="data" id="replaydata-smogtours-gen3ou-804608">
{"id":"smogtours-gen3ou-804608","format":"[Gen 3] OU","players":["BillGatesAlt","TreinerOrenge"],"uploadtime":1730669873,"views":84,"formatid":"gen3ou","rating":null,"private":0,"password":null}
</script>

<script defer src="js/replays.js?9d40a366"></script>
