<!DOCTYPE html>
<meta charset="utf-8" />
<meta name="viewport" content="width=device-width" />

<title>[Gen 3] OU: Zpanther vs. ojr - Replays - Pok&eacute;mon Showdown!</title>

<meta name="description" content="Watch a replay of a Pok&eacute;mon battle between Zpanther and ojr! Format: [Gen 3] OU; Date: Nov 13, 2024" />
<!--

Hey, you! Looking in the source for the replay log?

You can find them in JSON format, just add `.json` at the end of a replay URL.

https://replay.pokemonshowdown.com/gen7randomdoublesbattle-865046831.json

Or, if you only need the log itself, add `.log` instead:

https://replay.pokemonshowdown.com/gen7randomdoublesbattle-865046831.log

-->

<link rel="stylesheet" href="//pokemonshowdown.com/style/global.css?0.767286132409787" />
<link rel="stylesheet" href="//play.pokemonshowdown.com/style/font-awesome.css?0.9266228007934947" />
<link rel="stylesheet" href="//play.pokemonshowdown.com/style/battle.css?0.7924700842790926" />
<link rel="stylesheet" href="//play.pokemonshowdown.com/style/utilichart.css?0.8777417872839479" />

<!-- Global site tag (gtag.js) - Google Analytics -->
<script async src="https://www.googletagmanager.com/gtag/js?id=UA-26211653-1"></script>
<script>
  window.dataLayer = window.dataLayer || [];
  function gtag(){dataLayer.push(arguments);}
  gtag('js', new Date());

  gtag('config', 'UA-26211653-1');
</script>
<!-- End Google Analytics -->
<!-- Venatus Ad Manager - Install in <HEAD> of page -->
	<script src="https://hb.vntsm.com/v3/live/ad-manager.min.js" type="text/javascript" data-site-id="642aba63ec9a7b11c3c9c1be" data-mode="scan" async></script>
<!-- / Venatus Ad Manager -->

<style>
	@media (max-width:820px) {
		.battle {
			margin: 0 auto;
		}
		.battle-log {
			margin: 7px auto 0;
			max-width: 640px;
			height: 300px;
			position: static;
		}
	}
	.optgroup {
		display: inline-block;
		line-height: 22px;
		font-size: 10pt;
	}
	.optgroup .button {
		height: 25px;
		padding-top: 0;
		padding-bottom: 0;
	}
	.optgroup button.button {
		padding-left: 12px;
		padding-right: 12px;
	}
	.linklist {
		list-style: none;
		margin: 0.5em 0;
		padding: 0;
	}
	.linklist li {
		padding: 2px 0;
	}
	.sidebar {
		float: left;
		width: 320px;
	}
	.bar-wrapper {
		max-width: 1100px;
		margin: 0 auto;
	}
	.bar-wrapper.has-sidebar {
		max-width: 1430px;
	}
	.mainbar {
		margin: 0;
		padding-right: 1px;
	}
	.mainbar.has-sidebar {
		margin-left: 330px;
	}
	@media (min-width: 1511px) {
		.sidebar {
			width: 400px;
		}
		.bar-wrapper.has-sidebar {
			max-width: 1510px;
		}
		.mainbar.has-sidebar {
			margin-left: 410px;
		}
	}
	.section.first-section {
		margin-top: 9px;
	}
	.blocklink small {
		white-space: normal;
	}
	.button {
		vertical-align: middle;
	}
	.replay-controls {
		padding-top: 10px;
	}
	.replay-controls h1 {
		font-size: 16pt;
		font-weight: normal;
		color: #CCC;
	}
	.pagelink {
		text-align: center;
	}
	.pagelink a {
		width: 150px;
	}
	.textbox, .button {
		font-size: 11pt;
		vertical-align: middle;
	}
	@media (max-width: 450px) {
		.button {
			font-size: 9pt;
		}
	}
</style>

<div>

	<header>
		<div class="nav-wrapper"><ul class="nav">
			<li><a class="button nav-first" href="//pokemonshowdown.com/"><img src="//pokemonshowdown.com/images/pokemonshowdownbeta.png" srcset="//pokemonshowdown.com/images/pokemonshowdownbeta.png 1x, //pokemonshowdown.com/images/pokemonshowdownbeta@2x.png 2x" alt="Pok&eacute;mon Showdown" width="146" height="44" /> Home</a></li>
			<li><a class="button" href="//pokemonshowdown.com/dex/">Pok&eacute;dex</a></li>
			<li><a class="button cur" href="/">Replays</a></li>
			<li><a class="button" href="//pokemonshowdown.com/ladder/">Ladder</a></li>
			<li><a class="button nav-last" href="//pokemonshowdown.com/forums/">Forum</a></li>
			<li><a class="button greenbutton nav-first nav-last" href="//play.pokemonshowdown.com/">Play</a></li>
		</ul></div>
	</header>

	<div class="main" id="main">

		<noscript><section class="section">You need to enable JavaScript to use this page; sorry!</section></noscript>

	</div>

</div>

<script defer nomodule src="//play.pokemonshowdown.com/js/lib/ps-polyfill.js"></script>
<script defer src="//play.pokemonshowdown.com/js/lib/preact.min.js"></script>

<script defer src="//play.pokemonshowdown.com/config/config.js?6dec07f6"></script>
<script defer src="//play.pokemonshowdown.com/js/lib/jquery-1.11.0.min.js"></script>
<script defer src="//play.pokemonshowdown.com/js/lib/html-sanitizer-minified.js"></script>
<script defer src="//play.pokemonshowdown.com/js/battle-sound.js"></script>
<script defer src="//play.pokemonshowdown.com/js/battledata.js?0.6315294753075389"></script>
<script defer src="//play.pokemonshowdown.com/data/pokedex-mini.js?0.7603743185311358"></script>
<script defer src="//play.pokemonshowdown.com/data/pokedex-mini-bw.js?0.030888842834281283"></script>
<script defer src="//play.pokemonshowdown.com/data/graphics.js?0.05593094747507488"></script>
<script defer src="//play.pokemonshowdown.com/data/pokedex.js?0.47064822249611904"></script>
<script defer src="//play.pokemonshowdown.com/data/moves.js?0.8583693120512459"></script>
<script defer src="//play.pokemonshowdown.com/data/abilities.js?0.16017181182386842"></script>
<script defer src="//play.pokemonshowdown.com/data/items.js?0.4163379185673943"></script>
<script defer src="//play.pokemonshowdown.com/data/teambuilder-tables.js?0.31075597372830477"></script>
<script defer src="//play.pokemonshowdown.com/js/battle-tooltips.js?0.6536193500708172"></script>
<script defer src="//play.pokemonshowdown.com/js/battle.js?0.1916591943277901"></script>

<script defer src="js/utils.js?e31f9a17"></script>
<script defer src="js/replays-battle.js?7008c182"></script>

<!-- don't scrape this data! just add .json or .log after the URL!
Full API docs: https://github.com/smogon/pokemon-showdown-client/blob/master/WEB-API.md -->
<script type="text/plain" class="log" id="replaylog-smogtours-gen3ou-806136">
|inactive|Battle timer is ON: inactive players will automatically lose when time's up.
|t:|1731497586
|gametype|singles
|player|p1|Zpanther|rose-zerosuit|
|player|p2|ojr|#ptplvjirachis|
|teamsize|p1|6
|teamsize|p2|6
|gen|3
|tier|[Gen 3] OU
|rule|Sleep Clause Mod: Limit one foe put to sleep
|rule|Switch Priority Clause Mod: Faster Pokémon switch first
|rule|Species Clause: Limit one of each Pokémon
|rule|OHKO Clause: OHKO moves are banned
|rule|Evasion Items Clause: Evasion items are banned
|rule|Evasion Moves Clause: Evasion moves are banned
|rule|Endless Battle Clause: Forcing endless battles is banned
|rule|HP Percentage Mod: HP is shown in percentages
|rule|One Boost Passer Clause: Limit one Baton Passer that has a way to boost its stats
|rule|Freeze Clause Mod: Limit one foe frozen
|
|t:|1731497586
|start
|switch|p1a: Metagross|Metagross|100/100
|switch|p2a: Tyranitar|Tyranitar, F|100/100
|-weather|Sandstorm|[from] ability: Sand Stream|[of] p2a: Tyranitar
|turn|1
|c|☆ojr|hf
|c|☆Zpanther|hf
|
|t:|1731497599
|switch|p2a: Skarmory|Skarmory, M|100/100
|move|p1a: Metagross|Meteor Mash|p2a: Skarmory
|-resisted|p2a: Skarmory
|-damage|p2a: Skarmory|77/100
|
|-weather|Sandstorm|[upkeep]
|-heal|p2a: Skarmory|83/100|[from] item: Leftovers
|upkeep
|turn|2
|
|t:|1731497614
|switch|p1a: Breloom|Breloom, M|100/100
|move|p2a: Skarmory|Spikes|p1a: Breloom
|-sidestart|p1: Zpanther|Spikes
|
|-weather|Sandstorm|[upkeep]
|-damage|p1a: Breloom|94/100|[from] Sandstorm
|-heal|p1a: Breloom|100/100|[from] item: Leftovers
|-heal|p2a: Skarmory|89/100|[from] item: Leftovers
|upkeep
|turn|3
|
|t:|1731497624
|move|p2a: Skarmory|Protect|p2a: Skarmory
|-singleturn|p2a: Skarmory|Protect
|move|p1a: Breloom|Spore|p2a: Skarmory
|-activate|p2a: Skarmory|Protect
|
|-weather|Sandstorm|[upkeep]
|-damage|p1a: Breloom|94/100|[from] Sandstorm
|-heal|p1a: Breloom|100/100|[from] item: Leftovers
|-heal|p2a: Skarmory|95/100|[from] item: Leftovers
|upkeep
|turn|4
|
|t:|1731497631
|switch|p2a: Claydol|Claydol|100/100
|move|p1a: Breloom|Spore|p2a: Claydol
|-status|p2a: Claydol|slp|[from] move: Spore
|
|-weather|Sandstorm|[upkeep]
|-damage|p1a: Breloom|94/100|[from] Sandstorm
|-heal|p1a: Breloom|100/100|[from] item: Leftovers
|upkeep
|turn|5
|inactive|ojr has 270 seconds left.
|
|t:|1731497663
|-singleturn|p1a: Breloom|move: Focus Punch
|switch|p2a: Salamence|Salamence, M|100/100
|-ability|p2a: Salamence|Intimidate|boost
|-unboost|p1a: Breloom|atk|1
|move|p1a: Breloom|Focus Punch|p2a: Salamence
|-resisted|p2a: Salamence
|-damage|p2a: Salamence|64/100
|
|-weather|Sandstorm|[upkeep]
|-damage|p2a: Salamence|58/100|[from] Sandstorm
|-damage|p1a: Breloom|94/100|[from] Sandstorm
|-heal|p2a: Salamence|64/100|[from] item: Leftovers
|-heal|p1a: Breloom|100/100|[from] item: Leftovers
|upkeep
|turn|6
|
|t:|1731497675
|switch|p1a: Gyarados|Gyarados, F|100/100
|-ability|p1a: Gyarados|Intimidate|boost
|-unboost|p2a: Salamence|atk|1
|move|p2a: Salamence|Hidden Power|p1a: Gyarados
|-damage|p1a: Gyarados|60/100
|
|-weather|Sandstorm|[upkeep]
|-damage|p1a: Gyarados|54/100|[from] Sandstorm
|-damage|p2a: Salamence|58/100|[from] Sandstorm
|-heal|p1a: Gyarados|60/100|[from] item: Leftovers
|-heal|p2a: Salamence|64/100|[from] item: Leftovers
|upkeep
|turn|7
|inactive|ojr has 270 seconds left.
|inactive|Zpanther has 270 seconds left.
|
|t:|1731497719
|switch|p1a: Houndoom|Houndoom, M|100/100
|-damage|p1a: Houndoom|88/100|[from] Spikes
|switch|p2a: Skarmory|Skarmory, M|95/100
|
|-weather|Sandstorm|[upkeep]
|-damage|p1a: Houndoom|82/100|[from] Sandstorm
|-heal|p1a: Houndoom|88/100|[from] item: Leftovers
|-heal|p2a: Skarmory|100/100|[from] item: Leftovers
|upkeep
|turn|8
|inactive|ojr has 240 seconds left.
|
|t:|1731497735
|switch|p2a: Tyranitar|Tyranitar, F|100/100
|move|p1a: Houndoom|Will-O-Wisp|p2a: Tyranitar
|-status|p2a: Tyranitar|brn
|-enditem|p2a: Tyranitar|Lum Berry|[eat]
|-curestatus|p2a: Tyranitar|brn|[msg]
|
|-weather|Sandstorm|[upkeep]
|-damage|p1a: Houndoom|82/100|[from] Sandstorm
|-heal|p1a: Houndoom|88/100|[from] item: Leftovers
|upkeep
|turn|9
|inactive|ojr has 240 seconds left.
|
|t:|1731497749
|move|p1a: Houndoom|Will-O-Wisp|p2a: Tyranitar
|-status|p2a: Tyranitar|brn
|move|p2a: Tyranitar|Ancient Power|p1a: Houndoom
|-supereffective|p1a: Houndoom
|-damage|p1a: Houndoom|36/100
|
|-weather|Sandstorm|[upkeep]
|-damage|p1a: Houndoom|29/100|[from] Sandstorm
|-heal|p1a: Houndoom|36/100|[from] item: Leftovers
|-damage|p2a: Tyranitar|88/100 brn|[from] brn
|upkeep
|turn|10
|inactive|ojr has 240 seconds left.
|
|t:|1731497762
|switch|p1a: Claydol|Claydol|100/100
|move|p2a: Tyranitar|Fire Blast|p1a: Claydol|[miss]
|-miss|p2a: Tyranitar|p1a: Claydol
|
|-weather|Sandstorm|[upkeep]
|-damage|p2a: Tyranitar|75/100 brn|[from] brn
|upkeep
|turn|11
|inactive|ojr has 240 seconds left.
|
|t:|1731497774
|switch|p2a: Skarmory|Skarmory, M|100/100
|move|p1a: Claydol|Rapid Spin|p2a: Skarmory
|-resisted|p2a: Skarmory
|-crit|p2a: Skarmory
|-damage|p2a: Skarmory|96/100
|-sideend|p1: Zpanther|Spikes|[from] move: Rapid Spin|[of] p1a: Claydol
|
|-weather|Sandstorm|[upkeep]
|-heal|p2a: Skarmory|100/100|[from] item: Leftovers
|upkeep
|turn|12
|inactive|ojr has 240 seconds left.
|
|t:|1731497789
|switch|p1a: Houndoom|Houndoom, M|36/100
|move|p2a: Skarmory|Spikes|p1a: Houndoom
|-sidestart|p1: Zpanther|Spikes
|
|-weather|Sandstorm|[upkeep]
|-damage|p1a: Houndoom|29/100|[from] Sandstorm
|-heal|p1a: Houndoom|36/100|[from] item: Leftovers
|upkeep
|turn|13
|inactive|ojr has 240 seconds left.
|
|t:|1731497804
|switch|p2a: Blissey|Blissey, F|100/100
|move|p1a: Houndoom|Fire Blast|p2a: Blissey
|-damage|p2a: Blissey|76/100
|-status|p2a: Blissey|brn
|
|-weather|Sandstorm|[upkeep]
|-damage|p1a: Houndoom|29/100|[from] Sandstorm
|-damage|p2a: Blissey|70/100 brn|[from] Sandstorm
|-heal|p1a: Houndoom|36/100|[from] item: Leftovers
|-heal|p2a: Blissey|76/100 brn|[from] item: Leftovers
|-damage|p2a: Blissey|63/100 brn|[from] brn
|upkeep
|turn|14
|inactive|ojr has 240 seconds left.
|
|t:|1731497813
|move|p1a: Houndoom|Beat Up|p2a: Blissey
|-damage|p2a: Blissey|53/100 brn
|-damage|p2a: Blissey|36/100 brn
|-damage|p2a: Blissey|21/100 brn
|-damage|p2a: Blissey|11/100 brn
|-damage|p2a: Blissey|2/100 brn
|-damage|p2a: Blissey|0 fnt
|-hitcount|p2a: Blissey|6
|faint|p2a: Blissey
|inactive|ojr has 240 seconds left.
|
|t:|1731497829
|switch|p2a: Salamence|Salamence, M|64/100
|-ability|p2a: Salamence|Intimidate|boost
|-unboost|p1a: Houndoom|atk|1
|
|-weather|Sandstorm|[upkeep]
|-damage|p1a: Houndoom|29/100|[from] Sandstorm
|-damage|p2a: Salamence|58/100|[from] Sandstorm
|-heal|p1a: Houndoom|36/100|[from] item: Leftovers
|-heal|p2a: Salamence|64/100|[from] item: Leftovers
|upkeep
|turn|15
|
|t:|1731497835
|switch|p2a: Tyranitar|Tyranitar, F|75/100 brn
|move|p1a: Houndoom|Will-O-Wisp|p2a: Tyranitar
|-fail|p2a: Tyranitar|brn
|
|-weather|Sandstorm|[upkeep]
|-damage|p1a: Houndoom|29/100|[from] Sandstorm
|-heal|p1a: Houndoom|36/100|[from] item: Leftovers
|-damage|p2a: Tyranitar|63/100 brn|[from] brn
|upkeep
|turn|16
|inactive|ojr has 240 seconds left.
|
|t:|1731497863
|switch|p1a: Claydol|Claydol|100/100
|move|p2a: Tyranitar|Hidden Power|p1a: Claydol
|-supereffective|p1a: Claydol
|-damage|p1a: Claydol|63/100
|
|-weather|Sandstorm|[upkeep]
|-damage|p2a: Tyranitar|50/100 brn|[from] brn
|-heal|p1a: Claydol|69/100|[from] item: Leftovers
|upkeep
|turn|17
|
|t:|1731497870
|switch|p2a: Skarmory|Skarmory, M|100/100
|move|p1a: Claydol|Rapid Spin|p2a: Skarmory
|-resisted|p2a: Skarmory
|-damage|p2a: Skarmory|99/100
|-sideend|p1: Zpanther|Spikes|[from] move: Rapid Spin|[of] p1a: Claydol
|
|-weather|Sandstorm|[upkeep]
|-heal|p2a: Skarmory|100/100|[from] item: Leftovers
|-heal|p1a: Claydol|75/100|[from] item: Leftovers
|upkeep
|turn|18
|
|t:|1731497877
|switch|p1a: Houndoom|Houndoom, M|36/100
|move|p2a: Skarmory|Drill Peck|p1a: Houndoom
|-crit|p1a: Houndoom
|-damage|p1a: Houndoom|0 fnt
|faint|p1a: Houndoom
|
|t:|1731497884
|switch|p1a: Raikou|Raikou|100/100
|
|-weather|Sandstorm|[upkeep]
|-damage|p1a: Raikou|94/100|[from] Sandstorm
|-heal|p1a: Raikou|100/100|[from] item: Leftovers
|upkeep
|turn|19
|
|t:|1731497890
|switch|p2a: Metagross|Metagross|100/100
|move|p1a: Raikou|Thunderbolt|p2a: Metagross
|-damage|p2a: Metagross|62/100
|
|-weather|Sandstorm|[upkeep]
|-damage|p1a: Raikou|94/100|[from] Sandstorm
|-heal|p1a: Raikou|100/100|[from] item: Leftovers
|-heal|p2a: Metagross|68/100|[from] item: Leftovers
|upkeep
|turn|20
|
|t:|1731497896
|switch|p1a: Gyarados|Gyarados, F|60/100
|-ability|p1a: Gyarados|Intimidate|boost
|-fail|p2a: Metagross|unboost|[from] ability: Clear Body|[of] p2a: Metagross
|move|p2a: Metagross|Earthquake|p1a: Gyarados
|-immune|p1a: Gyarados
|
|-weather|Sandstorm|[upkeep]
|-damage|p1a: Gyarados|54/100|[from] Sandstorm
|-heal|p1a: Gyarados|60/100|[from] item: Leftovers
|-heal|p2a: Metagross|74/100|[from] item: Leftovers
|upkeep
|turn|21
|
|t:|1731497912
|switch|p1a: Metagross|Metagross|100/100
|switch|p2a: Skarmory|Skarmory, M|100/100
|
|-weather|Sandstorm|[upkeep]
|upkeep
|turn|22
|inactive|ojr has 270 seconds left.
|
|t:|1731497917
|move|p2a: Skarmory|Spikes|p1a: Metagross
|-sidestart|p1: Zpanther|Spikes
|move|p1a: Metagross|Meteor Mash|p2a: Skarmory
|-resisted|p2a: Skarmory
|-damage|p2a: Skarmory|79/100
|
|-weather|Sandstorm|[upkeep]
|-heal|p2a: Skarmory|85/100|[from] item: Leftovers
|upkeep
|turn|23
|inactive|ojr has 270 seconds left.
|
|t:|1731497931
|move|p2a: Skarmory|Protect|p2a: Skarmory
|-singleturn|p2a: Skarmory|Protect
|move|p1a: Metagross|Meteor Mash|p2a: Skarmory
|-activate|p2a: Skarmory|Protect
|
|-weather|Sandstorm|[upkeep]
|-heal|p2a: Skarmory|91/100|[from] item: Leftovers
|upkeep
|turn|24
|inactive|ojr has 270 seconds left.
|
|t:|1731497945
|move|p2a: Skarmory|Spikes|p1a: Metagross
|-sidestart|p1: Zpanther|Spikes
|move|p1a: Metagross|Meteor Mash|p2a: Skarmory
|-resisted|p2a: Skarmory
|-damage|p2a: Skarmory|69/100
|
|-weather|Sandstorm|[upkeep]
|-heal|p2a: Skarmory|75/100|[from] item: Leftovers
|upkeep
|turn|25
|
|t:|1731497950
|move|p2a: Skarmory|Protect|p2a: Skarmory
|-singleturn|p2a: Skarmory|Protect
|move|p1a: Metagross|Meteor Mash|p2a: Skarmory
|-activate|p2a: Skarmory|Protect
|
|-weather|Sandstorm|[upkeep]
|-heal|p2a: Skarmory|81/100|[from] item: Leftovers
|upkeep
|turn|26
|
|t:|1731497962
|move|p2a: Skarmory|Spikes|p1a: Metagross
|-sidestart|p1: Zpanther|Spikes
|move|p1a: Metagross|Meteor Mash|p2a: Skarmory
|-resisted|p2a: Skarmory
|-damage|p2a: Skarmory|59/100
|
|-weather|Sandstorm|[upkeep]
|-heal|p2a: Skarmory|65/100|[from] item: Leftovers
|upkeep
|turn|27
|
|t:|1731497968
|move|p2a: Skarmory|Protect|p2a: Skarmory
|-singleturn|p2a: Skarmory|Protect
|move|p1a: Metagross|Meteor Mash|p2a: Skarmory
|-activate|p2a: Skarmory|Protect
|
|-weather|Sandstorm|[upkeep]
|-heal|p2a: Skarmory|71/100|[from] item: Leftovers
|upkeep
|turn|28
|
|t:|1731497972
|move|p1a: Metagross|Meteor Mash|p2a: Skarmory
|-resisted|p2a: Skarmory
|-damage|p2a: Skarmory|49/100
|-boost|p1a: Metagross|atk|1
|move|p2a: Skarmory|Roar|p1a: Metagross
|drag|p1a: Breloom|Breloom, M|100/100
|-damage|p1a: Breloom|76/100|[from] Spikes
|
|-weather|Sandstorm|[upkeep]
|-damage|p1a: Breloom|69/100|[from] Sandstorm
|-heal|p1a: Breloom|76/100|[from] item: Leftovers
|-heal|p2a: Skarmory|55/100|[from] item: Leftovers
|upkeep
|turn|29
|
|t:|1731497983
|switch|p1a: Metagross|Metagross|100/100
|-damage|p1a: Metagross|75/100|[from] Spikes
|move|p2a: Skarmory|Drill Peck|p1a: Metagross
|-resisted|p1a: Metagross
|-damage|p1a: Metagross|66/100
|
|-weather|Sandstorm|[upkeep]
|-heal|p2a: Skarmory|61/100|[from] item: Leftovers
|-heal|p1a: Metagross|72/100|[from] item: Leftovers
|upkeep
|turn|30
|
|t:|1731497989
|move|p2a: Skarmory|Protect|p2a: Skarmory
|-singleturn|p2a: Skarmory|Protect
|move|p1a: Metagross|Meteor Mash|p2a: Skarmory
|-activate|p2a: Skarmory|Protect
|
|-weather|Sandstorm|[upkeep]
|-heal|p2a: Skarmory|67/100|[from] item: Leftovers
|-heal|p1a: Metagross|79/100|[from] item: Leftovers
|upkeep
|turn|31
|
|t:|1731497996
|move|p1a: Metagross|Meteor Mash|p2a: Skarmory
|-resisted|p2a: Skarmory
|-damage|p2a: Skarmory|45/100
|move|p2a: Skarmory|Roar|p1a: Metagross
|drag|p1a: Claydol|Claydol|75/100
|
|-weather|Sandstorm|[upkeep]
|-heal|p2a: Skarmory|51/100|[from] item: Leftovers
|-heal|p1a: Claydol|81/100|[from] item: Leftovers
|upkeep
|turn|32
|
|t:|1731498005
|move|p2a: Skarmory|Drill Peck|p1a: Claydol
|-damage|p1a: Claydol|60/100
|move|p1a: Claydol|Rapid Spin|p2a: Skarmory
|-resisted|p2a: Skarmory
|-damage|p2a: Skarmory|49/100
|-sideend|p1: Zpanther|Spikes|[from] move: Rapid Spin|[of] p1a: Claydol
|
|-weather|Sandstorm|[upkeep]
|-heal|p2a: Skarmory|55/100|[from] item: Leftovers
|-heal|p1a: Claydol|66/100|[from] item: Leftovers
|upkeep
|turn|33
|
|t:|1731498017
|switch|p1a: Raikou|Raikou|100/100
|move|p2a: Skarmory|Spikes|p1a: Raikou
|-sidestart|p1: Zpanther|Spikes
|
|-weather|Sandstorm|[upkeep]
|-damage|p1a: Raikou|94/100|[from] Sandstorm
|-heal|p1a: Raikou|100/100|[from] item: Leftovers
|-heal|p2a: Skarmory|61/100|[from] item: Leftovers
|upkeep
|turn|34
|
|t:|1731498039
|switch|p2a: Tyranitar|Tyranitar, F|50/100 brn
|move|p1a: Raikou|Thunderbolt|p2a: Tyranitar
|-damage|p2a: Tyranitar|5/100 brn
|
|-weather|Sandstorm|[upkeep]
|-damage|p1a: Raikou|94/100|[from] Sandstorm
|-heal|p1a: Raikou|100/100|[from] item: Leftovers
|-damage|p2a: Tyranitar|0 fnt|[from] brn
|faint|p2a: Tyranitar
|upkeep
|
|t:|1731498044
|switch|p2a: Metagross|Metagross|74/100
|turn|35
|inactive|ojr has 270 seconds left.
|
|t:|1731498073
|switch|p1a: Gyarados|Gyarados, F|60/100
|-ability|p1a: Gyarados|Intimidate|boost
|-fail|p2a: Metagross|unboost|[from] ability: Clear Body|[of] p2a: Metagross
|switch|p2a: Salamence|Salamence, M|64/100
|-ability|p2a: Salamence|Intimidate|boost
|-unboost|p1a: Gyarados|atk|1
|
|-weather|Sandstorm|[upkeep]
|-damage|p1a: Gyarados|54/100|[from] Sandstorm
|-damage|p2a: Salamence|58/100|[from] Sandstorm
|-heal|p1a: Gyarados|60/100|[from] item: Leftovers
|-heal|p2a: Salamence|64/100|[from] item: Leftovers
|upkeep
|turn|36
|inactive|ojr has 270 seconds left.
|
|t:|1731498087
|switch|p1a: Claydol|Claydol|66/100
|move|p2a: Salamence|Dragon Dance|p2a: Salamence
|-boost|p2a: Salamence|atk|1
|-boost|p2a: Salamence|spe|1
|
|-weather|Sandstorm|[upkeep]
|-damage|p2a: Salamence|58/100|[from] Sandstorm
|-heal|p2a: Salamence|64/100|[from] item: Leftovers
|-heal|p1a: Claydol|72/100|[from] item: Leftovers
|upkeep
|turn|37
|inactive|ojr has 270 seconds left.
|
|t:|1731498101
|switch|p2a: Skarmory|Skarmory, M|61/100
|move|p1a: Claydol|Ice Beam|p2a: Skarmory
|-crit|p2a: Skarmory
|-damage|p2a: Skarmory|33/100
|
|-weather|Sandstorm|[upkeep]
|-heal|p2a: Skarmory|39/100|[from] item: Leftovers
|-heal|p1a: Claydol|78/100|[from] item: Leftovers
|upkeep
|turn|38
|inactive|ojr has 270 seconds left.
|
|t:|1731498108
|move|p2a: Skarmory|Drill Peck|p1a: Claydol
|-damage|p1a: Claydol|56/100
|move|p1a: Claydol|Rapid Spin|p2a: Skarmory
|-resisted|p2a: Skarmory
|-damage|p2a: Skarmory|37/100
|-sideend|p1: Zpanther|Spikes|[from] move: Rapid Spin|[of] p1a: Claydol
|
|-weather|Sandstorm|[upkeep]
|-heal|p2a: Skarmory|43/100|[from] item: Leftovers
|-heal|p1a: Claydol|63/100|[from] item: Leftovers
|upkeep
|turn|39
|
|t:|1731498118
|switch|p1a: Raikou|Raikou|100/100
|move|p2a: Skarmory|Spikes|p1a: Raikou
|-sidestart|p1: Zpanther|Spikes
|
|-weather|Sandstorm|[upkeep]
|-damage|p1a: Raikou|94/100|[from] Sandstorm
|-heal|p1a: Raikou|100/100|[from] item: Leftovers
|-heal|p2a: Skarmory|49/100|[from] item: Leftovers
|upkeep
|turn|40
|inactive|ojr has 270 seconds left.
|
|t:|1731498137
|switch|p2a: Claydol|Claydol|100/100 slp
|move|p1a: Raikou|Thunderbolt|p2a: Claydol
|-immune|p2a: Claydol
|
|-weather|Sandstorm|[upkeep]
|-damage|p1a: Raikou|94/100|[from] Sandstorm
|-heal|p1a: Raikou|100/100|[from] item: Leftovers
|upkeep
|turn|41
|
|t:|1731498146
|switch|p2a: Metagross|Metagross|74/100
|move|p1a: Raikou|Substitute|p1a: Raikou
|-start|p1a: Raikou|Substitute
|-damage|p1a: Raikou|76/100
|
|-weather|Sandstorm|[upkeep]
|-damage|p1a: Raikou|69/100|[from] Sandstorm
|-heal|p1a: Raikou|76/100|[from] item: Leftovers
|-heal|p2a: Metagross|80/100|[from] item: Leftovers
|upkeep
|turn|42
|
|t:|1731498155
|move|p1a: Raikou|Thunderbolt|p2a: Metagross
|-damage|p2a: Metagross|34/100
|move|p2a: Metagross|Earthquake|p1a: Raikou
|-supereffective|p1a: Raikou
|-end|p1a: Raikou|Substitute
|
|-weather|Sandstorm|[upkeep]
|-damage|p1a: Raikou|69/100|[from] Sandstorm
|-heal|p1a: Raikou|76/100|[from] item: Leftovers
|-heal|p2a: Metagross|40/100|[from] item: Leftovers
|upkeep
|turn|43
|
|t:|1731498164
|move|p2a: Metagross|Protect|p2a: Metagross
|-singleturn|p2a: Metagross|Protect
|move|p1a: Raikou|Thunderbolt|p2a: Metagross
|-activate|p2a: Metagross|Protect
|
|-weather|Sandstorm|[upkeep]
|-damage|p1a: Raikou|69/100|[from] Sandstorm
|-heal|p1a: Raikou|76/100|[from] item: Leftovers
|-heal|p2a: Metagross|46/100|[from] item: Leftovers
|upkeep
|turn|44
|
|t:|1731498179
|switch|p1a: Gyarados|Gyarados, F|60/100
|-ability|p1a: Gyarados|Intimidate|boost
|-fail|p2a: Metagross|unboost|[from] ability: Clear Body|[of] p2a: Metagross
|move|p2a: Metagross|Earthquake|p1a: Gyarados
|-immune|p1a: Gyarados
|
|-weather|Sandstorm|[upkeep]
|-damage|p1a: Gyarados|54/100|[from] Sandstorm
|-heal|p1a: Gyarados|60/100|[from] item: Leftovers
|-heal|p2a: Metagross|52/100|[from] item: Leftovers
|upkeep
|turn|45
|
|t:|1731498191
|move|p2a: Metagross|Protect|p2a: Metagross
|-singleturn|p2a: Metagross|Protect
|move|p1a: Gyarados|Dragon Dance|p1a: Gyarados
|-boost|p1a: Gyarados|atk|1
|-boost|p1a: Gyarados|spe|1
|
|-weather|Sandstorm|[upkeep]
|-damage|p1a: Gyarados|54/100|[from] Sandstorm
|-heal|p1a: Gyarados|60/100|[from] item: Leftovers
|-heal|p2a: Metagross|58/100|[from] item: Leftovers
|upkeep
|turn|46
|
|t:|1731498202
|switch|p2a: Skarmory|Skarmory, M|49/100
|move|p1a: Gyarados|Hidden Power|p2a: Skarmory
|-resisted|p2a: Skarmory
|-damage|p2a: Skarmory|28/100
|
|-weather|Sandstorm|[upkeep]
|-damage|p1a: Gyarados|54/100|[from] Sandstorm
|-heal|p1a: Gyarados|60/100|[from] item: Leftovers
|-heal|p2a: Skarmory|34/100|[from] item: Leftovers
|upkeep
|turn|47
|
|t:|1731498214
|move|p1a: Gyarados|Hydro Pump|p2a: Skarmory
|-crit|p2a: Skarmory
|-damage|p2a: Skarmory|0 fnt
|faint|p2a: Skarmory
|c|☆ojr|does that kill
|c|☆ojr|:P:
|c|☆ojr|LOL*
|inactive|ojr has 270 seconds left.
|c|☆Zpanther|no lmao
|c|☆Zpanther|27% max
|c|☆ojr|lmao
|inactive|ojr has 240 seconds left.
|c|☆ojr|heat nonetheless
|
|t:|1731498271
|switch|p2a: Salamence|Salamence, M|64/100
|-ability|p2a: Salamence|Intimidate|boost
|-unboost|p1a: Gyarados|atk|1
|
|-weather|Sandstorm|[upkeep]
|-damage|p1a: Gyarados|54/100|[from] Sandstorm
|-damage|p2a: Salamence|58/100|[from] Sandstorm
|-heal|p1a: Gyarados|60/100|[from] item: Leftovers
|-heal|p2a: Salamence|64/100|[from] item: Leftovers
|upkeep
|turn|48
|
|t:|1731498280
|switch|p2a: Metagross|Metagross|58/100
|move|p1a: Gyarados|Dragon Dance|p1a: Gyarados
|-boost|p1a: Gyarados|atk|1
|-boost|p1a: Gyarados|spe|1
|
|-weather|Sandstorm|[upkeep]
|-damage|p1a: Gyarados|54/100|[from] Sandstorm
|-heal|p1a: Gyarados|60/100|[from] item: Leftovers
|-heal|p2a: Metagross|65/100|[from] item: Leftovers
|upkeep
|turn|49
|
|t:|1731498292
|switch|p2a: Salamence|Salamence, M|64/100
|-ability|p2a: Salamence|Intimidate|boost
|-unboost|p1a: Gyarados|atk|1
|move|p1a: Gyarados|Hidden Power|p2a: Salamence
|-damage|p2a: Salamence|17/100
|
|-weather|Sandstorm|[upkeep]
|-damage|p1a: Gyarados|54/100|[from] Sandstorm
|-damage|p2a: Salamence|11/100|[from] Sandstorm
|-heal|p1a: Gyarados|60/100|[from] item: Leftovers
|-heal|p2a: Salamence|17/100|[from] item: Leftovers
|upkeep
|turn|50
|c|☆ojr|gg
|-message|ojr forfeited.
|
|win|Zpanther
|c|☆Zpanther|gg
|player|p2|

</script>
<script type="application/json" class="data" id="replaydata-smogtours-gen3ou-806136">
{"id":"smogtours-gen3ou-806136","format":"[Gen 3] OU","players":["Zpanther","ojr"],"uploadtime":1731498300,"views":36,"formatid":"gen3ou","rating":null,"private":0,"password":null}
</script>

<script defer src="js/replays.js?9d40a366"></script>
