<!DOCTYPE html>
<meta charset="utf-8" />
<meta name="viewport" content="width=device-width" />

<title>[Gen 3] OU: Ghostfall22 vs. dig boshi - Replays - Pok&eacute;mon Showdown!</title>

<meta name="description" content="Watch a replay of a Pok&eacute;mon battle between Ghostfall22 and dig boshi! Format: [Gen 3] OU; Date: Oct 13, 2024" />
<!--

Hey, you! Looking in the source for the replay log?

You can find them in JSON format, just add `.json` at the end of a replay URL.

https://replay.pokemonshowdown.com/gen7randomdoublesbattle-865046831.json

Or, if you only need the log itself, add `.log` instead:

https://replay.pokemonshowdown.com/gen7randomdoublesbattle-865046831.log

-->

<link rel="stylesheet" href="//pokemonshowdown.com/style/global.css?0.023195364461161105" />
<link rel="stylesheet" href="//play.pokemonshowdown.com/style/font-awesome.css?0.13261647063804238" />
<link rel="stylesheet" href="//play.pokemonshowdown.com/style/battle.css?0.8753245789963631" />
<link rel="stylesheet" href="//play.pokemonshowdown.com/style/utilichart.css?0.8627959624976733" />

<!-- Global site tag (gtag.js) - Google Analytics -->
<script async src="https://www.googletagmanager.com/gtag/js?id=UA-26211653-1"></script>
<script>
  window.dataLayer = window.dataLayer || [];
  function gtag(){dataLayer.push(arguments);}
  gtag('js', new Date());

  gtag('config', 'UA-26211653-1');
</script>
<!-- End Google Analytics -->
<!-- Venatus Ad Manager - Install in <HEAD> of page -->
	<script src="https://hb.vntsm.com/v3/live/ad-manager.min.js" type="text/javascript" data-site-id="642aba63ec9a7b11c3c9c1be" data-mode="scan" async></script>
<!-- / Venatus Ad Manager -->

<style>
	@media (max-width:820px) {
		.battle {
			margin: 0 auto;
		}
		.battle-log {
			margin: 7px auto 0;
			max-width: 640px;
			height: 300px;
			position: static;
		}
	}
	.optgroup {
		display: inline-block;
		line-height: 22px;
		font-size: 10pt;
	}
	.optgroup .button {
		height: 25px;
		padding-top: 0;
		padding-bottom: 0;
	}
	.optgroup button.button {
		padding-left: 12px;
		padding-right: 12px;
	}
	.linklist {
		list-style: none;
		margin: 0.5em 0;
		padding: 0;
	}
	.linklist li {
		padding: 2px 0;
	}
	.sidebar {
		float: left;
		width: 320px;
	}
	.bar-wrapper {
		max-width: 1100px;
		margin: 0 auto;
	}
	.bar-wrapper.has-sidebar {
		max-width: 1430px;
	}
	.mainbar {
		margin: 0;
		padding-right: 1px;
	}
	.mainbar.has-sidebar {
		margin-left: 330px;
	}
	@media (min-width: 1511px) {
		.sidebar {
			width: 400px;
		}
		.bar-wrapper.has-sidebar {
			max-width: 1510px;
		}
		.mainbar.has-sidebar {
			margin-left: 410px;
		}
	}
	.section.first-section {
		margin-top: 9px;
	}
	.blocklink small {
		white-space: normal;
	}
	.button {
		vertical-align: middle;
	}
	.replay-controls {
		padding-top: 10px;
	}
	.replay-controls h1 {
		font-size: 16pt;
		font-weight: normal;
		color: #CCC;
	}
	.pagelink {
		text-align: center;
	}
	.pagelink a {
		width: 150px;
	}
	.textbox, .button {
		font-size: 11pt;
		vertical-align: middle;
	}
	@media (max-width: 450px) {
		.button {
			font-size: 9pt;
		}
	}
</style>

<div>

	<header>
		<div class="nav-wrapper"><ul class="nav">
			<li><a class="button nav-first" href="//pokemonshowdown.com/"><img src="//pokemonshowdown.com/images/pokemonshowdownbeta.png" srcset="//pokemonshowdown.com/images/pokemonshowdownbeta.png 1x, //pokemonshowdown.com/images/pokemonshowdownbeta@2x.png 2x" alt="Pok&eacute;mon Showdown" width="146" height="44" /> Home</a></li>
			<li><a class="button" href="//pokemonshowdown.com/dex/">Pok&eacute;dex</a></li>
			<li><a class="button cur" href="/">Replays</a></li>
			<li><a class="button" href="//pokemonshowdown.com/ladder/">Ladder</a></li>
			<li><a class="button nav-last" href="//pokemonshowdown.com/forums/">Forum</a></li>
			<li><a class="button greenbutton nav-first nav-last" href="//play.pokemonshowdown.com/">Play</a></li>
		</ul></div>
	</header>

	<div class="main" id="main">

		<noscript><section class="section">You need to enable JavaScript to use this page; sorry!</section></noscript>

	</div>

</div>

<script defer nomodule src="//play.pokemonshowdown.com/js/lib/ps-polyfill.js"></script>
<script defer src="//play.pokemonshowdown.com/js/lib/preact.min.js"></script>

<script defer src="//play.pokemonshowdown.com/config/config.js?2bddbc15"></script>
<script defer src="//play.pokemonshowdown.com/js/lib/jquery-1.11.0.min.js"></script>
<script defer src="//play.pokemonshowdown.com/js/lib/html-sanitizer-minified.js"></script>
<script defer src="//play.pokemonshowdown.com/js/battle-sound.js"></script>
<script defer src="//play.pokemonshowdown.com/js/battledata.js?0.7209276989879541"></script>
<script defer src="//play.pokemonshowdown.com/data/pokedex-mini.js?0.6111056340867951"></script>
<script defer src="//play.pokemonshowdown.com/data/pokedex-mini-bw.js?0.3532142036491459"></script>
<script defer src="//play.pokemonshowdown.com/data/graphics.js?0.24223875632456182"></script>
<script defer src="//play.pokemonshowdown.com/data/pokedex.js?0.38839984266356864"></script>
<script defer src="//play.pokemonshowdown.com/data/moves.js?0.21866028504024015"></script>
<script defer src="//play.pokemonshowdown.com/data/abilities.js?0.2005157953846628"></script>
<script defer src="//play.pokemonshowdown.com/data/items.js?0.9894211263848525"></script>
<script defer src="//play.pokemonshowdown.com/data/teambuilder-tables.js?0.6008791140282215"></script>
<script defer src="//play.pokemonshowdown.com/js/battle-tooltips.js?0.7580118955022959"></script>
<script defer src="//play.pokemonshowdown.com/js/battle.js?0.6057722274234274"></script>

<script defer src="js/utils.js?e31f9a17"></script>
<script defer src="js/replays-battle.js?7008c182"></script>

<!-- don't scrape this data! just add .json or .log after the URL!
Full API docs: https://github.com/smogon/pokemon-showdown-client/blob/master/WEB-API.md -->
<script type="text/plain" class="log" id="replaylog-smogtours-gen3ou-798519">
|inactive|Battle timer is ON: inactive players will automatically lose when time's up.
|t:|1728861789
|gametype|singles
|player|p1|Ghostfall22|lady-gen4|
|player|p2|dig boshi|2|
|teamsize|p1|6
|teamsize|p2|6
|gen|3
|tier|[Gen 3] OU
|rule|Sleep Clause Mod: Limit one foe put to sleep
|rule|Switch Priority Clause Mod: Faster Pokémon switch first
|rule|Species Clause: Limit one of each Pokémon
|rule|OHKO Clause: OHKO moves are banned
|rule|Evasion Items Clause: Evasion items are banned
|rule|Evasion Moves Clause: Evasion moves are banned
|rule|Endless Battle Clause: Forcing endless battles is banned
|rule|HP Percentage Mod: HP is shown in percentages
|rule|One Boost Passer Clause: Limit one Baton Passer that has a way to boost its stats
|rule|Freeze Clause Mod: Limit one foe frozen
|
|t:|1728861789
|start
|switch|p1a: LightThatCigarette|Skarmory, F|100/100
|switch|p2a: Tyranitar|Tyranitar, F|100/100
|-weather|Sandstorm|[from] ability: Sand Stream|[of] p2a: Tyranitar
|turn|1
|
|t:|1728861801
|switch|p2a: Blastoise|Blastoise, F|100/100
|move|p1a: LightThatCigarette|Spikes|p2a: Blastoise
|-sidestart|p2: dig boshi|Spikes
|
|-weather|Sandstorm|[upkeep]
|-damage|p2a: Blastoise|94/100|[from] Sandstorm
|-heal|p2a: Blastoise|100/100|[from] item: Leftovers
|upkeep
|turn|2
|
|t:|1728861807
|switch|p1a: OverdidTheLiquor|Celebi|100/100
|move|p2a: Blastoise|Hydro Pump|p1a: OverdidTheLiquor
|-resisted|p1a: OverdidTheLiquor
|-damage|p1a: OverdidTheLiquor|82/100
|
|-weather|Sandstorm|[upkeep]
|-damage|p1a: OverdidTheLiquor|76/100|[from] Sandstorm
|-damage|p2a: Blastoise|94/100|[from] Sandstorm
|-heal|p1a: OverdidTheLiquor|82/100|[from] item: Leftovers
|-heal|p2a: Blastoise|100/100|[from] item: Leftovers
|upkeep
|turn|3
|
|t:|1728861817
|switch|p2a: Skarmory|Skarmory, M|100/100
|move|p1a: OverdidTheLiquor|Giga Drain|p2a: Skarmory
|-resisted|p2a: Skarmory
|-damage|p2a: Skarmory|93/100
|-heal|p1a: OverdidTheLiquor|85/100|[from] drain|[of] p2a: Skarmory
|
|-weather|Sandstorm|[upkeep]
|-damage|p1a: OverdidTheLiquor|79/100|[from] Sandstorm
|-heal|p1a: OverdidTheLiquor|85/100|[from] item: Leftovers
|-heal|p2a: Skarmory|99/100|[from] item: Leftovers
|upkeep
|turn|4
|
|t:|1728861827
|move|p1a: OverdidTheLiquor|Calm Mind|p1a: OverdidTheLiquor
|-boost|p1a: OverdidTheLiquor|spa|1
|-boost|p1a: OverdidTheLiquor|spd|1
|move|p2a: Skarmory|Spikes|p1a: OverdidTheLiquor
|-sidestart|p1: Ghostfall22|Spikes
|
|-weather|Sandstorm|[upkeep]
|-damage|p1a: OverdidTheLiquor|79/100|[from] Sandstorm
|-heal|p1a: OverdidTheLiquor|85/100|[from] item: Leftovers
|-heal|p2a: Skarmory|100/100|[from] item: Leftovers
|upkeep
|turn|5
|
|t:|1728861835
|move|p1a: OverdidTheLiquor|Hidden Power|p2a: Skarmory
|-supereffective|p2a: Skarmory
|-damage|p2a: Skarmory|34/100
|move|p2a: Skarmory|Roar|p1a: OverdidTheLiquor
|drag|p1a: LightThatCigarette|Skarmory, F|100/100
|
|-weather|Sandstorm|[upkeep]
|-heal|p2a: Skarmory|40/100|[from] item: Leftovers
|upkeep
|turn|6
|
|t:|1728861849
|switch|p2a: Blastoise|Blastoise, F|100/100
|-damage|p2a: Blastoise|88/100|[from] Spikes
|move|p1a: LightThatCigarette|Toxic|p2a: Blastoise
|-status|p2a: Blastoise|tox
|
|-weather|Sandstorm|[upkeep]
|-damage|p2a: Blastoise|82/100 tox|[from] Sandstorm
|-heal|p2a: Blastoise|88/100 tox|[from] item: Leftovers
|-damage|p2a: Blastoise|82/100 tox|[from] psn
|upkeep
|turn|7
|
|t:|1728861861
|switch|p1a: OverdidTheLiquor|Celebi|85/100
|-damage|p1a: OverdidTheLiquor|72/100|[from] Spikes
|move|p2a: Blastoise|Refresh|p2a: Blastoise
|-curestatus|p2a: Blastoise|tox|[msg]
|
|-weather|Sandstorm|[upkeep]
|-damage|p1a: OverdidTheLiquor|66/100|[from] Sandstorm
|-damage|p2a: Blastoise|76/100|[from] Sandstorm
|-heal|p1a: OverdidTheLiquor|72/100|[from] item: Leftovers
|-heal|p2a: Blastoise|82/100|[from] item: Leftovers
|upkeep
|turn|8
|inactive|dig boshi has 270 seconds left.
|
|t:|1728861901
|switch|p2a: Porygon2|Porygon2|100/100
|-damage|p2a: Porygon2|88/100|[from] Spikes
|-ability|p2a: Porygon2|Natural Cure|[from] ability: Trace|[of] p1a: OverdidTheLiquor
|move|p1a: OverdidTheLiquor|Calm Mind|p1a: OverdidTheLiquor
|-boost|p1a: OverdidTheLiquor|spa|1
|-boost|p1a: OverdidTheLiquor|spd|1
|
|-weather|Sandstorm|[upkeep]
|-damage|p1a: OverdidTheLiquor|66/100|[from] Sandstorm
|-damage|p2a: Porygon2|82/100|[from] Sandstorm
|-heal|p1a: OverdidTheLiquor|72/100|[from] item: Leftovers
|-heal|p2a: Porygon2|88/100|[from] item: Leftovers
|upkeep
|turn|9
|
|t:|1728861913
|move|p1a: OverdidTheLiquor|Psychic|p2a: Porygon2
|-damage|p2a: Porygon2|37/100
|move|p2a: Porygon2|Toxic|p1a: OverdidTheLiquor
|-status|p1a: OverdidTheLiquor|tox
|
|-weather|Sandstorm|[upkeep]
|-damage|p1a: OverdidTheLiquor|66/100 tox|[from] Sandstorm
|-damage|p2a: Porygon2|30/100|[from] Sandstorm
|-heal|p1a: OverdidTheLiquor|72/100 tox|[from] item: Leftovers
|-damage|p1a: OverdidTheLiquor|66/100 tox|[from] psn
|-heal|p2a: Porygon2|37/100|[from] item: Leftovers
|upkeep
|turn|10
|
|t:|1728861926
|switch|p2a: Skarmory|Skarmory, M|40/100
|move|p1a: OverdidTheLiquor|Giga Drain|p2a: Skarmory
|-resisted|p2a: Skarmory
|-damage|p2a: Skarmory|30/100
|-heal|p1a: OverdidTheLiquor|71/100 tox|[from] drain|[of] p2a: Skarmory
|
|-weather|Sandstorm|[upkeep]
|-damage|p1a: OverdidTheLiquor|65/100 tox|[from] Sandstorm
|-heal|p1a: OverdidTheLiquor|71/100 tox|[from] item: Leftovers
|-damage|p1a: OverdidTheLiquor|58/100 tox|[from] psn
|-heal|p2a: Skarmory|36/100|[from] item: Leftovers
|upkeep
|turn|11
|
|t:|1728861937
|-curestatus|p1a: OverdidTheLiquor|tox|[from] ability: Natural Cure
|switch|p1a: BillionDollarSmile|Gengar, F, shiny|100/100
|move|p2a: Skarmory|Protect||[still]
|-fail|p2a: Skarmory
|
|-weather|Sandstorm|[upkeep]
|-damage|p1a: BillionDollarSmile|94/100|[from] Sandstorm
|-heal|p1a: BillionDollarSmile|100/100|[from] item: Leftovers
|-heal|p2a: Skarmory|42/100|[from] item: Leftovers
|upkeep
|turn|12
|inactive|Ghostfall22 has 270 seconds left.
|inactive|Ghostfall22 has 240 seconds left.
|
|t:|1728862004
|move|p2a: Skarmory|Protect|p2a: Skarmory
|-singleturn|p2a: Skarmory|Protect
|move|p1a: BillionDollarSmile|Thunderbolt|p2a: Skarmory
|-activate|p2a: Skarmory|Protect
|
|-weather|Sandstorm|[upkeep]
|-damage|p1a: BillionDollarSmile|94/100|[from] Sandstorm
|-heal|p1a: BillionDollarSmile|100/100|[from] item: Leftovers
|-heal|p2a: Skarmory|48/100|[from] item: Leftovers
|upkeep
|turn|13
|inactive|Ghostfall22 has 240 seconds left.
|
|t:|1728862020
|switch|p2a: Celebi|Celebi|100/100
|-damage|p2a: Celebi|88/100|[from] Spikes
|move|p1a: BillionDollarSmile|Hidden Power|p2a: Celebi
|-resisted|p2a: Celebi
|-damage|p2a: Celebi|78/100
|
|-weather|Sandstorm|[upkeep]
|-damage|p1a: BillionDollarSmile|94/100|[from] Sandstorm
|-damage|p2a: Celebi|72/100|[from] Sandstorm
|-heal|p1a: BillionDollarSmile|100/100|[from] item: Leftovers
|-heal|p2a: Celebi|78/100|[from] item: Leftovers
|upkeep
|turn|14
|inactive|Ghostfall22 has 240 seconds left.
|
|t:|1728862035
|switch|p1a: LightThatCigarette|Skarmory, F|100/100
|move|p2a: Celebi|Psychic|p1a: LightThatCigarette
|-resisted|p1a: LightThatCigarette
|-damage|p1a: LightThatCigarette|86/100
|
|-weather|Sandstorm|[upkeep]
|-damage|p2a: Celebi|72/100|[from] Sandstorm
|-heal|p2a: Celebi|78/100|[from] item: Leftovers
|-heal|p1a: LightThatCigarette|92/100|[from] item: Leftovers
|upkeep
|turn|15
|
|t:|1728862044
|move|p2a: Celebi|Leech Seed|p1a: LightThatCigarette
|-start|p1a: LightThatCigarette|move: Leech Seed
|move|p1a: LightThatCigarette|Roar|p2a: Celebi
|drag|p2a: Skarmory|Skarmory, M|48/100
|
|-weather|Sandstorm|[upkeep]
|-heal|p2a: Skarmory|55/100|[from] item: Leftovers
|-heal|p1a: LightThatCigarette|98/100|[from] item: Leftovers
|-damage|p1a: LightThatCigarette|86/100|[from] Leech Seed|[of] p2a: Skarmory
|-heal|p2a: Skarmory|67/100|[silent]
|upkeep
|turn|16
|
|t:|1728862052
|switch|p1a: BillionDollarSmile|Gengar, F, shiny|100/100
|move|p2a: Skarmory|Spikes|p1a: BillionDollarSmile
|-sidestart|p1: Ghostfall22|Spikes
|
|-weather|Sandstorm|[upkeep]
|-damage|p1a: BillionDollarSmile|94/100|[from] Sandstorm
|-heal|p1a: BillionDollarSmile|100/100|[from] item: Leftovers
|-heal|p2a: Skarmory|74/100|[from] item: Leftovers
|upkeep
|turn|17
|inactive|dig boshi has 270 seconds left.
|
|t:|1728862062
|move|p2a: Skarmory|Protect|p2a: Skarmory
|-singleturn|p2a: Skarmory|Protect
|move|p1a: BillionDollarSmile|Thunderbolt|p2a: Skarmory
|-activate|p2a: Skarmory|Protect
|
|-weather|Sandstorm|[upkeep]
|-damage|p1a: BillionDollarSmile|94/100|[from] Sandstorm
|-heal|p1a: BillionDollarSmile|100/100|[from] item: Leftovers
|-heal|p2a: Skarmory|80/100|[from] item: Leftovers
|upkeep
|turn|18
|inactive|dig boshi has 270 seconds left.
|inactive|Ghostfall22 has 270 seconds left.
|
|t:|1728862081
|switch|p2a: Tyranitar|Tyranitar, F|100/100
|-damage|p2a: Tyranitar|88/100|[from] Spikes
|move|p1a: BillionDollarSmile|Hidden Power|p2a: Tyranitar
|-supereffective|p2a: Tyranitar
|-damage|p2a: Tyranitar|43/100
|
|-weather|Sandstorm|[upkeep]
|-damage|p1a: BillionDollarSmile|94/100|[from] Sandstorm
|-heal|p1a: BillionDollarSmile|100/100|[from] item: Leftovers
|-heal|p2a: Tyranitar|49/100|[from] item: Leftovers
|upkeep
|turn|19
|inactive|Ghostfall22 has 270 seconds left.
|inactive|dig boshi has 270 seconds left.
|
|t:|1728862093
|move|p1a: BillionDollarSmile|Hidden Power|p2a: Tyranitar
|-supereffective|p2a: Tyranitar
|-damage|p2a: Tyranitar|2/100
|move|p2a: Tyranitar|Crunch|p1a: BillionDollarSmile
|-supereffective|p1a: BillionDollarSmile
|-damage|p1a: BillionDollarSmile|0 fnt
|faint|p1a: BillionDollarSmile
|inactive|Ghostfall22 has 270 seconds left.
|
|t:|1728862106
|switch|p1a: OverdidTheLiquor|Celebi|58/100
|-damage|p1a: OverdidTheLiquor|42/100|[from] Spikes
|
|-weather|Sandstorm|[upkeep]
|-damage|p1a: OverdidTheLiquor|36/100|[from] Sandstorm
|-heal|p1a: OverdidTheLiquor|42/100|[from] item: Leftovers
|-heal|p2a: Tyranitar|8/100|[from] item: Leftovers
|upkeep
|turn|20
|
|t:|1728862114
|switch|p2a: Skarmory|Skarmory, M|80/100
|move|p1a: OverdidTheLiquor|Giga Drain|p2a: Skarmory
|-resisted|p2a: Skarmory
|-damage|p2a: Skarmory|73/100
|-heal|p1a: OverdidTheLiquor|45/100|[from] drain|[of] p2a: Skarmory
|
|-weather|Sandstorm|[upkeep]
|-damage|p1a: OverdidTheLiquor|39/100|[from] Sandstorm
|-heal|p1a: OverdidTheLiquor|45/100|[from] item: Leftovers
|-heal|p2a: Skarmory|79/100|[from] item: Leftovers
|upkeep
|turn|21
|inactive|Ghostfall22 has 270 seconds left.
|
|t:|1728862157
|move|p1a: OverdidTheLiquor|Calm Mind|p1a: OverdidTheLiquor
|-boost|p1a: OverdidTheLiquor|spa|1
|-boost|p1a: OverdidTheLiquor|spd|1
|move|p2a: Skarmory|Roar|p1a: OverdidTheLiquor
|drag|p1a: PulledTheTrigger|Aerodactyl, F|100/100
|
|-weather|Sandstorm|[upkeep]
|-heal|p2a: Skarmory|85/100|[from] item: Leftovers
|upkeep
|turn|22
|
|t:|1728862164
|switch|p1a: LightThatCigarette|Skarmory, F|86/100
|move|p2a: Skarmory|Protect||[still]
|-fail|p2a: Skarmory
|
|-weather|Sandstorm|[upkeep]
|-heal|p2a: Skarmory|91/100|[from] item: Leftovers
|-heal|p1a: LightThatCigarette|92/100|[from] item: Leftovers
|upkeep
|turn|23
|
|t:|1728862171
|switch|p2a: Blastoise|Blastoise, F|82/100
|-damage|p2a: Blastoise|70/100|[from] Spikes
|move|p1a: LightThatCigarette|Spikes|p2a: Blastoise
|-sidestart|p2: dig boshi|Spikes
|
|-weather|Sandstorm|[upkeep]
|-damage|p2a: Blastoise|63/100|[from] Sandstorm
|-heal|p2a: Blastoise|70/100|[from] item: Leftovers
|-heal|p1a: LightThatCigarette|98/100|[from] item: Leftovers
|upkeep
|turn|24
|
|t:|1728862184
|move|p2a: Blastoise|Rapid Spin|p1a: LightThatCigarette
|-resisted|p1a: LightThatCigarette
|-damage|p1a: LightThatCigarette|96/100
|-sideend|p2: dig boshi|Spikes|[from] move: Rapid Spin|[of] p2a: Blastoise
|move|p1a: LightThatCigarette|Toxic|p2a: Blastoise
|-status|p2a: Blastoise|tox
|
|-weather|Sandstorm|[upkeep]
|-damage|p2a: Blastoise|63/100 tox|[from] Sandstorm
|-heal|p2a: Blastoise|70/100 tox|[from] item: Leftovers
|-damage|p2a: Blastoise|63/100 tox|[from] psn
|-heal|p1a: LightThatCigarette|100/100|[from] item: Leftovers
|upkeep
|turn|25
|
|t:|1728862194
|switch|p1a: OverdidTheLiquor|Celebi|45/100
|-damage|p1a: OverdidTheLiquor|29/100|[from] Spikes
|move|p2a: Blastoise|Refresh|p2a: Blastoise
|-curestatus|p2a: Blastoise|tox|[msg]
|
|-weather|Sandstorm|[upkeep]
|-damage|p1a: OverdidTheLiquor|22/100|[from] Sandstorm
|-damage|p2a: Blastoise|57/100|[from] Sandstorm
|-heal|p1a: OverdidTheLiquor|29/100|[from] item: Leftovers
|-heal|p2a: Blastoise|63/100|[from] item: Leftovers
|upkeep
|turn|26
|inactive|dig boshi has 270 seconds left.
|
|t:|1728862232
|switch|p2a: Tyranitar|Tyranitar, F|8/100
|move|p1a: OverdidTheLiquor|Calm Mind|p1a: OverdidTheLiquor
|-boost|p1a: OverdidTheLiquor|spa|1
|-boost|p1a: OverdidTheLiquor|spd|1
|
|-weather|Sandstorm|[upkeep]
|-damage|p1a: OverdidTheLiquor|22/100|[from] Sandstorm
|-heal|p1a: OverdidTheLiquor|29/100|[from] item: Leftovers
|-heal|p2a: Tyranitar|14/100|[from] item: Leftovers
|upkeep
|turn|27
|inactive|dig boshi has 270 seconds left.
|
|t:|1728862241
|move|p1a: OverdidTheLiquor|Giga Drain|p2a: Tyranitar
|-supereffective|p2a: Tyranitar
|-damage|p2a: Tyranitar|0 fnt
|-heal|p1a: OverdidTheLiquor|36/100|[from] drain|[of] p2a: Tyranitar
|faint|p2a: Tyranitar
|
|t:|1728862246
|switch|p2a: Skarmory|Skarmory, M|91/100
|
|-weather|Sandstorm|[upkeep]
|-damage|p1a: OverdidTheLiquor|30/100|[from] Sandstorm
|-heal|p1a: OverdidTheLiquor|36/100|[from] item: Leftovers
|-heal|p2a: Skarmory|98/100|[from] item: Leftovers
|upkeep
|turn|28
|
|t:|1728862252
|move|p1a: OverdidTheLiquor|Hidden Power|p2a: Skarmory
|-supereffective|p2a: Skarmory
|-damage|p2a: Skarmory|22/100
|move|p2a: Skarmory|Drill Peck|p1a: OverdidTheLiquor
|-supereffective|p1a: OverdidTheLiquor
|-damage|p1a: OverdidTheLiquor|0 fnt
|faint|p1a: OverdidTheLiquor
|
|t:|1728862264
|switch|p1a: Popping Percocet|Tyranitar, F, shiny|100/100
|-damage|p1a: Popping Percocet|84/100|[from] Spikes
|
|-weather|Sandstorm|[upkeep]
|-heal|p2a: Skarmory|28/100|[from] item: Leftovers
|-heal|p1a: Popping Percocet|90/100|[from] item: Leftovers
|upkeep
|turn|29
|
|t:|1728862271
|-singleturn|p1a: Popping Percocet|move: Focus Punch
|switch|p2a: Blastoise|Blastoise, F|63/100
|move|p1a: Popping Percocet|Focus Punch|p2a: Blastoise
|-damage|p2a: Blastoise|9/100
|
|-weather|Sandstorm|[upkeep]
|-damage|p2a: Blastoise|3/100|[from] Sandstorm
|-heal|p2a: Blastoise|9/100|[from] item: Leftovers
|-heal|p1a: Popping Percocet|96/100|[from] item: Leftovers
|upkeep
|turn|30
|inactive|Ghostfall22 has 270 seconds left.
|
|t:|1728862298
|switch|p1a: YourHeadIsSoNumb|Swampert, F|100/100
|-damage|p1a: YourHeadIsSoNumb|84/100|[from] Spikes
|move|p2a: Blastoise|Hydro Pump|p1a: YourHeadIsSoNumb
|-damage|p1a: YourHeadIsSoNumb|34/100
|
|-weather|Sandstorm|[upkeep]
|-damage|p2a: Blastoise|3/100|[from] Sandstorm
|-heal|p2a: Blastoise|9/100|[from] item: Leftovers
|-heal|p1a: YourHeadIsSoNumb|40/100|[from] item: Leftovers
|upkeep
|turn|31
|inactive|Ghostfall22 has 270 seconds left.
|
|t:|1728862307
|move|p2a: Blastoise|Hydro Pump|p1a: YourHeadIsSoNumb
|-damage|p1a: YourHeadIsSoNumb|0 fnt
|faint|p1a: YourHeadIsSoNumb
|
|t:|1728862310
|switch|p1a: PulledTheTrigger|Aerodactyl, F|100/100
|
|-weather|Sandstorm|[upkeep]
|-damage|p2a: Blastoise|3/100|[from] Sandstorm
|-heal|p2a: Blastoise|9/100|[from] item: Leftovers
|upkeep
|turn|32
|
|t:|1728862336
|switch|p2a: Skarmory|Skarmory, M|28/100
|move|p1a: PulledTheTrigger|Rock Slide|p2a: Skarmory
|-damage|p2a: Skarmory|0 fnt
|faint|p2a: Skarmory
|inactive|dig boshi has 270 seconds left.
|
|t:|1728862347
|switch|p2a: Celebi|Celebi|78/100
|
|-weather|Sandstorm|[upkeep]
|-damage|p2a: Celebi|72/100|[from] Sandstorm
|-heal|p2a: Celebi|78/100|[from] item: Leftovers
|upkeep
|turn|33
|inactive|dig boshi has 270 seconds left.
|inactive|Ghostfall22 has 270 seconds left.
|
|t:|1728862379
|move|p1a: PulledTheTrigger|Rock Slide|p2a: Celebi
|-damage|p2a: Celebi|39/100
|move|p2a: Celebi|Leech Seed|p1a: PulledTheTrigger
|-start|p1a: PulledTheTrigger|move: Leech Seed
|
|-weather|Sandstorm|[upkeep]
|-damage|p2a: Celebi|33/100|[from] Sandstorm
|-damage|p1a: PulledTheTrigger|88/100|[from] Leech Seed|[of] p2a: Celebi
|-heal|p2a: Celebi|43/100|[silent]
|-heal|p2a: Celebi|49/100|[from] item: Leftovers
|upkeep
|turn|34
|
|t:|1728862388
|switch|p1a: LightThatCigarette|Skarmory, F|100/100
|move|p2a: Celebi|Recover|p2a: Celebi
|-heal|p2a: Celebi|99/100
|
|-weather|Sandstorm|[upkeep]
|-damage|p2a: Celebi|93/100|[from] Sandstorm
|-heal|p2a: Celebi|99/100|[from] item: Leftovers
|upkeep
|turn|35
|
|t:|1728862396
|switch|p2a: Blastoise|Blastoise, F|9/100
|move|p1a: LightThatCigarette|Toxic|p2a: Blastoise
|-status|p2a: Blastoise|tox
|
|-weather|Sandstorm|[upkeep]
|-damage|p2a: Blastoise|3/100 tox|[from] Sandstorm
|-heal|p2a: Blastoise|9/100 tox|[from] item: Leftovers
|-damage|p2a: Blastoise|3/100 tox|[from] psn
|upkeep
|turn|36
|
|t:|1728862405
|move|p2a: Blastoise|Hydro Pump|p1a: LightThatCigarette
|-damage|p1a: LightThatCigarette|41/100
|move|p1a: LightThatCigarette|Spikes|p2a: Blastoise
|-sidestart|p2: dig boshi|Spikes
|
|-weather|Sandstorm|[upkeep]
|-damage|p2a: Blastoise|0 fnt|[from] Sandstorm
|faint|p2a: Blastoise
|-heal|p1a: LightThatCigarette|47/100|[from] item: Leftovers
|upkeep
|
|t:|1728862423
|switch|p2a: Raikou|Raikou|100/100
|-damage|p2a: Raikou|88/100|[from] Spikes
|turn|37
|inactive|Ghostfall22 has 270 seconds left.
|
|t:|1728862466
|move|p2a: Raikou|Thunderbolt|p1a: LightThatCigarette
|-supereffective|p1a: LightThatCigarette
|-damage|p1a: LightThatCigarette|0 fnt
|faint|p1a: LightThatCigarette
|
|t:|1728862469
|switch|p1a: PulledTheTrigger|Aerodactyl, F|88/100
|
|-weather|Sandstorm|[upkeep]
|-damage|p2a: Raikou|82/100|[from] Sandstorm
|-heal|p2a: Raikou|88/100|[from] item: Leftovers
|upkeep
|turn|38
|inactive|Ghostfall22 has 270 seconds left.
|
|t:|1728862479
|switch|p2a: Porygon2|Porygon2|37/100
|-damage|p2a: Porygon2|24/100|[from] Spikes
|-ability|p2a: Porygon2|Rock Head|[from] ability: Trace|[of] p1a: PulledTheTrigger
|move|p1a: PulledTheTrigger|Earthquake|p2a: Porygon2
|-damage|p2a: Porygon2|0 fnt
|faint|p2a: Porygon2
|
|t:|1728862487
|switch|p2a: Celebi|Celebi|99/100
|-damage|p2a: Celebi|86/100|[from] Spikes
|
|-weather|Sandstorm|[upkeep]
|-damage|p2a: Celebi|80/100|[from] Sandstorm
|-heal|p2a: Celebi|86/100|[from] item: Leftovers
|upkeep
|turn|39
|
|t:|1728862493
|switch|p1a: Popping Percocet|Tyranitar, F, shiny|96/100
|-damage|p1a: Popping Percocet|80/100|[from] Spikes
|move|p2a: Celebi|Hidden Power|p1a: Popping Percocet
|-supereffective|p1a: Popping Percocet
|-crit|p1a: Popping Percocet
|-damage|p1a: Popping Percocet|0 fnt
|faint|p1a: Popping Percocet
|
|t:|1728862501
|switch|p1a: PulledTheTrigger|Aerodactyl, F|88/100
|
|-weather|Sandstorm|[upkeep]
|-damage|p2a: Celebi|80/100|[from] Sandstorm
|-heal|p2a: Celebi|86/100|[from] item: Leftovers
|upkeep
|turn|40
|inactive|Ghostfall22 has 270 seconds left.
|
|t:|1728862535
|move|p1a: PulledTheTrigger|Rock Slide|p2a: Celebi
|-crit|p2a: Celebi
|-damage|p2a: Celebi|2/100
|move|p2a: Celebi|Leech Seed|p1a: PulledTheTrigger
|-start|p1a: PulledTheTrigger|move: Leech Seed
|
|-weather|Sandstorm|[upkeep]
|-damage|p2a: Celebi|0 fnt|[from] Sandstorm
|faint|p2a: Celebi
|upkeep
|
|t:|1728862543
|switch|p2a: Raikou|Raikou|88/100
|-damage|p2a: Raikou|76/100|[from] Spikes
|turn|41
|
|t:|1728862547
|move|p1a: PulledTheTrigger|Rock Slide|p2a: Raikou
|-damage|p2a: Raikou|4/100
|cant|p2a: Raikou|flinch
|
|-weather|Sandstorm|[upkeep]
|-damage|p2a: Raikou|0 fnt|[from] Sandstorm
|faint|p2a: Raikou
|
|win|Ghostfall22
|upkeep
|c|☆dig boshi|gg
|c|☆Ghostfall22|gg
|c|☆dig boshi|lets go game 2, dont forget to save the replay!
|player|p2|
|c|☆Ghostfall22|kk

</script>
<script type="application/json" class="data" id="replaydata-smogtours-gen3ou-798519">
{"id":"smogtours-gen3ou-798519","format":"[Gen 3] OU","players":["Ghostfall22","dig boshi"],"uploadtime":1728862547,"views":87,"formatid":"gen3ou","rating":null,"private":0,"password":null}
</script>

<script defer src="js/replays.js?9d40a366"></script>
