<!DOCTYPE html>
<meta charset="utf-8" />
<meta name="viewport" content="width=device-width" />

<title>[Gen 3] OU: inkyno1 vs. celdanami - Replays - Pok&eacute;mon Showdown!</title>

<meta name="description" content="Watch a replay of a Pok&eacute;mon battle between inkyno1 and celdanami! Format: [Gen 3] OU; Date: Oct 11, 2024" />
<!--

Hey, you! Looking in the source for the replay log?

You can find them in JSON format, just add `.json` at the end of a replay URL.

https://replay.pokemonshowdown.com/gen7randomdoublesbattle-865046831.json

Or, if you only need the log itself, add `.log` instead:

https://replay.pokemonshowdown.com/gen7randomdoublesbattle-865046831.log

-->

<link rel="stylesheet" href="//pokemonshowdown.com/style/global.css?0.023195364461161105" />
<link rel="stylesheet" href="//play.pokemonshowdown.com/style/font-awesome.css?0.13261647063804238" />
<link rel="stylesheet" href="//play.pokemonshowdown.com/style/battle.css?0.8753245789963631" />
<link rel="stylesheet" href="//play.pokemonshowdown.com/style/utilichart.css?0.8627959624976733" />

<!-- Global site tag (gtag.js) - Google Analytics -->
<script async src="https://www.googletagmanager.com/gtag/js?id=UA-26211653-1"></script>
<script>
  window.dataLayer = window.dataLayer || [];
  function gtag(){dataLayer.push(arguments);}
  gtag('js', new Date());

  gtag('config', 'UA-26211653-1');
</script>
<!-- End Google Analytics -->
<!-- Venatus Ad Manager - Install in <HEAD> of page -->
	<script src="https://hb.vntsm.com/v3/live/ad-manager.min.js" type="text/javascript" data-site-id="642aba63ec9a7b11c3c9c1be" data-mode="scan" async></script>
<!-- / Venatus Ad Manager -->

<style>
	@media (max-width:820px) {
		.battle {
			margin: 0 auto;
		}
		.battle-log {
			margin: 7px auto 0;
			max-width: 640px;
			height: 300px;
			position: static;
		}
	}
	.optgroup {
		display: inline-block;
		line-height: 22px;
		font-size: 10pt;
	}
	.optgroup .button {
		height: 25px;
		padding-top: 0;
		padding-bottom: 0;
	}
	.optgroup button.button {
		padding-left: 12px;
		padding-right: 12px;
	}
	.linklist {
		list-style: none;
		margin: 0.5em 0;
		padding: 0;
	}
	.linklist li {
		padding: 2px 0;
	}
	.sidebar {
		float: left;
		width: 320px;
	}
	.bar-wrapper {
		max-width: 1100px;
		margin: 0 auto;
	}
	.bar-wrapper.has-sidebar {
		max-width: 1430px;
	}
	.mainbar {
		margin: 0;
		padding-right: 1px;
	}
	.mainbar.has-sidebar {
		margin-left: 330px;
	}
	@media (min-width: 1511px) {
		.sidebar {
			width: 400px;
		}
		.bar-wrapper.has-sidebar {
			max-width: 1510px;
		}
		.mainbar.has-sidebar {
			margin-left: 410px;
		}
	}
	.section.first-section {
		margin-top: 9px;
	}
	.blocklink small {
		white-space: normal;
	}
	.button {
		vertical-align: middle;
	}
	.replay-controls {
		padding-top: 10px;
	}
	.replay-controls h1 {
		font-size: 16pt;
		font-weight: normal;
		color: #CCC;
	}
	.pagelink {
		text-align: center;
	}
	.pagelink a {
		width: 150px;
	}
	.textbox, .button {
		font-size: 11pt;
		vertical-align: middle;
	}
	@media (max-width: 450px) {
		.button {
			font-size: 9pt;
		}
	}
</style>

<div>

	<header>
		<div class="nav-wrapper"><ul class="nav">
			<li><a class="button nav-first" href="//pokemonshowdown.com/"><img src="//pokemonshowdown.com/images/pokemonshowdownbeta.png" srcset="//pokemonshowdown.com/images/pokemonshowdownbeta.png 1x, //pokemonshowdown.com/images/pokemonshowdownbeta@2x.png 2x" alt="Pok&eacute;mon Showdown" width="146" height="44" /> Home</a></li>
			<li><a class="button" href="//pokemonshowdown.com/dex/">Pok&eacute;dex</a></li>
			<li><a class="button cur" href="/">Replays</a></li>
			<li><a class="button" href="//pokemonshowdown.com/ladder/">Ladder</a></li>
			<li><a class="button nav-last" href="//pokemonshowdown.com/forums/">Forum</a></li>
			<li><a class="button greenbutton nav-first nav-last" href="//play.pokemonshowdown.com/">Play</a></li>
		</ul></div>
	</header>

	<div class="main" id="main">

		<noscript><section class="section">You need to enable JavaScript to use this page; sorry!</section></noscript>

	</div>

</div>

<script defer nomodule src="//play.pokemonshowdown.com/js/lib/ps-polyfill.js"></script>
<script defer src="//play.pokemonshowdown.com/js/lib/preact.min.js"></script>

<script defer src="//play.pokemonshowdown.com/config/config.js?2bddbc15"></script>
<script defer src="//play.pokemonshowdown.com/js/lib/jquery-1.11.0.min.js"></script>
<script defer src="//play.pokemonshowdown.com/js/lib/html-sanitizer-minified.js"></script>
<script defer src="//play.pokemonshowdown.com/js/battle-sound.js"></script>
<script defer src="//play.pokemonshowdown.com/js/battledata.js?0.7209276989879541"></script>
<script defer src="//play.pokemonshowdown.com/data/pokedex-mini.js?0.6111056340867951"></script>
<script defer src="//play.pokemonshowdown.com/data/pokedex-mini-bw.js?0.3532142036491459"></script>
<script defer src="//play.pokemonshowdown.com/data/graphics.js?0.24223875632456182"></script>
<script defer src="//play.pokemonshowdown.com/data/pokedex.js?0.38839984266356864"></script>
<script defer src="//play.pokemonshowdown.com/data/moves.js?0.21866028504024015"></script>
<script defer src="//play.pokemonshowdown.com/data/abilities.js?0.2005157953846628"></script>
<script defer src="//play.pokemonshowdown.com/data/items.js?0.9894211263848525"></script>
<script defer src="//play.pokemonshowdown.com/data/teambuilder-tables.js?0.6008791140282215"></script>
<script defer src="//play.pokemonshowdown.com/js/battle-tooltips.js?0.7580118955022959"></script>
<script defer src="//play.pokemonshowdown.com/js/battle.js?0.6057722274234274"></script>

<script defer src="js/utils.js?e31f9a17"></script>
<script defer src="js/replays-battle.js?7008c182"></script>

<!-- don't scrape this data! just add .json or .log after the URL!
Full API docs: https://github.com/smogon/pokemon-showdown-client/blob/master/WEB-API.md -->
<script type="text/plain" class="log" id="replaylog-smogtours-gen3ou-797199">
|inactive|Battle timer is ON: inactive players will automatically lose when time's up.
|t:|1728663052
|gametype|singles
|player|p1|inkyno1|266|
|player|p2|celdanami|170|
|teamsize|p1|6
|teamsize|p2|6
|gen|3
|tier|[Gen 3] OU
|rule|Sleep Clause Mod: Limit one foe put to sleep
|rule|Switch Priority Clause Mod: Faster Pokémon switch first
|rule|Species Clause: Limit one of each Pokémon
|rule|OHKO Clause: OHKO moves are banned
|rule|Evasion Items Clause: Evasion items are banned
|rule|Evasion Moves Clause: Evasion moves are banned
|rule|Endless Battle Clause: Forcing endless battles is banned
|rule|HP Percentage Mod: HP is shown in percentages
|rule|One Boost Passer Clause: Limit one Baton Passer that has a way to boost its stats
|rule|Freeze Clause Mod: Limit one foe frozen
|
|t:|1728663052
|start
|switch|p1a: Skarmory|Skarmory, F|100/100
|switch|p2a: Suicune|Suicune|100/100
|turn|1
|
|t:|1728663058
|move|p2a: Suicune|Calm Mind|p2a: Suicune
|-boost|p2a: Suicune|spa|1
|-boost|p2a: Suicune|spd|1
|move|p1a: Skarmory|Spikes|p2a: Suicune
|-sidestart|p2: celdanami|Spikes
|
|upkeep
|turn|2
|
|t:|1728663060
|move|p2a: Suicune|Roar|p1a: Skarmory
|drag|p1a: Kangaskhan|Kangaskhan, F|100/100
|
|upkeep
|turn|3
|
|t:|1728663064
|move|p2a: Suicune|Hydro Pump|p1a: Kangaskhan
|-damage|p1a: Kangaskhan|22/100
|move|p1a: Kangaskhan|Toxic|p2a: Suicune
|-status|p2a: Suicune|tox
|
|-damage|p2a: Suicune|94/100 tox|[from] psn
|-heal|p1a: Kangaskhan|28/100|[from] item: Leftovers
|upkeep
|turn|4
|
|t:|1728663070
|move|p1a: Kangaskhan|Protect|p1a: Kangaskhan
|-singleturn|p1a: Kangaskhan|Protect
|move|p2a: Suicune|Hydro Pump|p1a: Kangaskhan|[miss]
|-miss|p2a: Suicune|p1a: Kangaskhan
|
|-heal|p2a: Suicune|100/100 tox|[from] item: Leftovers
|-damage|p2a: Suicune|88/100 tox|[from] psn
|-heal|p1a: Kangaskhan|34/100|[from] item: Leftovers
|upkeep
|turn|5
|
|t:|1728663077
|switch|p1a: Blissey|Blissey, F|100/100
|move|p2a: Suicune|Ice Beam|p1a: Blissey
|-damage|p1a: Blissey|83/100
|
|-heal|p2a: Suicune|94/100 tox|[from] item: Leftovers
|-damage|p2a: Suicune|76/100 tox|[from] psn
|-heal|p1a: Blissey|89/100|[from] item: Leftovers
|upkeep
|turn|6
|inactive|celdanami has 270 seconds left.
|
|t:|1728663116
|switch|p2a: Snorlax|Snorlax, F|100/100
|-damage|p2a: Snorlax|88/100|[from] Spikes
|move|p1a: Blissey|Calm Mind|p1a: Blissey
|-boost|p1a: Blissey|spa|1
|-boost|p1a: Blissey|spd|1
|
|-heal|p1a: Blissey|95/100|[from] item: Leftovers
|-heal|p2a: Snorlax|94/100|[from] item: Leftovers
|upkeep
|turn|7
|
|t:|1728663126
|-singleturn|p2a: Snorlax|move: Focus Punch
|switch|p1a: Metagross|Metagross|100/100
|move|p2a: Snorlax|Focus Punch|p1a: Metagross
|-damage|p1a: Metagross|65/100
|
|-heal|p2a: Snorlax|100/100|[from] item: Leftovers
|upkeep
|turn|8
|
|t:|1728663134
|switch|p2a: Swampert|Swampert, F|100/100
|-damage|p2a: Swampert|88/100|[from] Spikes
|move|p1a: Metagross|Meteor Mash|p2a: Swampert
|-resisted|p2a: Swampert
|-damage|p2a: Swampert|49/100
|-boost|p1a: Metagross|atk|1
|
|-heal|p2a: Swampert|55/100|[from] item: Leftovers
|upkeep
|turn|9
|
|t:|1728663142
|switch|p1a: Kangaskhan|Kangaskhan, F|34/100
|move|p2a: Swampert|Earthquake|p1a: Kangaskhan
|-damage|p1a: Kangaskhan|9/100
|
|-heal|p1a: Kangaskhan|15/100|[from] item: Leftovers
|-heal|p2a: Swampert|61/100|[from] item: Leftovers
|upkeep
|turn|10
|inactive|celdanami has 270 seconds left.
|
|t:|1728663167
|switch|p2a: Metagross|Metagross|100/100
|-damage|p2a: Metagross|88/100|[from] Spikes
|move|p1a: Kangaskhan|Rest|p1a: Kangaskhan
|-status|p1a: Kangaskhan|slp|[from] move: Rest
|-heal|p1a: Kangaskhan|100/100 slp|[silent]
|
|upkeep
|turn|11
|
|t:|1728663174
|switch|p1a: Skarmory|Skarmory, F|100/100
|move|p2a: Metagross|Meteor Mash|p1a: Skarmory
|-resisted|p1a: Skarmory
|-damage|p1a: Skarmory|67/100
|
|-heal|p1a: Skarmory|73/100|[from] item: Leftovers
|upkeep
|turn|12
|
|t:|1728663183
|switch|p2a: Charizard|Charizard, M|100/100
|move|p1a: Skarmory|Spikes|p2a: Charizard
|-sidestart|p2: celdanami|Spikes
|
|-heal|p1a: Skarmory|79/100|[from] item: Leftovers
|upkeep
|turn|13
|
|t:|1728663189
|move|p2a: Charizard|Substitute|p2a: Charizard
|-start|p2a: Charizard|Substitute
|-damage|p2a: Charizard|76/100
|move|p1a: Skarmory|Toxic||[still]
|-fail|p1a: Skarmory
|
|-heal|p2a: Charizard|82/100|[from] item: Leftovers
|-heal|p1a: Skarmory|85/100|[from] item: Leftovers
|upkeep
|turn|14
|
|t:|1728663192
|move|p2a: Charizard|Fire Blast|p1a: Skarmory
|-supereffective|p1a: Skarmory
|-damage|p1a: Skarmory|0 fnt
|faint|p1a: Skarmory
|
|t:|1728663197
|switch|p1a: Blissey|Blissey, F|95/100
|
|-heal|p2a: Charizard|88/100|[from] item: Leftovers
|-heal|p1a: Blissey|100/100|[from] item: Leftovers
|upkeep
|turn|15
|
|t:|1728663203
|-singleturn|p2a: Charizard|move: Focus Punch
|move|p1a: Blissey|Ice Beam|p2a: Charizard
|-end|p2a: Charizard|Substitute
|move|p2a: Charizard|Focus Punch|p1a: Blissey
|-supereffective|p1a: Blissey
|-damage|p1a: Blissey|42/100
|
|-heal|p2a: Charizard|94/100|[from] item: Leftovers
|-heal|p1a: Blissey|48/100|[from] item: Leftovers
|upkeep
|turn|16
|
|t:|1728663231
|move|p2a: Charizard|Substitute|p2a: Charizard
|-start|p2a: Charizard|Substitute
|-damage|p2a: Charizard|69/100
|move|p1a: Blissey|Thunderbolt|p2a: Charizard
|-supereffective|p2a: Charizard
|-end|p2a: Charizard|Substitute
|
|-heal|p2a: Charizard|75/100|[from] item: Leftovers
|-heal|p1a: Blissey|55/100|[from] item: Leftovers
|upkeep
|turn|17
|
|t:|1728663245
|switch|p2a: Claydol|Claydol|100/100
|move|p1a: Blissey|Ice Beam|p2a: Claydol
|-supereffective|p2a: Claydol
|-damage|p2a: Claydol|57/100
|
|-heal|p2a: Claydol|63/100|[from] item: Leftovers
|-heal|p1a: Blissey|61/100|[from] item: Leftovers
|upkeep
|turn|18
|inactive|celdanami has 270 seconds left.
|
|t:|1728663268
|switch|p1a: Metagross|Metagross|65/100
|move|p2a: Claydol|Rapid Spin|p1a: Metagross
|-resisted|p1a: Metagross
|-damage|p1a: Metagross|63/100
|-sideend|p2: celdanami|Spikes|[from] move: Rapid Spin|[of] p2a: Claydol
|
|-heal|p2a: Claydol|70/100|[from] item: Leftovers
|upkeep
|turn|19
|inactive|celdanami has 270 seconds left.
|
|t:|1728663282
|switch|p2a: Metagross|Metagross|88/100
|move|p1a: Metagross|Meteor Mash|p2a: Metagross
|-resisted|p2a: Metagross
|-damage|p2a: Metagross|52/100
|
|upkeep
|turn|20
|
|t:|1728663303
|switch|p1a: Kangaskhan|Kangaskhan, F|100/100 slp
|move|p2a: Metagross|Explosion|p1a: Kangaskhan
|-damage|p1a: Kangaskhan|0 fnt
|faint|p2a: Metagross
|faint|p1a: Kangaskhan
|
|t:|1728663327
|switch|p1a: Blissey|Blissey, F|61/100
|switch|p2a: Swampert|Swampert, F|61/100
|
|-heal|p2a: Swampert|68/100|[from] item: Leftovers
|-heal|p1a: Blissey|67/100|[from] item: Leftovers
|upkeep
|turn|21
|inactive|celdanami has 270 seconds left.
|
|t:|1728663342
|move|p2a: Swampert|Earthquake|p1a: Blissey
|-damage|p1a: Blissey|25/100
|move|p1a: Blissey|Soft-Boiled|p1a: Blissey
|-heal|p1a: Blissey|75/100
|
|-heal|p2a: Swampert|74/100|[from] item: Leftovers
|-heal|p1a: Blissey|81/100|[from] item: Leftovers
|upkeep
|turn|22
|
|t:|1728663352
|move|p2a: Swampert|Earthquake|p1a: Blissey
|-damage|p1a: Blissey|40/100
|move|p1a: Blissey|Calm Mind|p1a: Blissey
|-boost|p1a: Blissey|spa|1
|-boost|p1a: Blissey|spd|1
|
|-heal|p2a: Swampert|80/100|[from] item: Leftovers
|-heal|p1a: Blissey|46/100|[from] item: Leftovers
|upkeep
|turn|23
|
|t:|1728663356
|-singleturn|p2a: Swampert|move: Focus Punch
|move|p1a: Blissey|Soft-Boiled|p1a: Blissey
|-heal|p1a: Blissey|96/100
|move|p2a: Swampert|Focus Punch|p1a: Blissey
|-supereffective|p1a: Blissey
|-damage|p1a: Blissey|18/100
|
|-heal|p2a: Swampert|86/100|[from] item: Leftovers
|-heal|p1a: Blissey|25/100|[from] item: Leftovers
|upkeep
|turn|24
|
|t:|1728663361
|move|p2a: Swampert|Earthquake|p1a: Blissey
|-damage|p1a: Blissey|0 fnt
|faint|p1a: Blissey
|
|t:|1728663374
|switch|p1a: Salamence|Salamence, M|100/100
|-ability|p1a: Salamence|Intimidate|boost
|-unboost|p2a: Swampert|atk|1
|
|-heal|p2a: Swampert|93/100|[from] item: Leftovers
|upkeep
|turn|25
|
|t:|1728663393
|switch|p1a: Metagross|Metagross|63/100
|switch|p2a: Suicune|Suicune|76/100 tox
|
|-heal|p2a: Suicune|82/100 tox|[from] item: Leftovers
|-damage|p2a: Suicune|76/100 tox|[from] psn
|upkeep
|turn|26
|
|t:|1728663423
|switch|p1a: Starmie|Starmie|100/100
|move|p2a: Suicune|Hydro Pump|p1a: Starmie
|-resisted|p1a: Starmie
|-damage|p1a: Starmie|71/100
|
|-heal|p1a: Starmie|77/100|[from] item: Leftovers
|-heal|p2a: Suicune|82/100 tox|[from] item: Leftovers
|-damage|p2a: Suicune|70/100 tox|[from] psn
|upkeep
|turn|27
|
|t:|1728663436
|switch|p2a: Snorlax|Snorlax, F|100/100
|move|p1a: Starmie|Psychic|p2a: Snorlax
|-damage|p2a: Snorlax|84/100
|-unboost|p2a: Snorlax|spd|1
|
|-heal|p1a: Starmie|83/100|[from] item: Leftovers
|-heal|p2a: Snorlax|90/100|[from] item: Leftovers
|upkeep
|turn|28
|
|t:|1728663442
|move|p1a: Starmie|Thunder Wave|p2a: Snorlax
|-status|p2a: Snorlax|par
|move|p2a: Snorlax|Body Slam|p1a: Starmie
|-damage|p1a: Starmie|35/100
|
|-heal|p1a: Starmie|41/100|[from] item: Leftovers
|-heal|p2a: Snorlax|96/100 par|[from] item: Leftovers
|upkeep
|turn|29
|
|t:|1728663452
|switch|p2a: Claydol|Claydol|70/100
|move|p1a: Starmie|Recover|p1a: Starmie
|-heal|p1a: Starmie|91/100
|
|-heal|p1a: Starmie|97/100|[from] item: Leftovers
|-heal|p2a: Claydol|76/100|[from] item: Leftovers
|upkeep
|turn|30
|
|t:|1728663465
|switch|p1a: Metagross|Metagross|63/100
|move|p2a: Claydol|Explosion|p1a: Metagross
|-resisted|p1a: Metagross
|-damage|p1a: Metagross|14/100
|faint|p2a: Claydol
|
|t:|1728663470
|switch|p2a: Charizard|Charizard, M|75/100
|
|-heal|p2a: Charizard|81/100|[from] item: Leftovers
|upkeep
|turn|31
|
|t:|1728663475
|move|p2a: Charizard|Substitute|p2a: Charizard
|-start|p2a: Charizard|Substitute
|-damage|p2a: Charizard|56/100
|move|p1a: Metagross|Rock Slide|p2a: Charizard|[miss]
|-miss|p1a: Metagross|p2a: Charizard
|
|-heal|p2a: Charizard|62/100|[from] item: Leftovers
|upkeep
|turn|32
|
|t:|1728663483
|move|p2a: Charizard|Fire Blast|p1a: Metagross|[miss]
|-miss|p2a: Charizard|p1a: Metagross
|move|p1a: Metagross|Rock Slide|p2a: Charizard
|-supereffective|p2a: Charizard
|-end|p2a: Charizard|Substitute
|
|-heal|p2a: Charizard|68/100|[from] item: Leftovers
|upkeep
|turn|33
|
|t:|1728663486
|move|p2a: Charizard|Fire Blast|p1a: Metagross
|-supereffective|p1a: Metagross
|-damage|p1a: Metagross|0 fnt
|faint|p1a: Metagross
|
|t:|1728663491
|switch|p1a: Salamence|Salamence, M|100/100
|-ability|p1a: Salamence|Intimidate|boost
|-unboost|p2a: Charizard|atk|1
|
|-heal|p2a: Charizard|74/100|[from] item: Leftovers
|upkeep
|turn|34
|
|t:|1728663499
|switch|p2a: Suicune|Suicune|70/100 tox
|move|p1a: Salamence|Dragon Dance|p1a: Salamence
|-boost|p1a: Salamence|atk|1
|-boost|p1a: Salamence|spe|1
|
|-heal|p2a: Suicune|76/100 tox|[from] item: Leftovers
|-damage|p2a: Suicune|70/100 tox|[from] psn
|upkeep
|turn|35
|
|t:|1728663516
|switch|p1a: Starmie|Starmie|97/100
|move|p2a: Suicune|Ice Beam|p1a: Starmie
|-resisted|p1a: Starmie
|-damage|p1a: Starmie|81/100
|
|-heal|p1a: Starmie|87/100|[from] item: Leftovers
|-heal|p2a: Suicune|76/100 tox|[from] item: Leftovers
|-damage|p2a: Suicune|64/100 tox|[from] psn
|upkeep
|turn|36
|
|t:|1728663525
|switch|p1a: Salamence|Salamence, M|100/100
|-ability|p1a: Salamence|Intimidate|boost
|-unboost|p2a: Suicune|atk|1
|switch|p2a: Snorlax|Snorlax, F|96/100 par
|
|-heal|p2a: Snorlax|100/100 par|[from] item: Leftovers
|upkeep
|turn|37
|
|t:|1728663534
|switch|p2a: Swampert|Swampert, F|93/100
|move|p1a: Salamence|Dragon Dance|p1a: Salamence
|-boost|p1a: Salamence|atk|1
|-boost|p1a: Salamence|spe|1
|
|-heal|p2a: Swampert|99/100|[from] item: Leftovers
|upkeep
|turn|38
|
|t:|1728663554
|move|p1a: Salamence|Hidden Power|p2a: Swampert
|-damage|p2a: Swampert|43/100
|move|p2a: Swampert|Ice Beam|p1a: Salamence
|-supereffective|p1a: Salamence
|-damage|p1a: Salamence|0 fnt
|faint|p1a: Salamence
|
|t:|1728663559
|switch|p1a: Starmie|Starmie|87/100
|
|-heal|p1a: Starmie|93/100|[from] item: Leftovers
|-heal|p2a: Swampert|50/100|[from] item: Leftovers
|upkeep
|turn|39
|c|☆inkyno1|gg
|c|☆celdanami|gg
|
|t:|1728663569
|move|p1a: Starmie|Psychic|p2a: Swampert
|-damage|p2a: Swampert|17/100
|move|p2a: Swampert|Earthquake|p1a: Starmie
|-damage|p1a: Starmie|48/100
|
|-heal|p1a: Starmie|54/100|[from] item: Leftovers
|-heal|p2a: Swampert|23/100|[from] item: Leftovers
|upkeep
|turn|40
|
|t:|1728663577
|move|p1a: Starmie|Psychic|p2a: Swampert
|-damage|p2a: Swampert|0 fnt
|faint|p2a: Swampert
|
|t:|1728663579
|switch|p2a: Snorlax|Snorlax, F|100/100 par
|
|-heal|p1a: Starmie|60/100|[from] item: Leftovers
|upkeep
|turn|41
|
|t:|1728663583
|move|p1a: Starmie|Psychic|p2a: Snorlax
|-crit|p2a: Snorlax
|-damage|p2a: Snorlax|61/100 par
|-unboost|p2a: Snorlax|spd|1
|move|p2a: Snorlax|Self-Destruct|p1a: Starmie
|-damage|p1a: Starmie|0 fnt
|faint|p2a: Snorlax
|faint|p1a: Starmie
|
|win|celdanami

</script>
<script type="application/json" class="data" id="replaydata-smogtours-gen3ou-797199">
{"id":"smogtours-gen3ou-797199","format":"[Gen 3] OU","players":["inkyno1","celdanami"],"uploadtime":1728663583,"views":141,"formatid":"gen3ou","rating":null,"private":0,"password":null}
</script>

<script defer src="js/replays.js?9d40a366"></script>
