<!DOCTYPE html>
<meta charset="utf-8" />
<meta name="viewport" content="width=device-width" />

<title>[Gen 3] OU: green.9082 vs. doh5604 - Replays - Pok&eacute;mon Showdown!</title>

<meta name="description" content="Watch a replay of a Pok&eacute;mon battle between green.9082 and doh5604! Format: [Gen 3] OU; Date: Oct 23, 2024" />
<!--

Hey, you! Looking in the source for the replay log?

You can find them in JSON format, just add `.json` at the end of a replay URL.

https://replay.pokemonshowdown.com/gen7randomdoublesbattle-865046831.json

Or, if you only need the log itself, add `.log` instead:

https://replay.pokemonshowdown.com/gen7randomdoublesbattle-865046831.log

-->

<link rel="stylesheet" href="//pokemonshowdown.com/style/global.css?0.023195364461161105" />
<link rel="stylesheet" href="//play.pokemonshowdown.com/style/font-awesome.css?0.13261647063804238" />
<link rel="stylesheet" href="//play.pokemonshowdown.com/style/battle.css?0.8753245789963631" />
<link rel="stylesheet" href="//play.pokemonshowdown.com/style/utilichart.css?0.8627959624976733" />

<!-- Global site tag (gtag.js) - Google Analytics -->
<script async src="https://www.googletagmanager.com/gtag/js?id=UA-26211653-1"></script>
<script>
  window.dataLayer = window.dataLayer || [];
  function gtag(){dataLayer.push(arguments);}
  gtag('js', new Date());

  gtag('config', 'UA-26211653-1');
</script>
<!-- End Google Analytics -->
<!-- Venatus Ad Manager - Install in <HEAD> of page -->
	<script src="https://hb.vntsm.com/v3/live/ad-manager.min.js" type="text/javascript" data-site-id="642aba63ec9a7b11c3c9c1be" data-mode="scan" async></script>
<!-- / Venatus Ad Manager -->

<style>
	@media (max-width:820px) {
		.battle {
			margin: 0 auto;
		}
		.battle-log {
			margin: 7px auto 0;
			max-width: 640px;
			height: 300px;
			position: static;
		}
	}
	.optgroup {
		display: inline-block;
		line-height: 22px;
		font-size: 10pt;
	}
	.optgroup .button {
		height: 25px;
		padding-top: 0;
		padding-bottom: 0;
	}
	.optgroup button.button {
		padding-left: 12px;
		padding-right: 12px;
	}
	.linklist {
		list-style: none;
		margin: 0.5em 0;
		padding: 0;
	}
	.linklist li {
		padding: 2px 0;
	}
	.sidebar {
		float: left;
		width: 320px;
	}
	.bar-wrapper {
		max-width: 1100px;
		margin: 0 auto;
	}
	.bar-wrapper.has-sidebar {
		max-width: 1430px;
	}
	.mainbar {
		margin: 0;
		padding-right: 1px;
	}
	.mainbar.has-sidebar {
		margin-left: 330px;
	}
	@media (min-width: 1511px) {
		.sidebar {
			width: 400px;
		}
		.bar-wrapper.has-sidebar {
			max-width: 1510px;
		}
		.mainbar.has-sidebar {
			margin-left: 410px;
		}
	}
	.section.first-section {
		margin-top: 9px;
	}
	.blocklink small {
		white-space: normal;
	}
	.button {
		vertical-align: middle;
	}
	.replay-controls {
		padding-top: 10px;
	}
	.replay-controls h1 {
		font-size: 16pt;
		font-weight: normal;
		color: #CCC;
	}
	.pagelink {
		text-align: center;
	}
	.pagelink a {
		width: 150px;
	}
	.textbox, .button {
		font-size: 11pt;
		vertical-align: middle;
	}
	@media (max-width: 450px) {
		.button {
			font-size: 9pt;
		}
	}
</style>

<div>

	<header>
		<div class="nav-wrapper"><ul class="nav">
			<li><a class="button nav-first" href="//pokemonshowdown.com/"><img src="//pokemonshowdown.com/images/pokemonshowdownbeta.png" srcset="//pokemonshowdown.com/images/pokemonshowdownbeta.png 1x, //pokemonshowdown.com/images/pokemonshowdownbeta@2x.png 2x" alt="Pok&eacute;mon Showdown" width="146" height="44" /> Home</a></li>
			<li><a class="button" href="//pokemonshowdown.com/dex/">Pok&eacute;dex</a></li>
			<li><a class="button cur" href="/">Replays</a></li>
			<li><a class="button" href="//pokemonshowdown.com/ladder/">Ladder</a></li>
			<li><a class="button nav-last" href="//pokemonshowdown.com/forums/">Forum</a></li>
			<li><a class="button greenbutton nav-first nav-last" href="//play.pokemonshowdown.com/">Play</a></li>
		</ul></div>
	</header>

	<div class="main" id="main">

		<noscript><section class="section">You need to enable JavaScript to use this page; sorry!</section></noscript>

	</div>

</div>

<script defer nomodule src="//play.pokemonshowdown.com/js/lib/ps-polyfill.js"></script>
<script defer src="//play.pokemonshowdown.com/js/lib/preact.min.js"></script>

<script defer src="//play.pokemonshowdown.com/config/config.js?2bddbc15"></script>
<script defer src="//play.pokemonshowdown.com/js/lib/jquery-1.11.0.min.js"></script>
<script defer src="//play.pokemonshowdown.com/js/lib/html-sanitizer-minified.js"></script>
<script defer src="//play.pokemonshowdown.com/js/battle-sound.js"></script>
<script defer src="//play.pokemonshowdown.com/js/battledata.js?0.7209276989879541"></script>
<script defer src="//play.pokemonshowdown.com/data/pokedex-mini.js?0.6111056340867951"></script>
<script defer src="//play.pokemonshowdown.com/data/pokedex-mini-bw.js?0.3532142036491459"></script>
<script defer src="//play.pokemonshowdown.com/data/graphics.js?0.24223875632456182"></script>
<script defer src="//play.pokemonshowdown.com/data/pokedex.js?0.38839984266356864"></script>
<script defer src="//play.pokemonshowdown.com/data/moves.js?0.21866028504024015"></script>
<script defer src="//play.pokemonshowdown.com/data/abilities.js?0.2005157953846628"></script>
<script defer src="//play.pokemonshowdown.com/data/items.js?0.9894211263848525"></script>
<script defer src="//play.pokemonshowdown.com/data/teambuilder-tables.js?0.6008791140282215"></script>
<script defer src="//play.pokemonshowdown.com/js/battle-tooltips.js?0.7580118955022959"></script>
<script defer src="//play.pokemonshowdown.com/js/battle.js?0.6057722274234274"></script>

<script defer src="js/utils.js?e31f9a17"></script>
<script defer src="js/replays-battle.js?7008c182"></script>

<!-- don't scrape this data! just add .json or .log after the URL!
Full API docs: https://github.com/smogon/pokemon-showdown-client/blob/master/WEB-API.md -->
<script type="text/plain" class="log" id="replaylog-smogtours-gen3ou-801431">
|inactive|Battle timer is ON: inactive players will automatically lose when time's up.
|t:|1729719186
|gametype|singles
|player|p1|green.9082|266|
|player|p2|doh5604|102|
|teamsize|p1|6
|teamsize|p2|6
|gen|3
|tier|[Gen 3] OU
|rule|Sleep Clause Mod: Limit one foe put to sleep
|rule|Switch Priority Clause Mod: Faster Pokémon switch first
|rule|Species Clause: Limit one of each Pokémon
|rule|OHKO Clause: OHKO moves are banned
|rule|Evasion Items Clause: Evasion items are banned
|rule|Evasion Moves Clause: Evasion moves are banned
|rule|Endless Battle Clause: Forcing endless battles is banned
|rule|HP Percentage Mod: HP is shown in percentages
|rule|One Boost Passer Clause: Limit one Baton Passer that has a way to boost its stats
|rule|Freeze Clause Mod: Limit one foe frozen
|
|t:|1729719186
|start
|switch|p1a: Salamence|Salamence, M|100/100
|switch|p2a: Zapdos|Zapdos|100/100
|-ability|p1a: Salamence|Intimidate|boost
|-unboost|p2a: Zapdos|atk|1
|turn|1
|
|t:|1729719194
|switch|p2a: Swampert|Swampert, F|100/100
|move|p1a: Salamence|Rock Slide|p2a: Swampert
|-resisted|p2a: Swampert
|-damage|p2a: Swampert|79/100
|
|upkeep
|turn|2
|
|t:|1729719206
|switch|p1a: Suicune|Suicune|100/100
|move|p2a: Swampert|Substitute|p2a: Swampert
|-start|p2a: Swampert|Substitute
|-damage|p2a: Swampert|54/100
|
|upkeep
|turn|3
|
|t:|1729719212
|move|p2a: Swampert|Endeavor|p1a: Suicune
|-damage|p1a: Suicune|46/100
|move|p1a: Suicune|Roar|p2a: Swampert
|drag|p2a: Metagross|Metagross|100/100
|
|-heal|p1a: Suicune|52/100|[from] item: Leftovers
|upkeep
|turn|4
|
|t:|1729719241
|switch|p1a: Claydol|Claydol|100/100
|move|p2a: Metagross|Earthquake|p1a: Claydol
|-immune|p1a: Claydol
|
|upkeep
|turn|5
|
|t:|1729719251
|switch|p2a: Zapdos|Zapdos|100/100
|move|p1a: Claydol|Earthquake|p2a: Zapdos
|-immune|p2a: Zapdos
|
|upkeep
|turn|6
|
|t:|1729719260
|move|p2a: Zapdos|Baton Pass|p2a: Zapdos
|
|t:|1729719263
|switch|p2a: Tyranitar|Tyranitar, M|100/100|[from] Baton Pass
|-weather|Sandstorm|[from] ability: Sand Stream|[of] p2a: Tyranitar
|move|p1a: Claydol|Psychic|p2a: Tyranitar
|-immune|p2a: Tyranitar
|
|-weather|Sandstorm|[upkeep]
|upkeep
|turn|7
|
|t:|1729719276
|switch|p2a: Swampert|Swampert, F|54/100
|move|p1a: Claydol|Earthquake|p2a: Swampert
|-damage|p2a: Swampert|12/100
|
|-weather|Sandstorm|[upkeep]
|-enditem|p2a: Swampert|Salac Berry|[eat]
|-boost|p2a: Swampert|spe|1|[from] item: Salac Berry
|upkeep
|turn|8
|
|t:|1729719291
|move|p2a: Swampert|Endeavor|p1a: Claydol
|-damage|p1a: Claydol|13/100
|move|p1a: Claydol|Earthquake|p2a: Swampert
|-damage|p2a: Swampert|0 fnt
|faint|p2a: Swampert
|inactive|doh5604 has 270 seconds left.
|
|t:|1729719335
|switch|p2a: Zapdos|Zapdos|100/100
|
|-weather|Sandstorm|[upkeep]
|-damage|p2a: Zapdos|94/100|[from] Sandstorm
|-heal|p2a: Zapdos|100/100|[from] item: Leftovers
|-heal|p1a: Claydol|19/100|[from] item: Leftovers
|upkeep
|turn|9
|
|t:|1729719343
|switch|p1a: Snorlax|Snorlax, M|100/100
|move|p2a: Zapdos|Hidden Power|p1a: Snorlax
|-damage|p1a: Snorlax|86/100
|
|-weather|Sandstorm|[upkeep]
|-damage|p2a: Zapdos|94/100|[from] Sandstorm
|-damage|p1a: Snorlax|80/100|[from] Sandstorm
|-heal|p2a: Zapdos|100/100|[from] item: Leftovers
|-heal|p1a: Snorlax|86/100|[from] item: Leftovers
|upkeep
|turn|10
|inactive|doh5604 has 270 seconds left.
|
|t:|1729719355
|move|p2a: Zapdos|Baton Pass|p2a: Zapdos
|inactive|doh5604 has 270 seconds left.
|
|t:|1729719360
|switch|p2a: Metagross|Metagross|100/100|[from] Baton Pass
|move|p1a: Snorlax|Body Slam|p2a: Metagross
|-resisted|p2a: Metagross
|-crit|p2a: Metagross
|-damage|p2a: Metagross|69/100
|-status|p2a: Metagross|par
|
|-weather|Sandstorm|[upkeep]
|-damage|p1a: Snorlax|80/100|[from] Sandstorm
|-heal|p1a: Snorlax|86/100|[from] item: Leftovers
|upkeep
|turn|11
|
|t:|1729719375
|switch|p1a: Magneton|Magneton|100/100
|move|p2a: Metagross|Explosion|p1a: Magneton
|-resisted|p1a: Magneton
|-damage|p1a: Magneton|0 fnt
|faint|p2a: Metagross
|faint|p1a: Magneton
|
|t:|1729719389
|switch|p2a: Zapdos|Zapdos|100/100
|switch|p1a: Celebi|Celebi|100/100
|
|-weather|Sandstorm|[upkeep]
|-damage|p2a: Zapdos|94/100|[from] Sandstorm
|-damage|p1a: Celebi|94/100|[from] Sandstorm
|-heal|p2a: Zapdos|100/100|[from] item: Leftovers
|-heal|p1a: Celebi|100/100|[from] item: Leftovers
|upkeep
|turn|12
|
|t:|1729719405
|move|p2a: Zapdos|Baton Pass|p2a: Zapdos
|inactive|doh5604 has 270 seconds left.
|
|t:|1729719418
|switch|p2a: Smeargle|Smeargle, F|100/100|[from] Baton Pass
|move|p1a: Celebi|Perish Song|p1a: Celebi
|-start|p1a: Celebi|perish3|[silent]
|-start|p2a: Smeargle|perish3|[silent]
|-fieldactivate|move: Perish Song
|
|-weather|Sandstorm|[upkeep]
|-damage|p2a: Smeargle|95/100|[from] Sandstorm
|-damage|p1a: Celebi|94/100|[from] Sandstorm
|-heal|p1a: Celebi|100/100|[from] item: Leftovers
|-start|p2a: Smeargle|perish3
|-start|p1a: Celebi|perish3
|upkeep
|turn|13
|inactive|doh5604 has 270 seconds left.
|
|t:|1729719432
|move|p2a: Smeargle|Spore|p1a: Celebi
|-status|p1a: Celebi|slp|[from] move: Spore
|cant|p1a: Celebi|slp
|
|-weather|Sandstorm|[upkeep]
|-damage|p2a: Smeargle|89/100|[from] Sandstorm
|-damage|p1a: Celebi|94/100 slp|[from] Sandstorm
|-heal|p1a: Celebi|100/100 slp|[from] item: Leftovers
|-start|p2a: Smeargle|perish2
|-start|p1a: Celebi|perish2
|upkeep
|turn|14
|
|t:|1729719445
|-curestatus|p1a: Celebi|slp|[from] ability: Natural Cure
|switch|p1a: Claydol|Claydol|19/100
|move|p2a: Smeargle|Spikes|p1a: Claydol
|-sidestart|p1: green.9082|Spikes
|
|-weather|Sandstorm|[upkeep]
|-damage|p2a: Smeargle|83/100|[from] Sandstorm
|-heal|p1a: Claydol|25/100|[from] item: Leftovers
|-start|p2a: Smeargle|perish1
|upkeep
|turn|15
|
|t:|1729719456
|move|p2a: Smeargle|Explosion|p1a: Claydol
|-damage|p1a: Claydol|0 fnt
|faint|p2a: Smeargle
|faint|p1a: Claydol
|inactive|doh5604 has 270 seconds left.
|
|t:|1729719481
|switch|p2a: Zapdos|Zapdos|100/100
|switch|p1a: Salamence|Salamence, M|100/100
|-ability|p1a: Salamence|Intimidate|boost
|-unboost|p2a: Zapdos|atk|1
|
|-weather|Sandstorm|[upkeep]
|-damage|p1a: Salamence|94/100|[from] Sandstorm
|-damage|p2a: Zapdos|94/100|[from] Sandstorm
|-heal|p2a: Zapdos|100/100|[from] item: Leftovers
|upkeep
|turn|16
|inactive|doh5604 has 270 seconds left.
|inactive|doh5604 has 240 seconds left.
|inactive|doh5604 has 210 seconds left.
|
|t:|1729719559
|move|p1a: Salamence|Rock Slide|p2a: Zapdos
|-supereffective|p2a: Zapdos
|-damage|p2a: Zapdos|15/100
|cant|p2a: Zapdos|flinch
|
|-weather|Sandstorm|[upkeep]
|-damage|p1a: Salamence|88/100|[from] Sandstorm
|-damage|p2a: Zapdos|9/100|[from] Sandstorm
|-heal|p2a: Zapdos|15/100|[from] item: Leftovers
|upkeep
|turn|17
|inactive|doh5604 has 210 seconds left.
|
|t:|1729719576
|switch|p1a: Suicune|Suicune|52/100
|-damage|p1a: Suicune|40/100|[from] Spikes
|move|p2a: Zapdos|Thunderbolt|p1a: Suicune
|-supereffective|p1a: Suicune
|-damage|p1a: Suicune|0 fnt
|faint|p1a: Suicune
|
|t:|1729719584
|switch|p1a: Salamence|Salamence, M|88/100
|-ability|p1a: Salamence|Intimidate|boost
|-unboost|p2a: Zapdos|atk|1
|
|-weather|Sandstorm|[upkeep]
|-damage|p1a: Salamence|82/100|[from] Sandstorm
|-damage|p2a: Zapdos|9/100|[from] Sandstorm
|-heal|p2a: Zapdos|15/100|[from] item: Leftovers
|upkeep
|turn|18
|
|t:|1729719592
|move|p1a: Salamence|Brick Break|p2a: Zapdos
|-resisted|p2a: Zapdos
|-damage|p2a: Zapdos|0 fnt
|faint|p2a: Zapdos
|
|t:|1729719602
|switch|p2a: Aerodactyl|Aerodactyl, M|100/100
|
|-weather|Sandstorm|[upkeep]
|-damage|p1a: Salamence|76/100|[from] Sandstorm
|upkeep
|turn|19
|
|t:|1729719609
|switch|p1a: Celebi|Celebi|100/100
|-damage|p1a: Celebi|88/100|[from] Spikes
|move|p2a: Aerodactyl|Rock Slide|p1a: Celebi
|-damage|p1a: Celebi|52/100
|
|-weather|Sandstorm|[upkeep]
|-damage|p1a: Celebi|46/100|[from] Sandstorm
|-heal|p1a: Celebi|52/100|[from] item: Leftovers
|upkeep
|turn|20
|
|t:|1729719621
|switch|p2a: Tyranitar|Tyranitar, M|100/100
|move|p1a: Celebi|Recover|p1a: Celebi
|-heal|p1a: Celebi|100/100
|
|-weather|Sandstorm|[upkeep]
|-damage|p1a: Celebi|94/100|[from] Sandstorm
|-heal|p1a: Celebi|100/100|[from] item: Leftovers
|upkeep
|turn|21
|inactive|doh5604 has 240 seconds left.
|inactive|doh5604 has 210 seconds left.
|
|t:|1729719668
|move|p2a: Tyranitar|Dragon Dance|p2a: Tyranitar
|-boost|p2a: Tyranitar|atk|1
|-boost|p2a: Tyranitar|spe|1
|move|p1a: Celebi|Hidden Power|p2a: Tyranitar
|-supereffective|p2a: Tyranitar
|-damage|p2a: Tyranitar|54/100
|
|-weather|Sandstorm|[upkeep]
|-damage|p1a: Celebi|94/100|[from] Sandstorm
|-heal|p1a: Celebi|100/100|[from] item: Leftovers
|upkeep
|turn|22
|inactive|doh5604 has 210 seconds left.
|
|t:|1729719679
|move|p2a: Tyranitar|Rock Slide|p1a: Celebi
|-damage|p1a: Celebi|57/100
|move|p1a: Celebi|Leech Seed|p2a: Tyranitar
|-start|p2a: Tyranitar|move: Leech Seed
|
|-weather|Sandstorm|[upkeep]
|-damage|p1a: Celebi|51/100|[from] Sandstorm
|-damage|p2a: Tyranitar|42/100|[from] Leech Seed|[of] p1a: Celebi
|-heal|p1a: Celebi|61/100|[silent]
|-heal|p1a: Celebi|67/100|[from] item: Leftovers
|upkeep
|turn|23
|inactive|doh5604 has 210 seconds left.
|
|t:|1729719692
|switch|p1a: Snorlax|Snorlax, M|86/100
|-damage|p1a: Snorlax|74/100|[from] Spikes
|move|p2a: Tyranitar|Double-Edge|p1a: Snorlax
|-damage|p1a: Snorlax|20/100
|-damage|p2a: Tyranitar|17/100|[from] Recoil|[of] p1a: Snorlax
|
|-weather|Sandstorm|[upkeep]
|-damage|p1a: Snorlax|14/100|[from] Sandstorm
|-damage|p2a: Tyranitar|5/100|[from] Leech Seed|[of] p1a: Snorlax
|-heal|p1a: Snorlax|23/100|[silent]
|-heal|p1a: Snorlax|29/100|[from] item: Leftovers
|upkeep
|turn|24
|
|t:|1729719706
|move|p2a: Tyranitar|Double-Edge|p1a: Snorlax
|-damage|p1a: Snorlax|0 fnt
|-damage|p2a: Tyranitar|0 fnt|[from] Recoil|[of] p1a: Snorlax
|faint|p1a: Snorlax
|faint|p2a: Tyranitar
|
|t:|1729719714
|switch|p2a: Aerodactyl|Aerodactyl, M|100/100
|switch|p1a: Salamence|Salamence, M|76/100
|-ability|p1a: Salamence|Intimidate|boost
|-unboost|p2a: Aerodactyl|atk|1
|
|-weather|Sandstorm|[upkeep]
|-damage|p1a: Salamence|70/100|[from] Sandstorm
|upkeep
|turn|25
|inactive|green.9082 has 270 seconds left.
|
|t:|1729719748
|move|p2a: Aerodactyl|Rock Slide|p1a: Salamence
|-supereffective|p1a: Salamence
|-damage|p1a: Salamence|0 fnt
|faint|p1a: Salamence
|
|t:|1729719753
|switch|p1a: Celebi|Celebi|67/100
|-damage|p1a: Celebi|55/100|[from] Spikes
|
|-weather|Sandstorm|[upkeep]
|-damage|p1a: Celebi|49/100|[from] Sandstorm
|-heal|p1a: Celebi|55/100|[from] item: Leftovers
|upkeep
|turn|26
|
|t:|1729719761
|move|p2a: Aerodactyl|Rock Slide|p1a: Celebi
|-damage|p1a: Celebi|31/100
|move|p1a: Celebi|Recover|p1a: Celebi
|-heal|p1a: Celebi|81/100
|
|-weather|Sandstorm|[upkeep]
|-damage|p1a: Celebi|75/100|[from] Sandstorm
|-heal|p1a: Celebi|81/100|[from] item: Leftovers
|upkeep
|turn|27
|
|t:|1729719771
|move|p2a: Aerodactyl|Rock Slide|p1a: Celebi
|-damage|p1a: Celebi|58/100
|move|p1a: Celebi|Leech Seed|p2a: Aerodactyl
|-start|p2a: Aerodactyl|move: Leech Seed
|
|-weather|Sandstorm|[upkeep]
|-damage|p1a: Celebi|52/100|[from] Sandstorm
|-damage|p2a: Aerodactyl|88/100|[from] Leech Seed|[of] p1a: Celebi
|-heal|p1a: Celebi|61/100|[silent]
|-heal|p1a: Celebi|67/100|[from] item: Leftovers
|upkeep
|turn|28
|inactive|doh5604 has 270 seconds left.
|
|t:|1729719782
|move|p2a: Aerodactyl|Rock Slide|p1a: Celebi
|-damage|p1a: Celebi|46/100
|move|p1a: Celebi|Recover|p1a: Celebi
|-heal|p1a: Celebi|96/100
|
|-weather|Sandstorm|[upkeep]
|-damage|p1a: Celebi|90/100|[from] Sandstorm
|-damage|p2a: Aerodactyl|76/100|[from] Leech Seed|[of] p1a: Celebi
|-heal|p1a: Celebi|99/100|[silent]
|-heal|p1a: Celebi|100/100|[from] item: Leftovers
|upkeep
|turn|29
|
|t:|1729719794
|move|p2a: Aerodactyl|Rock Slide|p1a: Celebi
|-damage|p1a: Celebi|79/100
|cant|p1a: Celebi|flinch
|
|-weather|Sandstorm|[upkeep]
|-damage|p1a: Celebi|73/100|[from] Sandstorm
|-damage|p2a: Aerodactyl|64/100|[from] Leech Seed|[of] p1a: Celebi
|-heal|p1a: Celebi|82/100|[silent]
|-heal|p1a: Celebi|88/100|[from] item: Leftovers
|upkeep
|turn|30
|inactive|green.9082 has 270 seconds left.
|
|t:|1729719816
|move|p2a: Aerodactyl|Rock Slide|p1a: Celebi
|-crit|p1a: Celebi
|-damage|p1a: Celebi|19/100
|move|p1a: Celebi|Hidden Power|p2a: Aerodactyl
|-damage|p2a: Aerodactyl|31/100
|
|-weather|Sandstorm|[upkeep]
|-damage|p1a: Celebi|13/100|[from] Sandstorm
|-damage|p2a: Aerodactyl|18/100|[from] Leech Seed|[of] p1a: Celebi
|-heal|p1a: Celebi|22/100|[silent]
|-heal|p1a: Celebi|28/100|[from] item: Leftovers
|upkeep
|turn|31
|inactive|green.9082 has 270 seconds left.
|
|t:|1729719828
|move|p2a: Aerodactyl|Rock Slide|p1a: Celebi
|-damage|p1a: Celebi|6/100
|move|p1a: Celebi|Recover|p1a: Celebi
|-heal|p1a: Celebi|56/100
|
|-weather|Sandstorm|[upkeep]
|-damage|p1a: Celebi|50/100|[from] Sandstorm
|-damage|p2a: Aerodactyl|6/100|[from] Leech Seed|[of] p1a: Celebi
|-heal|p1a: Celebi|59/100|[silent]
|-heal|p1a: Celebi|65/100|[from] item: Leftovers
|upkeep
|turn|32
|c|☆doh5604|gg
|-message|doh5604 forfeited.
|
|win|green.9082
|player|p2|

</script>
<script type="application/json" class="data" id="replaydata-smogtours-gen3ou-801431">
{"id":"smogtours-gen3ou-801431","format":"[Gen 3] OU","players":["green.9082","doh5604"],"uploadtime":1729719836,"views":77,"formatid":"gen3ou","rating":null,"private":0,"password":null}
</script>

<script defer src="js/replays.js?9d40a366"></script>
