<!DOCTYPE html>
<meta charset="utf-8" />
<meta name="viewport" content="width=device-width" />

<title>[Gen 3] OU: denizzz vs. Cyberodin - Replays - Pok&eacute;mon Showdown!</title>

<meta name="description" content="Watch a replay of a Pok&eacute;mon battle between denizzz and Cyberodin! Format: [Gen 3] OU; Date: Nov 15, 2024" />
<!--

Hey, you! Looking in the source for the replay log?

You can find them in JSON format, just add `.json` at the end of a replay URL.

https://replay.pokemonshowdown.com/gen7randomdoublesbattle-865046831.json

Or, if you only need the log itself, add `.log` instead:

https://replay.pokemonshowdown.com/gen7randomdoublesbattle-865046831.log

-->

<link rel="stylesheet" href="//pokemonshowdown.com/style/global.css?0.767286132409787" />
<link rel="stylesheet" href="//play.pokemonshowdown.com/style/font-awesome.css?0.9266228007934947" />
<link rel="stylesheet" href="//play.pokemonshowdown.com/style/battle.css?0.7924700842790926" />
<link rel="stylesheet" href="//play.pokemonshowdown.com/style/utilichart.css?0.8777417872839479" />

<!-- Global site tag (gtag.js) - Google Analytics -->
<script async src="https://www.googletagmanager.com/gtag/js?id=UA-26211653-1"></script>
<script>
  window.dataLayer = window.dataLayer || [];
  function gtag(){dataLayer.push(arguments);}
  gtag('js', new Date());

  gtag('config', 'UA-26211653-1');
</script>
<!-- End Google Analytics -->
<!-- Venatus Ad Manager - Install in <HEAD> of page -->
	<script src="https://hb.vntsm.com/v3/live/ad-manager.min.js" type="text/javascript" data-site-id="642aba63ec9a7b11c3c9c1be" data-mode="scan" async></script>
<!-- / Venatus Ad Manager -->

<style>
	@media (max-width:820px) {
		.battle {
			margin: 0 auto;
		}
		.battle-log {
			margin: 7px auto 0;
			max-width: 640px;
			height: 300px;
			position: static;
		}
	}
	.optgroup {
		display: inline-block;
		line-height: 22px;
		font-size: 10pt;
	}
	.optgroup .button {
		height: 25px;
		padding-top: 0;
		padding-bottom: 0;
	}
	.optgroup button.button {
		padding-left: 12px;
		padding-right: 12px;
	}
	.linklist {
		list-style: none;
		margin: 0.5em 0;
		padding: 0;
	}
	.linklist li {
		padding: 2px 0;
	}
	.sidebar {
		float: left;
		width: 320px;
	}
	.bar-wrapper {
		max-width: 1100px;
		margin: 0 auto;
	}
	.bar-wrapper.has-sidebar {
		max-width: 1430px;
	}
	.mainbar {
		margin: 0;
		padding-right: 1px;
	}
	.mainbar.has-sidebar {
		margin-left: 330px;
	}
	@media (min-width: 1511px) {
		.sidebar {
			width: 400px;
		}
		.bar-wrapper.has-sidebar {
			max-width: 1510px;
		}
		.mainbar.has-sidebar {
			margin-left: 410px;
		}
	}
	.section.first-section {
		margin-top: 9px;
	}
	.blocklink small {
		white-space: normal;
	}
	.button {
		vertical-align: middle;
	}
	.replay-controls {
		padding-top: 10px;
	}
	.replay-controls h1 {
		font-size: 16pt;
		font-weight: normal;
		color: #CCC;
	}
	.pagelink {
		text-align: center;
	}
	.pagelink a {
		width: 150px;
	}
	.textbox, .button {
		font-size: 11pt;
		vertical-align: middle;
	}
	@media (max-width: 450px) {
		.button {
			font-size: 9pt;
		}
	}
</style>

<div>

	<header>
		<div class="nav-wrapper"><ul class="nav">
			<li><a class="button nav-first" href="//pokemonshowdown.com/"><img src="//pokemonshowdown.com/images/pokemonshowdownbeta.png" srcset="//pokemonshowdown.com/images/pokemonshowdownbeta.png 1x, //pokemonshowdown.com/images/pokemonshowdownbeta@2x.png 2x" alt="Pok&eacute;mon Showdown" width="146" height="44" /> Home</a></li>
			<li><a class="button" href="//pokemonshowdown.com/dex/">Pok&eacute;dex</a></li>
			<li><a class="button cur" href="/">Replays</a></li>
			<li><a class="button" href="//pokemonshowdown.com/ladder/">Ladder</a></li>
			<li><a class="button nav-last" href="//pokemonshowdown.com/forums/">Forum</a></li>
			<li><a class="button greenbutton nav-first nav-last" href="//play.pokemonshowdown.com/">Play</a></li>
		</ul></div>
	</header>

	<div class="main" id="main">

		<noscript><section class="section">You need to enable JavaScript to use this page; sorry!</section></noscript>

	</div>

</div>

<script defer nomodule src="//play.pokemonshowdown.com/js/lib/ps-polyfill.js"></script>
<script defer src="//play.pokemonshowdown.com/js/lib/preact.min.js"></script>

<script defer src="//play.pokemonshowdown.com/config/config.js?6dec07f6"></script>
<script defer src="//play.pokemonshowdown.com/js/lib/jquery-1.11.0.min.js"></script>
<script defer src="//play.pokemonshowdown.com/js/lib/html-sanitizer-minified.js"></script>
<script defer src="//play.pokemonshowdown.com/js/battle-sound.js"></script>
<script defer src="//play.pokemonshowdown.com/js/battledata.js?0.6315294753075389"></script>
<script defer src="//play.pokemonshowdown.com/data/pokedex-mini.js?0.7603743185311358"></script>
<script defer src="//play.pokemonshowdown.com/data/pokedex-mini-bw.js?0.030888842834281283"></script>
<script defer src="//play.pokemonshowdown.com/data/graphics.js?0.05593094747507488"></script>
<script defer src="//play.pokemonshowdown.com/data/pokedex.js?0.47064822249611904"></script>
<script defer src="//play.pokemonshowdown.com/data/moves.js?0.8583693120512459"></script>
<script defer src="//play.pokemonshowdown.com/data/abilities.js?0.16017181182386842"></script>
<script defer src="//play.pokemonshowdown.com/data/items.js?0.4163379185673943"></script>
<script defer src="//play.pokemonshowdown.com/data/teambuilder-tables.js?0.31075597372830477"></script>
<script defer src="//play.pokemonshowdown.com/js/battle-tooltips.js?0.6536193500708172"></script>
<script defer src="//play.pokemonshowdown.com/js/battle.js?0.1916591943277901"></script>

<script defer src="js/utils.js?e31f9a17"></script>
<script defer src="js/replays-battle.js?7008c182"></script>

<!-- don't scrape this data! just add .json or .log after the URL!
Full API docs: https://github.com/smogon/pokemon-showdown-client/blob/master/WEB-API.md -->
<script type="text/plain" class="log" id="replaylog-gen3ou-2244083572-fvk5hxbmt8jx03sp1tz3g2bfsfaut0upw">
|j|☆denizzz
|j|☆Cyberodin
|t:|1731629420
|gametype|singles
|player|p1|denizzz|dawn|
|player|p2|Cyberodin|#wcop2020latinamerica|
|teamsize|p1|6
|teamsize|p2|6
|gen|3
|tier|[Gen 3] OU
|rule|Sleep Clause Mod: Limit one foe put to sleep
|rule|Switch Priority Clause Mod: Faster Pokémon switch first
|rule|Species Clause: Limit one of each Pokémon
|rule|OHKO Clause: OHKO moves are banned
|rule|Evasion Items Clause: Evasion items are banned
|rule|Evasion Moves Clause: Evasion moves are banned
|rule|Endless Battle Clause: Forcing endless battles is banned
|rule|HP Percentage Mod: HP is shown in percentages
|rule|One Boost Passer Clause: Limit one Baton Passer that has a way to boost its stats
|rule|Freeze Clause Mod: Limit one foe frozen
|
|t:|1731629420
|start
|switch|p1a: Venusaur|Venusaur, F|100/100
|switch|p2a: Tyranitar|Tyranitar, F|100/100
|-weather|Sandstorm|[from] ability: Sand Stream|[of] p2a: Tyranitar
|turn|1
|
|t:|1731629425
|move|p1a: Venusaur|Sleep Powder|p2a: Tyranitar
|-status|p2a: Tyranitar|slp|[from] move: Sleep Powder
|cant|p2a: Tyranitar|slp
|
|-weather|Sandstorm|[upkeep]
|-damage|p1a: Venusaur|95/100|[from] Sandstorm
|-heal|p1a: Venusaur|100/100|[from] item: Leftovers
|upkeep
|turn|2
|
|t:|1731629427
|move|p1a: Venusaur|Razor Leaf|p2a: Tyranitar|[miss]
|-miss|p1a: Venusaur|p2a: Tyranitar
|cant|p2a: Tyranitar|slp
|
|-weather|Sandstorm|[upkeep]
|-damage|p1a: Venusaur|95/100|[from] Sandstorm
|-heal|p1a: Venusaur|100/100|[from] item: Leftovers
|upkeep
|turn|3
|inactive|Battle timer is ON: inactive players will automatically lose when time's up. (requested by Cyberodin)
|
|t:|1731629431
|switch|p2a: Metagross|Metagross|100/100
|move|p1a: Venusaur|Razor Leaf|p2a: Metagross
|-resisted|p2a: Metagross
|-damage|p2a: Metagross|87/100
|
|-weather|Sandstorm|[upkeep]
|-damage|p1a: Venusaur|95/100|[from] Sandstorm
|-heal|p1a: Venusaur|100/100|[from] item: Leftovers
|upkeep
|turn|4
|
|t:|1731629436
|switch|p1a: Jirachi|Jirachi|100/100
|move|p2a: Metagross|Meteor Mash|p1a: Jirachi
|-resisted|p1a: Jirachi
|-damage|p1a: Jirachi|65/100
|
|-weather|Sandstorm|[upkeep]
|-heal|p1a: Jirachi|71/100|[from] item: Leftovers
|upkeep
|turn|5
|
|t:|1731629441
|switch|p2a: Snorlax|Snorlax, F|100/100
|move|p1a: Jirachi|Wish|p1a: Jirachi
|
|-weather|Sandstorm|[upkeep]
|-damage|p2a: Snorlax|94/100|[from] Sandstorm
|-heal|p1a: Jirachi|77/100|[from] item: Leftovers
|-heal|p2a: Snorlax|100/100|[from] item: Leftovers
|upkeep
|turn|6
|
|t:|1731629443
|move|p1a: Jirachi|Fire Punch|p2a: Snorlax
|-damage|p2a: Snorlax|92/100
|-status|p2a: Snorlax|brn
|move|p2a: Snorlax|Curse|p2a: Snorlax
|-unboost|p2a: Snorlax|spe|1
|-boost|p2a: Snorlax|atk|1
|-boost|p2a: Snorlax|def|1
|
|-heal|p1a: Jirachi|100/100|[from] move: Wish|[wisher] Jirachi
|-weather|Sandstorm|[upkeep]
|-damage|p2a: Snorlax|86/100 brn|[from] Sandstorm
|-heal|p2a: Snorlax|92/100 brn|[from] item: Leftovers
|-damage|p2a: Snorlax|79/100 brn|[from] brn
|upkeep
|turn|7
|
|t:|1731629446
|move|p1a: Jirachi|Protect|p1a: Jirachi
|-singleturn|p1a: Jirachi|Protect
|move|p2a: Snorlax|Curse|p2a: Snorlax
|-unboost|p2a: Snorlax|spe|1
|-boost|p2a: Snorlax|atk|1
|-boost|p2a: Snorlax|def|1
|
|-weather|Sandstorm|[upkeep]
|-damage|p2a: Snorlax|73/100 brn|[from] Sandstorm
|-heal|p2a: Snorlax|79/100 brn|[from] item: Leftovers
|-damage|p2a: Snorlax|67/100 brn|[from] brn
|upkeep
|turn|8
|
|t:|1731629449
|move|p1a: Jirachi|Wish|p1a: Jirachi
|move|p2a: Snorlax|Rest|p2a: Snorlax
|-status|p2a: Snorlax|slp|[from] move: Rest
|-heal|p2a: Snorlax|100/100 slp|[silent]
|
|-weather|Sandstorm|[upkeep]
|-damage|p2a: Snorlax|94/100 slp|[from] Sandstorm
|-heal|p2a: Snorlax|100/100 slp|[from] item: Leftovers
|upkeep
|turn|9
|
|t:|1731629453
|switch|p1a: Tyranitar|Tyranitar, M|100/100
|cant|p2a: Snorlax|slp
|
|-weather|Sandstorm|[upkeep]
|-damage|p2a: Snorlax|94/100 slp|[from] Sandstorm
|-heal|p2a: Snorlax|100/100 slp|[from] item: Leftovers
|upkeep
|turn|10
|
|t:|1731629455
|move|p1a: Tyranitar|Substitute|p1a: Tyranitar
|-start|p1a: Tyranitar|Substitute
|-damage|p1a: Tyranitar|75/100
|cant|p2a: Snorlax|slp
|
|-weather|Sandstorm|[upkeep]
|-damage|p2a: Snorlax|94/100 slp|[from] Sandstorm
|-heal|p1a: Tyranitar|82/100|[from] item: Leftovers
|-heal|p2a: Snorlax|100/100 slp|[from] item: Leftovers
|upkeep
|turn|11
|
|t:|1731629457
|-singleturn|p1a: Tyranitar|move: Focus Punch
|-curestatus|p2a: Snorlax|slp|[msg]
|move|p2a: Snorlax|Earthquake|p1a: Tyranitar
|-supereffective|p1a: Tyranitar
|-end|p1a: Tyranitar|Substitute
|move|p1a: Tyranitar|Focus Punch|p2a: Snorlax
|-supereffective|p2a: Snorlax
|-damage|p2a: Snorlax|63/100
|
|-weather|Sandstorm|[upkeep]
|-damage|p2a: Snorlax|57/100|[from] Sandstorm
|-heal|p1a: Tyranitar|88/100|[from] item: Leftovers
|-heal|p2a: Snorlax|63/100|[from] item: Leftovers
|upkeep
|turn|12
|
|t:|1731629463
|switch|p1a: Salamence|Salamence, M|100/100
|-ability|p1a: Salamence|Intimidate|boost
|-unboost|p2a: Snorlax|atk|1
|move|p2a: Snorlax|Body Slam|p1a: Salamence
|-damage|p1a: Salamence|38/100
|
|-weather|Sandstorm|[upkeep]
|-damage|p1a: Salamence|32/100|[from] Sandstorm
|-damage|p2a: Snorlax|57/100|[from] Sandstorm
|-heal|p1a: Salamence|38/100|[from] item: Leftovers
|-heal|p2a: Snorlax|63/100|[from] item: Leftovers
|upkeep
|turn|13
|
|t:|1731629466
|move|p1a: Salamence|Hidden Power|p2a: Snorlax
|-damage|p2a: Snorlax|46/100
|move|p2a: Snorlax|Body Slam|p1a: Salamence
|-damage|p1a: Salamence|0 fnt
|faint|p1a: Salamence
|
|t:|1731629479
|switch|p1a: Venusaur|Venusaur, F|100/100
|
|-weather|Sandstorm|[upkeep]
|-damage|p1a: Venusaur|95/100|[from] Sandstorm
|-damage|p2a: Snorlax|39/100|[from] Sandstorm
|-heal|p1a: Venusaur|100/100|[from] item: Leftovers
|-heal|p2a: Snorlax|46/100|[from] item: Leftovers
|upkeep
|turn|14
|
|t:|1731629481
|move|p1a: Venusaur|Leech Seed|p2a: Snorlax
|-start|p2a: Snorlax|move: Leech Seed
|move|p2a: Snorlax|Body Slam|p1a: Venusaur
|-damage|p1a: Venusaur|36/100
|
|-weather|Sandstorm|[upkeep]
|-damage|p1a: Venusaur|30/100|[from] Sandstorm
|-damage|p2a: Snorlax|39/100|[from] Sandstorm
|-heal|p1a: Venusaur|36/100|[from] item: Leftovers
|-heal|p2a: Snorlax|46/100|[from] item: Leftovers
|-damage|p2a: Snorlax|33/100|[from] Leech Seed|[of] p1a: Venusaur
|-heal|p1a: Venusaur|56/100|[silent]
|upkeep
|turn|15
|
|t:|1731629489
|switch|p1a: Tyranitar|Tyranitar, M|88/100
|move|p2a: Snorlax|Rest|p2a: Snorlax
|-status|p2a: Snorlax|slp|[from] move: Rest
|-heal|p2a: Snorlax|100/100 slp|[silent]
|
|-weather|Sandstorm|[upkeep]
|-damage|p2a: Snorlax|94/100 slp|[from] Sandstorm
|-heal|p1a: Tyranitar|94/100|[from] item: Leftovers
|-heal|p2a: Snorlax|100/100 slp|[from] item: Leftovers
|-damage|p2a: Snorlax|88/100 slp|[from] Leech Seed|[of] p1a: Tyranitar
|-heal|p1a: Tyranitar|100/100|[silent]
|upkeep
|turn|16
|
|t:|1731629492
|-singleturn|p1a: Tyranitar|move: Focus Punch
|switch|p2a: Suicune|Suicune|100/100
|move|p1a: Tyranitar|Focus Punch|p2a: Suicune
|-damage|p2a: Suicune|77/100
|
|-weather|Sandstorm|[upkeep]
|-damage|p2a: Suicune|71/100|[from] Sandstorm
|-heal|p2a: Suicune|77/100|[from] item: Leftovers
|upkeep
|turn|17
|
|t:|1731629498
|switch|p2a: Metagross|Metagross|87/100
|switch|p1a: Jirachi|Jirachi|100/100
|
|-weather|Sandstorm|[upkeep]
|upkeep
|turn|18
|
|t:|1731629500
|move|p1a: Jirachi|Protect|p1a: Jirachi
|-singleturn|p1a: Jirachi|Protect
|move|p2a: Metagross|Earthquake|p1a: Jirachi
|-activate|p1a: Jirachi|Protect
|
|-weather|Sandstorm|[upkeep]
|upkeep
|turn|19
|
|t:|1731629504
|switch|p1a: Charizard|Charizard, M|100/100
|move|p2a: Metagross|Earthquake|p1a: Charizard
|-immune|p1a: Charizard
|
|-weather|Sandstorm|[upkeep]
|-damage|p1a: Charizard|94/100|[from] Sandstorm
|-heal|p1a: Charizard|100/100|[from] item: Leftovers
|upkeep
|turn|20
|
|t:|1731629506
|switch|p2a: Suicune|Suicune|77/100
|move|p1a: Charizard|Substitute|p1a: Charizard
|-start|p1a: Charizard|Substitute
|-damage|p1a: Charizard|76/100
|
|-weather|Sandstorm|[upkeep]
|-damage|p1a: Charizard|70/100|[from] Sandstorm
|-damage|p2a: Suicune|71/100|[from] Sandstorm
|-heal|p1a: Charizard|76/100|[from] item: Leftovers
|-heal|p2a: Suicune|77/100|[from] item: Leftovers
|upkeep
|turn|21
|
|t:|1731629509
|move|p1a: Charizard|Hidden Power|p2a: Suicune
|-supereffective|p2a: Suicune
|-damage|p2a: Suicune|46/100
|move|p2a: Suicune|Surf|p1a: Charizard
|-supereffective|p1a: Charizard
|-end|p1a: Charizard|Substitute
|
|-weather|Sandstorm|[upkeep]
|-damage|p1a: Charizard|70/100|[from] Sandstorm
|-damage|p2a: Suicune|40/100|[from] Sandstorm
|-heal|p1a: Charizard|76/100|[from] item: Leftovers
|-heal|p2a: Suicune|46/100|[from] item: Leftovers
|upkeep
|turn|22
|
|t:|1731629512
|switch|p1a: Venusaur|Venusaur, F|56/100
|move|p2a: Suicune|Surf|p1a: Venusaur
|-resisted|p1a: Venusaur
|-damage|p1a: Venusaur|40/100
|
|-weather|Sandstorm|[upkeep]
|-damage|p1a: Venusaur|34/100|[from] Sandstorm
|-damage|p2a: Suicune|40/100|[from] Sandstorm
|-heal|p1a: Venusaur|40/100|[from] item: Leftovers
|-heal|p2a: Suicune|46/100|[from] item: Leftovers
|upkeep
|turn|23
|
|t:|1731629514
|switch|p2a: Salamence|Salamence, M|100/100
|-ability|p2a: Salamence|Intimidate|boost
|-unboost|p1a: Venusaur|atk|1
|move|p1a: Venusaur|Leech Seed|p2a: Salamence
|-start|p2a: Salamence|move: Leech Seed
|
|-weather|Sandstorm|[upkeep]
|-damage|p1a: Venusaur|34/100|[from] Sandstorm
|-damage|p2a: Salamence|94/100|[from] Sandstorm
|-heal|p1a: Venusaur|40/100|[from] item: Leftovers
|-heal|p2a: Salamence|100/100|[from] item: Leftovers
|-damage|p2a: Salamence|88/100|[from] Leech Seed|[of] p1a: Venusaur
|-heal|p1a: Venusaur|54/100|[silent]
|upkeep
|turn|24
|
|t:|1731629521
|switch|p1a: Jirachi|Jirachi|100/100
|move|p2a: Salamence|Dragon Claw|p1a: Jirachi
|-resisted|p1a: Jirachi
|-damage|p1a: Jirachi|88/100
|
|-weather|Sandstorm|[upkeep]
|-damage|p2a: Salamence|82/100|[from] Sandstorm
|-heal|p2a: Salamence|88/100|[from] item: Leftovers
|-damage|p2a: Salamence|76/100|[from] Leech Seed|[of] p1a: Jirachi
|-heal|p1a: Jirachi|98/100|[silent]
|-heal|p1a: Jirachi|100/100|[from] item: Leftovers
|upkeep
|turn|25
|
|t:|1731629532
|switch|p2a: Snorlax|Snorlax, F|88/100 slp
|move|p1a: Jirachi|Wish|p1a: Jirachi
|
|-weather|Sandstorm|[upkeep]
|-damage|p2a: Snorlax|82/100 slp|[from] Sandstorm
|-heal|p2a: Snorlax|88/100 slp|[from] item: Leftovers
|upkeep
|turn|26
|
|t:|1731629538
|switch|p1a: Venusaur|Venusaur, F|54/100
|switch|p2a: Suicune|Suicune|46/100
|
|-heal|p1a: Venusaur|100/100|[from] move: Wish|[wisher] Jirachi
|-weather|Sandstorm|[upkeep]
|-damage|p1a: Venusaur|95/100|[from] Sandstorm
|-damage|p2a: Suicune|40/100|[from] Sandstorm
|-heal|p1a: Venusaur|100/100|[from] item: Leftovers
|-heal|p2a: Suicune|46/100|[from] item: Leftovers
|upkeep
|turn|27
|
|t:|1731629543
|switch|p2a: Metagross|Metagross|87/100
|move|p1a: Venusaur|Leech Seed|p2a: Metagross
|-start|p2a: Metagross|move: Leech Seed
|
|-weather|Sandstorm|[upkeep]
|-damage|p1a: Venusaur|95/100|[from] Sandstorm
|-heal|p1a: Venusaur|100/100|[from] item: Leftovers
|-damage|p2a: Metagross|75/100|[from] Leech Seed|[of] p1a: Venusaur
|upkeep
|turn|28
|
|t:|1731629546
|switch|p2a: Salamence|Salamence, M|76/100
|-ability|p2a: Salamence|Intimidate|boost
|-unboost|p1a: Venusaur|atk|1
|move|p1a: Venusaur|Hidden Power|p2a: Salamence
|-resisted|p2a: Salamence
|-damage|p2a: Salamence|64/100
|
|-weather|Sandstorm|[upkeep]
|-damage|p1a: Venusaur|95/100|[from] Sandstorm
|-damage|p2a: Salamence|58/100|[from] Sandstorm
|-heal|p1a: Venusaur|100/100|[from] item: Leftovers
|-heal|p2a: Salamence|64/100|[from] item: Leftovers
|upkeep
|turn|29
|
|t:|1731629549
|switch|p1a: Jirachi|Jirachi|100/100
|move|p2a: Salamence|Fire Blast|p1a: Jirachi
|-supereffective|p1a: Jirachi
|-damage|p1a: Jirachi|47/100
|
|-weather|Sandstorm|[upkeep]
|-damage|p2a: Salamence|58/100|[from] Sandstorm
|-heal|p2a: Salamence|64/100|[from] item: Leftovers
|-heal|p1a: Jirachi|53/100|[from] item: Leftovers
|upkeep
|turn|30
|
|t:|1731629553
|switch|p2a: Metagross|Metagross|75/100
|move|p1a: Jirachi|Protect||[still]
|-fail|p1a: Jirachi
|
|-weather|Sandstorm|[upkeep]
|-heal|p1a: Jirachi|59/100|[from] item: Leftovers
|upkeep
|turn|31
|
|t:|1731629555
|move|p1a: Jirachi|Protect|p1a: Jirachi
|-singleturn|p1a: Jirachi|Protect
|move|p2a: Metagross|Earthquake|p1a: Jirachi
|-activate|p1a: Jirachi|Protect
|
|-weather|Sandstorm|[upkeep]
|-heal|p1a: Jirachi|66/100|[from] item: Leftovers
|upkeep
|turn|32
|
|t:|1731629556
|switch|p2a: Salamence|Salamence, M|64/100
|-ability|p2a: Salamence|Intimidate|boost
|-unboost|p1a: Jirachi|atk|1
|switch|p1a: Charizard|Charizard, M|76/100
|
|-weather|Sandstorm|[upkeep]
|-damage|p1a: Charizard|70/100|[from] Sandstorm
|-damage|p2a: Salamence|58/100|[from] Sandstorm
|-heal|p1a: Charizard|76/100|[from] item: Leftovers
|-heal|p2a: Salamence|64/100|[from] item: Leftovers
|upkeep
|turn|33
|
|t:|1731629569
|switch|p1a: Jirachi|Jirachi|66/100
|move|p2a: Salamence|Dragon Claw|p1a: Jirachi
|-resisted|p1a: Jirachi
|-damage|p1a: Jirachi|53/100
|
|-weather|Sandstorm|[upkeep]
|-damage|p2a: Salamence|58/100|[from] Sandstorm
|-heal|p2a: Salamence|64/100|[from] item: Leftovers
|-heal|p1a: Jirachi|59/100|[from] item: Leftovers
|upkeep
|turn|34
|
|t:|1731629571
|move|p1a: Jirachi|Protect|p1a: Jirachi
|-singleturn|p1a: Jirachi|Protect
|move|p2a: Salamence|Fire Blast|p1a: Jirachi
|-activate|p1a: Jirachi|Protect
|
|-weather|Sandstorm|[upkeep]
|-damage|p2a: Salamence|58/100|[from] Sandstorm
|-heal|p2a: Salamence|64/100|[from] item: Leftovers
|-heal|p1a: Jirachi|65/100|[from] item: Leftovers
|upkeep
|turn|35
|
|t:|1731629572
|move|p2a: Salamence|Fire Blast|p1a: Jirachi|[miss]
|-miss|p2a: Salamence|p1a: Jirachi
|move|p1a: Jirachi|Wish|p1a: Jirachi
|
|-weather|Sandstorm|[upkeep]
|-damage|p2a: Salamence|58/100|[from] Sandstorm
|-heal|p2a: Salamence|64/100|[from] item: Leftovers
|-heal|p1a: Jirachi|71/100|[from] item: Leftovers
|upkeep
|turn|36
|
|t:|1731629576
|switch|p2a: Snorlax|Snorlax, F|88/100 slp
|move|p1a: Jirachi|Body Slam|p2a: Snorlax
|-damage|p2a: Snorlax|73/100 slp
|
|-heal|p1a: Jirachi|100/100|[from] move: Wish|[wisher] Jirachi
|-weather|Sandstorm|[upkeep]
|-damage|p2a: Snorlax|67/100 slp|[from] Sandstorm
|-heal|p2a: Snorlax|73/100 slp|[from] item: Leftovers
|upkeep
|turn|37
|
|t:|1731629578
|switch|p1a: Tyranitar|Tyranitar, M|100/100
|cant|p2a: Snorlax|slp
|
|-weather|Sandstorm|[upkeep]
|-damage|p2a: Snorlax|67/100 slp|[from] Sandstorm
|-heal|p2a: Snorlax|73/100 slp|[from] item: Leftovers
|upkeep
|turn|38
|
|t:|1731629585
|switch|p2a: Salamence|Salamence, M|64/100
|-ability|p2a: Salamence|Intimidate|boost
|-unboost|p1a: Tyranitar|atk|1
|move|p1a: Tyranitar|Crunch|p2a: Salamence
|-damage|p2a: Salamence|21/100
|
|-weather|Sandstorm|[upkeep]
|-damage|p2a: Salamence|15/100|[from] Sandstorm
|-heal|p2a: Salamence|21/100|[from] item: Leftovers
|upkeep
|turn|39
|
|t:|1731629588
|switch|p2a: Metagross|Metagross|75/100
|move|p1a: Tyranitar|Crunch|p2a: Metagross
|-damage|p2a: Metagross|34/100
|
|-weather|Sandstorm|[upkeep]
|upkeep
|turn|40
|
|t:|1731629594
|switch|p1a: Venusaur|Venusaur, F|100/100
|move|p2a: Metagross|Explosion|p1a: Venusaur
|-damage|p1a: Venusaur|0 fnt
|faint|p2a: Metagross
|faint|p1a: Venusaur
|
|t:|1731629603
|switch|p1a: Tyranitar|Tyranitar, M|100/100
|switch|p2a: Salamence|Salamence, M|21/100
|-ability|p2a: Salamence|Intimidate|boost
|-unboost|p1a: Tyranitar|atk|1
|
|-weather|Sandstorm|[upkeep]
|-damage|p2a: Salamence|15/100|[from] Sandstorm
|-heal|p2a: Salamence|21/100|[from] item: Leftovers
|upkeep
|turn|41
|
|t:|1731629606
|move|p2a: Salamence|Brick Break|p1a: Tyranitar
|-supereffective|p1a: Tyranitar
|-damage|p1a: Tyranitar|27/100
|move|p1a: Tyranitar|Crunch|p2a: Salamence
|-damage|p2a: Salamence|0 fnt
|faint|p2a: Salamence
|
|t:|1731629611
|switch|p2a: Claydol|Claydol|100/100
|
|-weather|Sandstorm|[upkeep]
|-heal|p1a: Tyranitar|33/100|[from] item: Leftovers
|upkeep
|turn|42
|
|t:|1731629615
|switch|p1a: Jirachi|Jirachi|100/100
|move|p2a: Claydol|Earthquake|p1a: Jirachi
|-supereffective|p1a: Jirachi
|-damage|p1a: Jirachi|40/100
|
|-weather|Sandstorm|[upkeep]
|-heal|p1a: Jirachi|46/100|[from] item: Leftovers
|upkeep
|turn|43
|
|t:|1731629622
|move|p2a: Claydol|Earthquake|p1a: Jirachi
|-supereffective|p1a: Jirachi
|-damage|p1a: Jirachi|0 fnt
|faint|p1a: Jirachi
|
|t:|1731629631
|switch|p1a: Swampert|Swampert, M|100/100
|
|-weather|Sandstorm|[upkeep]
|upkeep
|turn|44
|
|t:|1731629641
|switch|p2a: Tyranitar|Tyranitar, F|100/100 slp
|switch|p1a: Tyranitar|Tyranitar, M|33/100
|
|-weather|Sandstorm|[upkeep]
|-heal|p1a: Tyranitar|39/100|[from] item: Leftovers
|upkeep
|turn|45
|
|t:|1731629649
|-singleturn|p1a: Tyranitar|move: Focus Punch
|-curestatus|p2a: Tyranitar|slp|[msg]
|move|p2a: Tyranitar|Rock Slide|p1a: Tyranitar
|-damage|p1a: Tyranitar|13/100
|move|p1a: Tyranitar|Focus Punch||[still]
|cant|p1a: Tyranitar|Focus Punch|Focus Punch
|
|-weather|Sandstorm|[upkeep]
|-heal|p1a: Tyranitar|20/100|[from] item: Leftovers
|upkeep
|turn|46
|
|t:|1731629655
|switch|p1a: Swampert|Swampert, M|100/100
|move|p2a: Tyranitar|Crunch|p1a: Swampert
|-damage|p1a: Swampert|59/100
|
|-weather|Sandstorm|[upkeep]
|-heal|p1a: Swampert|65/100|[from] item: Leftovers
|upkeep
|turn|47
|
|t:|1731629660
|move|p1a: Swampert|Earthquake|p2a: Tyranitar
|-supereffective|p2a: Tyranitar
|-damage|p2a: Tyranitar|39/100
|move|p2a: Tyranitar|Crunch|p1a: Swampert
|-crit|p1a: Swampert
|-damage|p1a: Swampert|0 fnt
|faint|p1a: Swampert
|
|t:|1731629668
|switch|p1a: Charizard|Charizard, M|76/100
|
|-weather|Sandstorm|[upkeep]
|-damage|p1a: Charizard|70/100|[from] Sandstorm
|-heal|p1a: Charizard|76/100|[from] item: Leftovers
|-heal|p2a: Tyranitar|45/100|[from] item: Leftovers
|upkeep
|turn|48
|
|t:|1731629691
|move|p1a: Charizard|Substitute|p1a: Charizard
|-start|p1a: Charizard|Substitute
|-damage|p1a: Charizard|51/100
|move|p2a: Tyranitar|Crunch|p1a: Charizard
|-end|p1a: Charizard|Substitute
|
|-weather|Sandstorm|[upkeep]
|-damage|p1a: Charizard|45/100|[from] Sandstorm
|-heal|p1a: Charizard|51/100|[from] item: Leftovers
|-heal|p2a: Tyranitar|51/100|[from] item: Leftovers
|upkeep
|turn|49
|
|t:|1731629696
|move|p1a: Charizard|Hidden Power|p2a: Tyranitar
|-supereffective|p2a: Tyranitar
|-damage|p2a: Tyranitar|12/100
|move|p2a: Tyranitar|Crunch|p1a: Charizard
|-damage|p1a: Charizard|0 fnt
|faint|p1a: Charizard
|c|☆denizzz|ggs
|
|t:|1731629700
|switch|p1a: Tyranitar|Tyranitar, M|20/100
|
|-weather|Sandstorm|[upkeep]
|-heal|p1a: Tyranitar|26/100|[from] item: Leftovers
|-heal|p2a: Tyranitar|18/100|[from] item: Leftovers
|upkeep
|turn|50
|c|☆Cyberodin|ggs
|-message|denizzz forfeited.
|
|win|Cyberodin

</script>
<script type="application/json" class="data" id="replaydata-gen3ou-2244083572-fvk5hxbmt8jx03sp1tz3g2bfsfaut0upw">
{"id":"gen3ou-2244083572","format":"[Gen 3] OU","players":["denizzz","Cyberodin"],"uploadtime":1731629706,"views":8,"formatid":"gen3ou","rating":null,"private":1,"password":"fvk5hxbmt8jx03sp1tz3g2bfsfaut0u"}
</script>

<script defer src="js/replays.js?9d40a366"></script>
