<!DOCTYPE html>
<meta charset="utf-8" />
<meta name="viewport" content="width=device-width" />

<title>[Gen 3] OU: james5k0 vs. GoldThe1andOnly - Replays - Pok&eacute;mon Showdown!</title>

<meta name="description" content="Watch a replay of a Pok&eacute;mon battle between james5k0 and GoldThe1andOnly! Format: [Gen 3] OU; Date: Oct 7, 2024" />
<!--

Hey, you! Looking in the source for the replay log?

You can find them in JSON format, just add `.json` at the end of a replay URL.

https://replay.pokemonshowdown.com/gen7randomdoublesbattle-865046831.json

Or, if you only need the log itself, add `.log` instead:

https://replay.pokemonshowdown.com/gen7randomdoublesbattle-865046831.log

-->

<link rel="stylesheet" href="//pokemonshowdown.com/style/global.css?0.023195364461161105" />
<link rel="stylesheet" href="//play.pokemonshowdown.com/style/font-awesome.css?0.13261647063804238" />
<link rel="stylesheet" href="//play.pokemonshowdown.com/style/battle.css?0.8753245789963631" />
<link rel="stylesheet" href="//play.pokemonshowdown.com/style/utilichart.css?0.8627959624976733" />

<!-- Global site tag (gtag.js) - Google Analytics -->
<script async src="https://www.googletagmanager.com/gtag/js?id=UA-26211653-1"></script>
<script>
  window.dataLayer = window.dataLayer || [];
  function gtag(){dataLayer.push(arguments);}
  gtag('js', new Date());

  gtag('config', 'UA-26211653-1');
</script>
<!-- End Google Analytics -->
<!-- Venatus Ad Manager - Install in <HEAD> of page -->
	<script src="https://hb.vntsm.com/v3/live/ad-manager.min.js" type="text/javascript" data-site-id="642aba63ec9a7b11c3c9c1be" data-mode="scan" async></script>
<!-- / Venatus Ad Manager -->

<style>
	@media (max-width:820px) {
		.battle {
			margin: 0 auto;
		}
		.battle-log {
			margin: 7px auto 0;
			max-width: 640px;
			height: 300px;
			position: static;
		}
	}
	.optgroup {
		display: inline-block;
		line-height: 22px;
		font-size: 10pt;
	}
	.optgroup .button {
		height: 25px;
		padding-top: 0;
		padding-bottom: 0;
	}
	.optgroup button.button {
		padding-left: 12px;
		padding-right: 12px;
	}
	.linklist {
		list-style: none;
		margin: 0.5em 0;
		padding: 0;
	}
	.linklist li {
		padding: 2px 0;
	}
	.sidebar {
		float: left;
		width: 320px;
	}
	.bar-wrapper {
		max-width: 1100px;
		margin: 0 auto;
	}
	.bar-wrapper.has-sidebar {
		max-width: 1430px;
	}
	.mainbar {
		margin: 0;
		padding-right: 1px;
	}
	.mainbar.has-sidebar {
		margin-left: 330px;
	}
	@media (min-width: 1511px) {
		.sidebar {
			width: 400px;
		}
		.bar-wrapper.has-sidebar {
			max-width: 1510px;
		}
		.mainbar.has-sidebar {
			margin-left: 410px;
		}
	}
	.section.first-section {
		margin-top: 9px;
	}
	.blocklink small {
		white-space: normal;
	}
	.button {
		vertical-align: middle;
	}
	.replay-controls {
		padding-top: 10px;
	}
	.replay-controls h1 {
		font-size: 16pt;
		font-weight: normal;
		color: #CCC;
	}
	.pagelink {
		text-align: center;
	}
	.pagelink a {
		width: 150px;
	}
	.textbox, .button {
		font-size: 11pt;
		vertical-align: middle;
	}
	@media (max-width: 450px) {
		.button {
			font-size: 9pt;
		}
	}
</style>

<div>

	<header>
		<div class="nav-wrapper"><ul class="nav">
			<li><a class="button nav-first" href="//pokemonshowdown.com/"><img src="//pokemonshowdown.com/images/pokemonshowdownbeta.png" srcset="//pokemonshowdown.com/images/pokemonshowdownbeta.png 1x, //pokemonshowdown.com/images/pokemonshowdownbeta@2x.png 2x" alt="Pok&eacute;mon Showdown" width="146" height="44" /> Home</a></li>
			<li><a class="button" href="//pokemonshowdown.com/dex/">Pok&eacute;dex</a></li>
			<li><a class="button cur" href="/">Replays</a></li>
			<li><a class="button" href="//pokemonshowdown.com/ladder/">Ladder</a></li>
			<li><a class="button nav-last" href="//pokemonshowdown.com/forums/">Forum</a></li>
			<li><a class="button greenbutton nav-first nav-last" href="//play.pokemonshowdown.com/">Play</a></li>
		</ul></div>
	</header>

	<div class="main" id="main">

		<noscript><section class="section">You need to enable JavaScript to use this page; sorry!</section></noscript>

	</div>

</div>

<script defer nomodule src="//play.pokemonshowdown.com/js/lib/ps-polyfill.js"></script>
<script defer src="//play.pokemonshowdown.com/js/lib/preact.min.js"></script>

<script defer src="//play.pokemonshowdown.com/config/config.js?2bddbc15"></script>
<script defer src="//play.pokemonshowdown.com/js/lib/jquery-1.11.0.min.js"></script>
<script defer src="//play.pokemonshowdown.com/js/lib/html-sanitizer-minified.js"></script>
<script defer src="//play.pokemonshowdown.com/js/battle-sound.js"></script>
<script defer src="//play.pokemonshowdown.com/js/battledata.js?0.7209276989879541"></script>
<script defer src="//play.pokemonshowdown.com/data/pokedex-mini.js?0.6111056340867951"></script>
<script defer src="//play.pokemonshowdown.com/data/pokedex-mini-bw.js?0.3532142036491459"></script>
<script defer src="//play.pokemonshowdown.com/data/graphics.js?0.24223875632456182"></script>
<script defer src="//play.pokemonshowdown.com/data/pokedex.js?0.38839984266356864"></script>
<script defer src="//play.pokemonshowdown.com/data/moves.js?0.21866028504024015"></script>
<script defer src="//play.pokemonshowdown.com/data/abilities.js?0.2005157953846628"></script>
<script defer src="//play.pokemonshowdown.com/data/items.js?0.9894211263848525"></script>
<script defer src="//play.pokemonshowdown.com/data/teambuilder-tables.js?0.6008791140282215"></script>
<script defer src="//play.pokemonshowdown.com/js/battle-tooltips.js?0.7580118955022959"></script>
<script defer src="//play.pokemonshowdown.com/js/battle.js?0.6057722274234274"></script>

<script defer src="js/utils.js?e31f9a17"></script>
<script defer src="js/replays-battle.js?7008c182"></script>

<!-- don't scrape this data! just add .json or .log after the URL!
Full API docs: https://github.com/smogon/pokemon-showdown-client/blob/master/WEB-API.md -->
<script type="text/plain" class="log" id="replaylog-smogtours-gen3ou-796249">
|inactive|Battle timer is ON: inactive players will automatically lose when time's up.
|t:|1728335847
|gametype|singles
|player|p1|james5k0|acetrainer-gen3jp|
|player|p2|GoldThe1andOnly|elesa-masters|
|teamsize|p1|6
|teamsize|p2|6
|gen|3
|tier|[Gen 3] OU
|rule|Sleep Clause Mod: Limit one foe put to sleep
|rule|Switch Priority Clause Mod: Faster Pokémon switch first
|rule|Species Clause: Limit one of each Pokémon
|rule|OHKO Clause: OHKO moves are banned
|rule|Evasion Items Clause: Evasion items are banned
|rule|Evasion Moves Clause: Evasion moves are banned
|rule|Endless Battle Clause: Forcing endless battles is banned
|rule|HP Percentage Mod: HP is shown in percentages
|rule|One Boost Passer Clause: Limit one Baton Passer that has a way to boost its stats
|rule|Freeze Clause Mod: Limit one foe frozen
|
|t:|1728335847
|start
|switch|p1a: Tyranitar|Tyranitar, M|100/100
|switch|p2a: Skarmory|Skarmory, F|100/100
|-weather|Sandstorm|[from] ability: Sand Stream|[of] p1a: Tyranitar
|turn|1
|
|t:|1728335862
|switch|p2a: Tyranitar|Tyranitar, M|100/100
|move|p1a: Tyranitar|Taunt|p2a: Tyranitar
|-start|p2a: Tyranitar|move: Taunt
|
|-weather|Sandstorm|[upkeep]
|upkeep
|turn|2
|inactive|GoldThe1andOnly has 270 seconds left.
|inactive|GoldThe1andOnly has 240 seconds left.
|inactive|GoldThe1andOnly has 210 seconds left.
|
|t:|1728335966
|move|p1a: Tyranitar|Earthquake|p2a: Tyranitar
|-supereffective|p2a: Tyranitar
|-damage|p2a: Tyranitar|46/100
|move|p2a: Tyranitar|Earthquake|p1a: Tyranitar
|-supereffective|p1a: Tyranitar
|-damage|p1a: Tyranitar|34/100
|
|-weather|Sandstorm|[upkeep]
|-heal|p1a: Tyranitar|40/100|[from] item: Leftovers
|-heal|p2a: Tyranitar|52/100|[from] item: Leftovers
|-end|p2a: Tyranitar|move: Taunt|[silent]
|upkeep
|turn|3
|inactive|GoldThe1andOnly has 180 seconds left.
|
|t:|1728336022
|switch|p2a: Celebi|Celebi|100/100
|move|p1a: Tyranitar|Earthquake|p2a: Celebi
|-resisted|p2a: Celebi
|-damage|p2a: Celebi|89/100
|
|-weather|Sandstorm|[upkeep]
|-damage|p2a: Celebi|82/100|[from] Sandstorm
|-heal|p2a: Celebi|89/100|[from] item: Leftovers
|-heal|p1a: Tyranitar|46/100|[from] item: Leftovers
|upkeep
|turn|4
|inactive|james5k0 has 270 seconds left.
|
|t:|1728336056
|move|p2a: Celebi|Hidden Power|p1a: Tyranitar
|-supereffective|p1a: Tyranitar
|-crit|p1a: Tyranitar
|-damage|p1a: Tyranitar|0 fnt
|faint|p1a: Tyranitar
|inactive|james5k0 has 270 seconds left.
|
|t:|1728336086
|switch|p1a: Celebi|Celebi|100/100
|
|-weather|Sandstorm|[upkeep]
|-damage|p1a: Celebi|94/100|[from] Sandstorm
|-damage|p2a: Celebi|82/100|[from] Sandstorm
|-heal|p1a: Celebi|100/100|[from] item: Leftovers
|-heal|p2a: Celebi|89/100|[from] item: Leftovers
|upkeep
|turn|5
|
|t:|1728336093
|switch|p2a: Skarmory|Skarmory, F|100/100
|move|p1a: Celebi|Calm Mind|p1a: Celebi
|-boost|p1a: Celebi|spa|1
|-boost|p1a: Celebi|spd|1
|
|-weather|Sandstorm|[upkeep]
|-damage|p1a: Celebi|94/100|[from] Sandstorm
|-heal|p1a: Celebi|100/100|[from] item: Leftovers
|upkeep
|turn|6
|inactive|GoldThe1andOnly has 180 seconds left.
|
|t:|1728336110
|move|p1a: Celebi|Hidden Power|p2a: Skarmory
|-supereffective|p2a: Skarmory
|-damage|p2a: Skarmory|50/100
|move|p2a: Skarmory|Roar|p1a: Celebi
|drag|p1a: Porygon2|Porygon2|100/100
|-ability|p1a: Porygon2|Keen Eye|[from] ability: Trace|[of] p2a: Skarmory
|
|-weather|Sandstorm|[upkeep]
|-damage|p1a: Porygon2|94/100|[from] Sandstorm
|-heal|p2a: Skarmory|56/100|[from] item: Leftovers
|-heal|p1a: Porygon2|100/100|[from] item: Leftovers
|upkeep
|turn|7
|inactive|james5k0 has 270 seconds left.
|
|t:|1728336128
|switch|p1a: Jirachi|Jirachi|100/100
|move|p2a: Skarmory|Spikes|p1a: Jirachi
|-sidestart|p1: james5k0|Spikes
|
|-weather|Sandstorm|[upkeep]
|-heal|p2a: Skarmory|62/100|[from] item: Leftovers
|upkeep
|turn|8
|inactive|james5k0 has 270 seconds left.
|
|t:|1728336153
|move|p1a: Jirachi|Fire Punch|p2a: Skarmory
|-supereffective|p2a: Skarmory
|-damage|p2a: Skarmory|24/100
|-status|p2a: Skarmory|brn
|move|p2a: Skarmory|Roar|p1a: Jirachi
|drag|p1a: Celebi|Celebi|100/100
|-damage|p1a: Celebi|88/100|[from] Spikes
|
|-weather|Sandstorm|[upkeep]
|-damage|p1a: Celebi|82/100|[from] Sandstorm
|-heal|p1a: Celebi|88/100|[from] item: Leftovers
|-heal|p2a: Skarmory|30/100 brn|[from] item: Leftovers
|-damage|p2a: Skarmory|18/100 brn|[from] brn
|upkeep
|turn|9
|inactive|james5k0 has 270 seconds left.
|inactive|GoldThe1andOnly has 150 seconds left.
|inactive|GoldThe1andOnly has 120 seconds left.
|
|t:|1728336214
|switch|p2a: Metagross|Metagross|100/100
|move|p1a: Celebi|Hidden Power|p2a: Metagross
|-supereffective|p2a: Metagross
|-damage|p2a: Metagross|62/100
|
|-weather|Sandstorm|[upkeep]
|-damage|p1a: Celebi|82/100|[from] Sandstorm
|-heal|p1a: Celebi|88/100|[from] item: Leftovers
|-heal|p2a: Metagross|68/100|[from] item: Leftovers
|upkeep
|turn|10
|inactive|GoldThe1andOnly has 90 seconds left.
|inactive|james5k0 has 240 seconds left.
|inactive|GoldThe1andOnly has 60 seconds left.
|
|t:|1728336290
|switch|p1a: Zapdos|Zapdos|100/100
|move|p2a: Metagross|Meteor Mash|p1a: Zapdos
|-resisted|p1a: Zapdos
|-damage|p1a: Zapdos|65/100
|
|-weather|Sandstorm|[upkeep]
|-damage|p1a: Zapdos|59/100|[from] Sandstorm
|-heal|p1a: Zapdos|65/100|[from] item: Leftovers
|-heal|p2a: Metagross|74/100|[from] item: Leftovers
|upkeep
|turn|11
|
|t:|1728336298
|switch|p2a: Jolteon|Jolteon, M|100/100
|move|p1a: Zapdos|Thunderbolt|p2a: Jolteon
|-immune|p2a: Jolteon|[from] ability: Volt Absorb
|
|-weather|Sandstorm|[upkeep]
|-damage|p2a: Jolteon|94/100|[from] Sandstorm
|-damage|p1a: Zapdos|59/100|[from] Sandstorm
|-heal|p2a: Jolteon|100/100|[from] item: Leftovers
|-heal|p1a: Zapdos|65/100|[from] item: Leftovers
|upkeep
|turn|12
|
|t:|1728336309
|switch|p1a: Porygon2|Porygon2|100/100
|-damage|p1a: Porygon2|88/100|[from] Spikes
|-ability|p1a: Porygon2|Volt Absorb|[from] ability: Trace|[of] p2a: Jolteon
|move|p2a: Jolteon|Thunder Wave|p1a: Porygon2
|-status|p1a: Porygon2|par
|
|-weather|Sandstorm|[upkeep]
|-damage|p2a: Jolteon|94/100|[from] Sandstorm
|-damage|p1a: Porygon2|82/100 par|[from] Sandstorm
|-heal|p2a: Jolteon|100/100|[from] item: Leftovers
|-heal|p1a: Porygon2|88/100 par|[from] item: Leftovers
|upkeep
|turn|13
|inactive|GoldThe1andOnly has 60 seconds left.
|
|t:|1728336328
|switch|p2a: Tyranitar|Tyranitar, M|52/100
|move|p1a: Porygon2|Thunder Wave|p2a: Tyranitar
|-status|p2a: Tyranitar|par
|
|-weather|Sandstorm|[upkeep]
|-damage|p1a: Porygon2|82/100 par|[from] Sandstorm
|-heal|p1a: Porygon2|88/100 par|[from] item: Leftovers
|-heal|p2a: Tyranitar|58/100 par|[from] item: Leftovers
|upkeep
|turn|14
|inactive|GoldThe1andOnly has 60 seconds left.
|inactive|james5k0 has 240 seconds left.
|inactive|james5k0 has 210 seconds left.
|
|t:|1728336392
|switch|p1a: Dugtrio|Dugtrio, M|100/100
|-damage|p1a: Dugtrio|88/100|[from] Spikes
|cant|p2a: Tyranitar|par
|
|-weather|Sandstorm|[upkeep]
|-heal|p2a: Tyranitar|64/100 par|[from] item: Leftovers
|upkeep
|turn|15
|inactive|GoldThe1andOnly has 60 seconds left.
|
|t:|1728336418
|move|p1a: Dugtrio|Earthquake|p2a: Tyranitar
|-supereffective|p2a: Tyranitar
|-damage|p2a: Tyranitar|0 fnt
|faint|p2a: Tyranitar
|inactive|GoldThe1andOnly has 30 seconds left.
|inactive|GoldThe1andOnly has 20 seconds left.
|inactive|GoldThe1andOnly has 15 seconds left.
|inactive|GoldThe1andOnly has 10 seconds left.
|
|t:|1728336454
|switch|p2a: Skarmory|Skarmory, F|18/100 brn
|
|-weather|Sandstorm|[upkeep]
|-heal|p2a: Skarmory|24/100 brn|[from] item: Leftovers
|-damage|p2a: Skarmory|12/100 brn|[from] brn
|upkeep
|turn|16
|inactive|GoldThe1andOnly has 20 seconds left this turn.
|inactive|james5k0 has 210 seconds left.
|
|t:|1728336473
|switch|p1a: Zapdos|Zapdos|65/100
|move|p2a: Skarmory|Toxic|p1a: Zapdos
|-status|p1a: Zapdos|tox
|
|-weather|Sandstorm|[upkeep]
|-damage|p1a: Zapdos|59/100 tox|[from] Sandstorm
|-heal|p1a: Zapdos|65/100 tox|[from] item: Leftovers
|-damage|p1a: Zapdos|59/100 tox|[from] psn
|-heal|p2a: Skarmory|18/100 brn|[from] item: Leftovers
|-damage|p2a: Skarmory|5/100 brn|[from] brn
|upkeep
|turn|17
|inactive|GoldThe1andOnly has 30 seconds left this turn.
|inactive|GoldThe1andOnly has 20 seconds left.
|inactive|GoldThe1andOnly has 15 seconds left.
|inactive|GoldThe1andOnly has 10 seconds left.
|
|t:|1728336495
|switch|p2a: Jolteon|Jolteon, M|100/100
|move|p1a: Zapdos|Thunderbolt|p2a: Jolteon
|-immune|p2a: Jolteon|[from] ability: Volt Absorb
|
|-weather|Sandstorm|[upkeep]
|-damage|p2a: Jolteon|94/100|[from] Sandstorm
|-damage|p1a: Zapdos|52/100 tox|[from] Sandstorm
|-heal|p2a: Jolteon|100/100|[from] item: Leftovers
|-heal|p1a: Zapdos|59/100 tox|[from] item: Leftovers
|-damage|p1a: Zapdos|46/100 tox|[from] psn
|upkeep
|turn|18
|inactive|GoldThe1andOnly has 20 seconds left this turn.
|inactive|GoldThe1andOnly has 15 seconds left.
|
|t:|1728336510
|move|p2a: Jolteon|Thunderbolt|p1a: Zapdos
|-damage|p1a: Zapdos|0 fnt
|faint|p1a: Zapdos
|inactive|GoldThe1andOnly has 20 seconds left this turn.
|inactive|james5k0 has 180 seconds left.
|
|t:|1728336532
|switch|p1a: Celebi|Celebi|88/100
|-damage|p1a: Celebi|76/100|[from] Spikes
|
|-weather|Sandstorm|[upkeep]
|-damage|p2a: Jolteon|94/100|[from] Sandstorm
|-damage|p1a: Celebi|70/100|[from] Sandstorm
|-heal|p2a: Jolteon|100/100|[from] item: Leftovers
|-heal|p1a: Celebi|76/100|[from] item: Leftovers
|upkeep
|turn|19
|inactive|GoldThe1andOnly has 30 seconds left this turn.
|inactive|GoldThe1andOnly has 20 seconds left.
|inactive|GoldThe1andOnly has 15 seconds left.
|
|t:|1728336549
|move|p2a: Jolteon|Thunder Wave|p1a: Celebi
|-status|p1a: Celebi|par
|move|p1a: Celebi|Giga Drain|p2a: Jolteon
|-damage|p2a: Jolteon|73/100
|-heal|p1a: Celebi|85/100 par|[from] drain|[of] p2a: Jolteon
|
|-weather|Sandstorm|[upkeep]
|-damage|p2a: Jolteon|67/100|[from] Sandstorm
|-damage|p1a: Celebi|79/100 par|[from] Sandstorm
|-heal|p2a: Jolteon|73/100|[from] item: Leftovers
|-heal|p1a: Celebi|85/100 par|[from] item: Leftovers
|upkeep
|turn|20
|inactive|GoldThe1andOnly has 25 seconds left this turn.
|inactive|james5k0 has 180 seconds left.
|inactive|GoldThe1andOnly has 20 seconds left.
|
|t:|1728336570
|switch|p2a: Metagross|Metagross|74/100
|move|p1a: Celebi|Baton Pass|p1a: Celebi
|inactive|GoldThe1andOnly has 25 seconds left this turn.
|
|t:|1728336587
|-curestatus|p1a: Celebi|par|[from] ability: Natural Cure
|switch|p1a: Dugtrio|Dugtrio, M|88/100|[from] Baton Pass
|-damage|p1a: Dugtrio|76/100|[from] Spikes
|
|-weather|Sandstorm|[upkeep]
|-heal|p2a: Metagross|80/100|[from] item: Leftovers
|upkeep
|turn|21
|inactive|GoldThe1andOnly has 30 seconds left.
|
|t:|1728336596
|move|p1a: Dugtrio|Earthquake|p2a: Metagross
|-supereffective|p2a: Metagross
|-damage|p2a: Metagross|0 fnt
|faint|p2a: Metagross
|inactive|GoldThe1andOnly has 30 seconds left.
|inactive|GoldThe1andOnly has 20 seconds left.
|inactive|GoldThe1andOnly has 15 seconds left.
|inactive|GoldThe1andOnly has 10 seconds left.
|
|t:|1728336621
|switch|p2a: Starmie|Starmie|100/100
|
|-weather|Sandstorm|[upkeep]
|-damage|p2a: Starmie|94/100|[from] Sandstorm
|-heal|p2a: Starmie|100/100|[from] item: Leftovers
|upkeep
|turn|22
|inactive|GoldThe1andOnly has 20 seconds left this turn.
|
|t:|1728336632
|switch|p1a: Porygon2|Porygon2|88/100 par
|-damage|p1a: Porygon2|76/100 par|[from] Spikes
|-ability|p1a: Porygon2|Natural Cure|[from] ability: Trace|[of] p2a: Starmie
|move|p2a: Starmie|Ice Beam|p1a: Porygon2
|-damage|p1a: Porygon2|52/100 par
|
|-weather|Sandstorm|[upkeep]
|-damage|p2a: Starmie|94/100|[from] Sandstorm
|-damage|p1a: Porygon2|45/100 par|[from] Sandstorm
|-heal|p2a: Starmie|100/100|[from] item: Leftovers
|-heal|p1a: Porygon2|52/100 par|[from] item: Leftovers
|upkeep
|turn|23
|inactive|GoldThe1andOnly has 30 seconds left this turn.
|inactive|GoldThe1andOnly has 20 seconds left.
|inactive|GoldThe1andOnly has 15 seconds left.
|inactive|james5k0 has 150 seconds left.
|
|t:|1728336663
|switch|p2a: Jolteon|Jolteon, M|73/100
|move|p1a: Porygon2|Thunderbolt|p2a: Jolteon
|-heal|p2a: Jolteon|98/100|[from] ability: Volt Absorb|[of] p1a: Porygon2
|
|-weather|Sandstorm|[upkeep]
|-damage|p2a: Jolteon|92/100|[from] Sandstorm
|-damage|p1a: Porygon2|45/100 par|[from] Sandstorm
|-heal|p2a: Jolteon|98/100|[from] item: Leftovers
|-heal|p1a: Porygon2|52/100 par|[from] item: Leftovers
|upkeep
|turn|24
|inactive|GoldThe1andOnly has 25 seconds left this turn.
|inactive|james5k0 has 150 seconds left.
|
|t:|1728336673
|-curestatus|p1a: Porygon2|par|[from] ability: Natural Cure
|switch|p1a: Dugtrio|Dugtrio, M|76/100
|-damage|p1a: Dugtrio|64/100|[from] Spikes
|move|p2a: Jolteon|Thunderbolt|p1a: Dugtrio
|-immune|p1a: Dugtrio
|
|-weather|Sandstorm|[upkeep]
|-damage|p2a: Jolteon|92/100|[from] Sandstorm
|-heal|p2a: Jolteon|98/100|[from] item: Leftovers
|upkeep
|turn|25
|inactive|james5k0 has 150 seconds left.
|
|t:|1728336684
|switch|p1a: Porygon2|Porygon2|52/100
|-damage|p1a: Porygon2|39/100|[from] Spikes
|-ability|p1a: Porygon2|Volt Absorb|[from] ability: Trace|[of] p2a: Jolteon
|move|p2a: Jolteon|Hidden Power|p1a: Porygon2
|-damage|p1a: Porygon2|19/100
|
|-weather|Sandstorm|[upkeep]
|-damage|p2a: Jolteon|92/100|[from] Sandstorm
|-damage|p1a: Porygon2|13/100|[from] Sandstorm
|-heal|p2a: Jolteon|98/100|[from] item: Leftovers
|-heal|p1a: Porygon2|19/100|[from] item: Leftovers
|upkeep
|turn|26
|inactive|james5k0 has 150 seconds left.
|
|t:|1728336694
|move|p2a: Jolteon|Thunderbolt|p1a: Porygon2
|-heal|p1a: Porygon2|44/100|[from] ability: Volt Absorb|[of] p2a: Jolteon
|move|p1a: Porygon2|Recover|p1a: Porygon2
|-heal|p1a: Porygon2|94/100
|
|-weather|Sandstorm|[upkeep]
|-damage|p2a: Jolteon|92/100|[from] Sandstorm
|-damage|p1a: Porygon2|88/100|[from] Sandstorm
|-heal|p2a: Jolteon|98/100|[from] item: Leftovers
|-heal|p1a: Porygon2|94/100|[from] item: Leftovers
|upkeep
|turn|27
|
|t:|1728336702
|switch|p2a: Celebi|Celebi|89/100
|move|p1a: Porygon2|Thunder Wave|p2a: Celebi
|-status|p2a: Celebi|par
|
|-weather|Sandstorm|[upkeep]
|-damage|p1a: Porygon2|88/100|[from] Sandstorm
|-damage|p2a: Celebi|82/100 par|[from] Sandstorm
|-heal|p1a: Porygon2|94/100|[from] item: Leftovers
|-heal|p2a: Celebi|89/100 par|[from] item: Leftovers
|upkeep
|turn|28
|
|t:|1728336707
|move|p1a: Porygon2|Ice Beam|p2a: Celebi
|-supereffective|p2a: Celebi
|-damage|p2a: Celebi|51/100 par
|move|p2a: Celebi|Leech Seed|p1a: Porygon2
|-start|p1a: Porygon2|move: Leech Seed
|
|-weather|Sandstorm|[upkeep]
|-damage|p1a: Porygon2|88/100|[from] Sandstorm
|-damage|p2a: Celebi|45/100 par|[from] Sandstorm
|-heal|p1a: Porygon2|94/100|[from] item: Leftovers
|-damage|p1a: Porygon2|82/100|[from] Leech Seed|[of] p2a: Celebi
|-heal|p2a: Celebi|57/100 par|[silent]
|-heal|p2a: Celebi|63/100 par|[from] item: Leftovers
|upkeep
|turn|29
|
|t:|1728336718
|switch|p1a: Jirachi|Jirachi|100/100
|-damage|p1a: Jirachi|88/100|[from] Spikes
|-curestatus|p2a: Celebi|par|[from] ability: Natural Cure
|switch|p2a: Jolteon|Jolteon, M|98/100
|
|-weather|Sandstorm|[upkeep]
|-damage|p2a: Jolteon|92/100|[from] Sandstorm
|-heal|p2a: Jolteon|98/100|[from] item: Leftovers
|-heal|p1a: Jirachi|94/100|[from] item: Leftovers
|upkeep
|turn|30
|
|t:|1728336726
|switch|p1a: Porygon2|Porygon2|82/100
|-damage|p1a: Porygon2|70/100|[from] Spikes
|-ability|p1a: Porygon2|Volt Absorb|[from] ability: Trace|[of] p2a: Jolteon
|move|p2a: Jolteon|Thunderbolt|p1a: Porygon2
|-heal|p1a: Porygon2|95/100|[from] ability: Volt Absorb|[of] p2a: Jolteon
|
|-weather|Sandstorm|[upkeep]
|-damage|p2a: Jolteon|92/100|[from] Sandstorm
|-damage|p1a: Porygon2|88/100|[from] Sandstorm
|-heal|p2a: Jolteon|98/100|[from] item: Leftovers
|-heal|p1a: Porygon2|95/100|[from] item: Leftovers
|upkeep
|turn|31
|
|t:|1728336738
|move|p2a: Jolteon|Thunder Wave|p1a: Porygon2
|-status|p1a: Porygon2|par
|move|p1a: Porygon2|Thunder Wave|p2a: Jolteon
|-status|p2a: Jolteon|par
|
|-weather|Sandstorm|[upkeep]
|-damage|p2a: Jolteon|92/100 par|[from] Sandstorm
|-damage|p1a: Porygon2|88/100 par|[from] Sandstorm
|-heal|p2a: Jolteon|98/100 par|[from] item: Leftovers
|-heal|p1a: Porygon2|95/100 par|[from] item: Leftovers
|upkeep
|turn|32
|
|t:|1728336746
|move|p2a: Jolteon|Hidden Power|p1a: Porygon2
|-damage|p1a: Porygon2|76/100 par
|move|p1a: Porygon2|Ice Beam|p2a: Jolteon
|-damage|p2a: Jolteon|69/100 par
|
|-weather|Sandstorm|[upkeep]
|-damage|p2a: Jolteon|62/100 par|[from] Sandstorm
|-damage|p1a: Porygon2|70/100 par|[from] Sandstorm
|-heal|p2a: Jolteon|69/100 par|[from] item: Leftovers
|-heal|p1a: Porygon2|76/100 par|[from] item: Leftovers
|upkeep
|turn|33
|inactive|GoldThe1andOnly has 60 seconds left.
|
|t:|1728336787
|move|p2a: Jolteon|Hidden Power|p1a: Porygon2
|-damage|p1a: Porygon2|58/100 par
|move|p1a: Porygon2|Ice Beam|p2a: Jolteon
|-damage|p2a: Jolteon|38/100 par
|
|-weather|Sandstorm|[upkeep]
|-damage|p2a: Jolteon|32/100 par|[from] Sandstorm
|-damage|p1a: Porygon2|52/100 par|[from] Sandstorm
|-heal|p2a: Jolteon|38/100 par|[from] item: Leftovers
|-heal|p1a: Porygon2|58/100 par|[from] item: Leftovers
|upkeep
|turn|34
|
|t:|1728336793
|switch|p2a: Celebi|Celebi|63/100
|move|p1a: Porygon2|Recover|p1a: Porygon2
|-heal|p1a: Porygon2|100/100 par
|
|-weather|Sandstorm|[upkeep]
|-damage|p2a: Celebi|57/100|[from] Sandstorm
|-damage|p1a: Porygon2|94/100 par|[from] Sandstorm
|-heal|p2a: Celebi|63/100|[from] item: Leftovers
|-heal|p1a: Porygon2|100/100 par|[from] item: Leftovers
|upkeep
|turn|35
|inactive|james5k0 has 180 seconds left.
|
|t:|1728336803
|move|p2a: Celebi|Leech Seed|p1a: Porygon2
|-start|p1a: Porygon2|move: Leech Seed
|move|p1a: Porygon2|Thunder Wave|p2a: Celebi
|-status|p2a: Celebi|par
|
|-weather|Sandstorm|[upkeep]
|-damage|p2a: Celebi|57/100 par|[from] Sandstorm
|-damage|p1a: Porygon2|94/100 par|[from] Sandstorm
|-heal|p2a: Celebi|63/100 par|[from] item: Leftovers
|-heal|p1a: Porygon2|100/100 par|[from] item: Leftovers
|-damage|p1a: Porygon2|88/100 par|[from] Leech Seed|[of] p2a: Celebi
|-heal|p2a: Celebi|74/100 par|[silent]
|upkeep
|turn|36
|
|t:|1728336808
|switch|p1a: Dugtrio|Dugtrio, M|64/100
|-damage|p1a: Dugtrio|51/100|[from] Spikes
|move|p2a: Celebi|Recover|p2a: Celebi
|-heal|p2a: Celebi|100/100 par
|
|-weather|Sandstorm|[upkeep]
|-damage|p2a: Celebi|94/100 par|[from] Sandstorm
|-heal|p2a: Celebi|100/100 par|[from] item: Leftovers
|upkeep
|turn|37
|
|t:|1728336817
|move|p1a: Dugtrio|Hidden Power|p2a: Celebi
|-supereffective|p2a: Celebi
|-damage|p2a: Celebi|41/100 par
|move|p2a: Celebi|Hidden Power|p1a: Dugtrio
|-supereffective|p1a: Dugtrio
|-damage|p1a: Dugtrio|0 fnt
|faint|p1a: Dugtrio
|
|t:|1728336825
|switch|p1a: Celebi|Celebi|85/100
|-damage|p1a: Celebi|73/100|[from] Spikes
|
|-weather|Sandstorm|[upkeep]
|-damage|p1a: Celebi|66/100|[from] Sandstorm
|-damage|p2a: Celebi|34/100 par|[from] Sandstorm
|-heal|p1a: Celebi|73/100|[from] item: Leftovers
|-heal|p2a: Celebi|41/100 par|[from] item: Leftovers
|upkeep
|turn|38
|inactive|GoldThe1andOnly has 90 seconds left.
|
|t:|1728336848
|-curestatus|p2a: Celebi|par|[from] ability: Natural Cure
|switch|p2a: Skarmory|Skarmory, F|5/100 brn
|move|p1a: Celebi|Calm Mind|p1a: Celebi
|-boost|p1a: Celebi|spa|1
|-boost|p1a: Celebi|spd|1
|
|-weather|Sandstorm|[upkeep]
|-damage|p1a: Celebi|66/100|[from] Sandstorm
|-heal|p1a: Celebi|73/100|[from] item: Leftovers
|-heal|p2a: Skarmory|11/100 brn|[from] item: Leftovers
|-damage|p2a: Skarmory|0 fnt|[from] brn
|faint|p2a: Skarmory
|upkeep
|
|t:|1728336856
|switch|p2a: Starmie|Starmie|100/100
|turn|39
|inactive|james5k0 has 210 seconds left.
|inactive|GoldThe1andOnly has 60 seconds left.
|
|t:|1728336894
|move|p2a: Starmie|Ice Beam|p1a: Celebi
|-supereffective|p1a: Celebi
|-damage|p1a: Celebi|43/100
|move|p1a: Celebi|Giga Drain|p2a: Starmie
|-supereffective|p2a: Starmie
|-damage|p2a: Starmie|9/100
|-heal|p1a: Celebi|72/100|[from] drain|[of] p2a: Starmie
|
|-weather|Sandstorm|[upkeep]
|-damage|p2a: Starmie|2/100|[from] Sandstorm
|-damage|p1a: Celebi|66/100|[from] Sandstorm
|-heal|p2a: Starmie|9/100|[from] item: Leftovers
|-heal|p1a: Celebi|72/100|[from] item: Leftovers
|upkeep
|turn|40
|inactive|james5k0 has 210 seconds left.
|
|t:|1728336926
|move|p2a: Starmie|Ice Beam|p1a: Celebi
|-supereffective|p1a: Celebi
|-damage|p1a: Celebi|39/100
|move|p1a: Celebi|Hidden Power|p2a: Starmie
|-resisted|p2a: Starmie
|-damage|p2a: Starmie|0 fnt
|faint|p2a: Starmie
|inactive|GoldThe1andOnly has 60 seconds left.
|
|t:|1728336945
|switch|p2a: Celebi|Celebi|41/100
|
|-weather|Sandstorm|[upkeep]
|-damage|p1a: Celebi|33/100|[from] Sandstorm
|-damage|p2a: Celebi|34/100|[from] Sandstorm
|-heal|p1a: Celebi|39/100|[from] item: Leftovers
|-heal|p2a: Celebi|41/100|[from] item: Leftovers
|upkeep
|turn|41
|inactive|GoldThe1andOnly has 60 seconds left.
|
|t:|1728336954
|move|p1a: Celebi|Hidden Power|p2a: Celebi
|-supereffective|p2a: Celebi
|-damage|p2a: Celebi|1/100
|move|p2a: Celebi|Recover|p2a: Celebi
|-heal|p2a: Celebi|51/100
|
|-weather|Sandstorm|[upkeep]
|-damage|p1a: Celebi|33/100|[from] Sandstorm
|-damage|p2a: Celebi|45/100|[from] Sandstorm
|-heal|p1a: Celebi|39/100|[from] item: Leftovers
|-heal|p2a: Celebi|51/100|[from] item: Leftovers
|upkeep
|turn|42
|
|t:|1728336970
|move|p1a: Celebi|Calm Mind|p1a: Celebi
|-boost|p1a: Celebi|spa|1
|-boost|p1a: Celebi|spd|1
|move|p2a: Celebi|Recover|p2a: Celebi
|-heal|p2a: Celebi|100/100
|
|-weather|Sandstorm|[upkeep]
|-damage|p1a: Celebi|33/100|[from] Sandstorm
|-damage|p2a: Celebi|94/100|[from] Sandstorm
|-heal|p1a: Celebi|39/100|[from] item: Leftovers
|-heal|p2a: Celebi|100/100|[from] item: Leftovers
|upkeep
|turn|43
|
|t:|1728336972
|move|p1a: Celebi|Hidden Power|p2a: Celebi
|-supereffective|p2a: Celebi
|-damage|p2a: Celebi|50/100
|move|p2a: Celebi|Psychic|p1a: Celebi
|-resisted|p1a: Celebi
|-damage|p1a: Celebi|32/100
|
|-weather|Sandstorm|[upkeep]
|-damage|p1a: Celebi|26/100|[from] Sandstorm
|-damage|p2a: Celebi|44/100|[from] Sandstorm
|-heal|p1a: Celebi|32/100|[from] item: Leftovers
|-heal|p2a: Celebi|50/100|[from] item: Leftovers
|upkeep
|turn|44
|inactive|james5k0 has 210 seconds left.
|
|t:|1728336979
|move|p1a: Celebi|Hidden Power|p2a: Celebi
|-supereffective|p2a: Celebi
|-damage|p2a: Celebi|0 fnt
|faint|p2a: Celebi
|c|☆GoldThe1andOnly|gg
|
|t:|1728336984
|switch|p2a: Jolteon|Jolteon, M|38/100 par
|
|-weather|Sandstorm|[upkeep]
|-damage|p1a: Celebi|26/100|[from] Sandstorm
|-damage|p2a: Jolteon|32/100 par|[from] Sandstorm
|-heal|p1a: Celebi|32/100|[from] item: Leftovers
|-heal|p2a: Jolteon|38/100 par|[from] item: Leftovers
|upkeep
|turn|45
|c|☆james5k0|gg
|
|t:|1728336989
|move|p1a: Celebi|Giga Drain|p2a: Jolteon
|-damage|p2a: Jolteon|0 fnt
|-heal|p1a: Celebi|45/100|[from] drain|[of] p2a: Jolteon
|faint|p2a: Jolteon
|
|win|james5k0
|player|p1|

</script>
<script type="application/json" class="data" id="replaydata-smogtours-gen3ou-796249">
{"id":"smogtours-gen3ou-796249","format":"[Gen 3] OU","players":["james5k0","GoldThe1andOnly"],"uploadtime":1728336989,"views":103,"formatid":"gen3ou","rating":null,"private":0,"password":null}
</script>

<script defer src="js/replays.js?9d40a366"></script>
