<!DOCTYPE html>
<meta charset="utf-8" />
<meta name="viewport" content="width=device-width" />

<title>[Gen 3] OU: jeem16 vs. ProfessorKid - Replays - Pok&eacute;mon Showdown!</title>

<meta name="description" content="Watch a replay of a Pok&eacute;mon battle between jeem16 and ProfessorKid! Format: [Gen 3] OU; Date: Oct 2, 2024" />
<!--

Hey, you! Looking in the source for the replay log?

You can find them in JSON format, just add `.json` at the end of a replay URL.

https://replay.pokemonshowdown.com/gen7randomdoublesbattle-865046831.json

Or, if you only need the log itself, add `.log` instead:

https://replay.pokemonshowdown.com/gen7randomdoublesbattle-865046831.log

-->

<link rel="stylesheet" href="//pokemonshowdown.com/style/global.css?0.767286132409787" />
<link rel="stylesheet" href="//play.pokemonshowdown.com/style/font-awesome.css?0.9266228007934947" />
<link rel="stylesheet" href="//play.pokemonshowdown.com/style/battle.css?0.7924700842790926" />
<link rel="stylesheet" href="//play.pokemonshowdown.com/style/utilichart.css?0.8777417872839479" />

<!-- Global site tag (gtag.js) - Google Analytics -->
<script async src="https://www.googletagmanager.com/gtag/js?id=UA-26211653-1"></script>
<script>
  window.dataLayer = window.dataLayer || [];
  function gtag(){dataLayer.push(arguments);}
  gtag('js', new Date());

  gtag('config', 'UA-26211653-1');
</script>
<!-- End Google Analytics -->
<!-- Venatus Ad Manager - Install in <HEAD> of page -->
	<script src="https://hb.vntsm.com/v3/live/ad-manager.min.js" type="text/javascript" data-site-id="642aba63ec9a7b11c3c9c1be" data-mode="scan" async></script>
<!-- / Venatus Ad Manager -->

<style>
	@media (max-width:820px) {
		.battle {
			margin: 0 auto;
		}
		.battle-log {
			margin: 7px auto 0;
			max-width: 640px;
			height: 300px;
			position: static;
		}
	}
	.optgroup {
		display: inline-block;
		line-height: 22px;
		font-size: 10pt;
	}
	.optgroup .button {
		height: 25px;
		padding-top: 0;
		padding-bottom: 0;
	}
	.optgroup button.button {
		padding-left: 12px;
		padding-right: 12px;
	}
	.linklist {
		list-style: none;
		margin: 0.5em 0;
		padding: 0;
	}
	.linklist li {
		padding: 2px 0;
	}
	.sidebar {
		float: left;
		width: 320px;
	}
	.bar-wrapper {
		max-width: 1100px;
		margin: 0 auto;
	}
	.bar-wrapper.has-sidebar {
		max-width: 1430px;
	}
	.mainbar {
		margin: 0;
		padding-right: 1px;
	}
	.mainbar.has-sidebar {
		margin-left: 330px;
	}
	@media (min-width: 1511px) {
		.sidebar {
			width: 400px;
		}
		.bar-wrapper.has-sidebar {
			max-width: 1510px;
		}
		.mainbar.has-sidebar {
			margin-left: 410px;
		}
	}
	.section.first-section {
		margin-top: 9px;
	}
	.blocklink small {
		white-space: normal;
	}
	.button {
		vertical-align: middle;
	}
	.replay-controls {
		padding-top: 10px;
	}
	.replay-controls h1 {
		font-size: 16pt;
		font-weight: normal;
		color: #CCC;
	}
	.pagelink {
		text-align: center;
	}
	.pagelink a {
		width: 150px;
	}
	.textbox, .button {
		font-size: 11pt;
		vertical-align: middle;
	}
	@media (max-width: 450px) {
		.button {
			font-size: 9pt;
		}
	}
</style>

<div>

	<header>
		<div class="nav-wrapper"><ul class="nav">
			<li><a class="button nav-first" href="//pokemonshowdown.com/"><img src="//pokemonshowdown.com/images/pokemonshowdownbeta.png" srcset="//pokemonshowdown.com/images/pokemonshowdownbeta.png 1x, //pokemonshowdown.com/images/pokemonshowdownbeta@2x.png 2x" alt="Pok&eacute;mon Showdown" width="146" height="44" /> Home</a></li>
			<li><a class="button" href="//pokemonshowdown.com/dex/">Pok&eacute;dex</a></li>
			<li><a class="button cur" href="/">Replays</a></li>
			<li><a class="button" href="//pokemonshowdown.com/ladder/">Ladder</a></li>
			<li><a class="button nav-last" href="//pokemonshowdown.com/forums/">Forum</a></li>
			<li><a class="button greenbutton nav-first nav-last" href="//play.pokemonshowdown.com/">Play</a></li>
		</ul></div>
	</header>

	<div class="main" id="main">

		<noscript><section class="section">You need to enable JavaScript to use this page; sorry!</section></noscript>

	</div>

</div>

<script defer nomodule src="//play.pokemonshowdown.com/js/lib/ps-polyfill.js"></script>
<script defer src="//play.pokemonshowdown.com/js/lib/preact.min.js"></script>

<script defer src="//play.pokemonshowdown.com/config/config.js?6dec07f6"></script>
<script defer src="//play.pokemonshowdown.com/js/lib/jquery-1.11.0.min.js"></script>
<script defer src="//play.pokemonshowdown.com/js/lib/html-sanitizer-minified.js"></script>
<script defer src="//play.pokemonshowdown.com/js/battle-sound.js"></script>
<script defer src="//play.pokemonshowdown.com/js/battledata.js?0.6315294753075389"></script>
<script defer src="//play.pokemonshowdown.com/data/pokedex-mini.js?0.7603743185311358"></script>
<script defer src="//play.pokemonshowdown.com/data/pokedex-mini-bw.js?0.030888842834281283"></script>
<script defer src="//play.pokemonshowdown.com/data/graphics.js?0.05593094747507488"></script>
<script defer src="//play.pokemonshowdown.com/data/pokedex.js?0.47064822249611904"></script>
<script defer src="//play.pokemonshowdown.com/data/moves.js?0.8583693120512459"></script>
<script defer src="//play.pokemonshowdown.com/data/abilities.js?0.16017181182386842"></script>
<script defer src="//play.pokemonshowdown.com/data/items.js?0.4163379185673943"></script>
<script defer src="//play.pokemonshowdown.com/data/teambuilder-tables.js?0.31075597372830477"></script>
<script defer src="//play.pokemonshowdown.com/js/battle-tooltips.js?0.6536193500708172"></script>
<script defer src="//play.pokemonshowdown.com/js/battle.js?0.1916591943277901"></script>

<script defer src="js/utils.js?e31f9a17"></script>
<script defer src="js/replays-battle.js?7008c182"></script>

<!-- don't scrape this data! just add .json or .log after the URL!
Full API docs: https://github.com/smogon/pokemon-showdown-client/blob/master/WEB-API.md -->
<script type="text/plain" class="log" id="replaylog-smogtours-gen3ou-794017">
|inactive|Battle timer is ON: inactive players will automatically lose when time's up.
|t:|1727897263
|gametype|singles
|player|p1|jeem16|alder|
|player|p2|ProfessorKid|2|
|teamsize|p1|6
|teamsize|p2|6
|gen|3
|tier|[Gen 3] OU
|rule|Sleep Clause Mod: Limit one foe put to sleep
|rule|Switch Priority Clause Mod: Faster Pokémon switch first
|rule|Species Clause: Limit one of each Pokémon
|rule|OHKO Clause: OHKO moves are banned
|rule|Evasion Items Clause: Evasion items are banned
|rule|Evasion Moves Clause: Evasion moves are banned
|rule|Endless Battle Clause: Forcing endless battles is banned
|rule|HP Percentage Mod: HP is shown in percentages
|rule|One Boost Passer Clause: Limit one Baton Passer that has a way to boost its stats
|rule|Freeze Clause Mod: Limit one foe frozen
|
|t:|1727897263
|start
|switch|p1a: Titan|Forretress, M|100/100
|switch|p2a: Salamence|Salamence, F|100/100
|-ability|p2a: Salamence|Intimidate|boost
|-unboost|p1a: Titan|atk|1
|turn|1
|inactive|ProfessorKid has 270 seconds left.
|
|t:|1727897298
|switch|p2a: Breloom|Breloom, F|100/100
|move|p1a: Titan|Protect||[still]
|-fail|p1a: Titan
|
|upkeep
|turn|2
|
|t:|1727897316
|move|p2a: Breloom|Substitute|p2a: Breloom
|-start|p2a: Breloom|Substitute
|-damage|p2a: Breloom|76/100
|move|p1a: Titan|Spikes|p2a: Breloom
|-sidestart|p2: ProfessorKid|Spikes
|
|-heal|p2a: Breloom|82/100|[from] item: Leftovers
|upkeep
|turn|3
|inactive|jeem16 has 270 seconds left.
|
|t:|1727897344
|switch|p1a: Jusa spring onion|Celebi|100/100
|move|p2a: Breloom|Spore|p1a: Jusa spring onion
|-status|p1a: Jusa spring onion|slp|[from] move: Spore
|
|-heal|p2a: Breloom|88/100|[from] item: Leftovers
|upkeep
|turn|4
|
|t:|1727897352
|-singleturn|p2a: Breloom|move: Focus Punch
|cant|p1a: Jusa spring onion|slp
|move|p2a: Breloom|Focus Punch|p1a: Jusa spring onion
|-resisted|p1a: Jusa spring onion
|-damage|p1a: Jusa spring onion|66/100 slp
|
|-heal|p2a: Breloom|94/100|[from] item: Leftovers
|-heal|p1a: Jusa spring onion|72/100 slp|[from] item: Leftovers
|upkeep
|turn|5
|
|t:|1727897373
|switch|p2a: Jirachi|Jirachi|100/100
|-damage|p2a: Jirachi|88/100|[from] Spikes
|-curestatus|p1a: Jusa spring onion|slp|[from] ability: Natural Cure
|switch|p1a: Titan|Forretress, M|100/100
|
|-heal|p2a: Jirachi|94/100|[from] item: Leftovers
|upkeep
|turn|6
|inactive|jeem16 has 270 seconds left.
|inactive|jeem16 has 240 seconds left.
|
|t:|1727897424
|move|p2a: Jirachi|Substitute|p2a: Jirachi
|-start|p2a: Jirachi|Substitute
|-damage|p2a: Jirachi|69/100
|move|p1a: Titan|Explosion|p2a: Jirachi
|-resisted|p2a: Jirachi
|-end|p2a: Jirachi|Substitute
|faint|p1a: Titan
|
|t:|1727897430
|switch|p1a: Backsweep Boys|Dugtrio, M|100/100
|
|-heal|p2a: Jirachi|75/100|[from] item: Leftovers
|upkeep
|turn|7
|
|t:|1727897438
|move|p1a: Backsweep Boys|Earthquake|p2a: Jirachi
|-supereffective|p2a: Jirachi
|-damage|p2a: Jirachi|0 fnt
|faint|p2a: Jirachi
|
|t:|1727897451
|switch|p2a: Salamence|Salamence, F|100/100
|-ability|p2a: Salamence|Intimidate|boost
|-unboost|p1a: Backsweep Boys|atk|1
|
|upkeep
|turn|8
|
|t:|1727897461
|switch|p1a: Pato|Ludicolo, F|100/100
|move|p2a: Salamence|Dragon Dance|p2a: Salamence
|-boost|p2a: Salamence|atk|1
|-boost|p2a: Salamence|spe|1
|
|upkeep
|turn|9
|inactive|jeem16 has 240 seconds left.
|inactive|jeem16 has 210 seconds left.
|
|t:|1727897522
|move|p2a: Salamence|Hidden Power|p1a: Pato
|-supereffective|p1a: Pato
|-damage|p1a: Pato|0 fnt
|faint|p1a: Pato
|
|t:|1727897525
|switch|p1a: Jolteon|Jolteon, M|100/100
|
|upkeep
|turn|10
|
|t:|1727897533
|move|p2a: Salamence|Earthquake|p1a: Jolteon
|-supereffective|p1a: Jolteon
|-damage|p1a: Jolteon|0 fnt
|faint|p1a: Jolteon
|
|t:|1727897538
|switch|p1a: Bubbles|Kingdra, M|100/100
|
|upkeep
|turn|11
|inactive|ProfessorKid has 270 seconds left.
|
|t:|1727897585
|switch|p2a: Blissey|Blissey, F|100/100
|-damage|p2a: Blissey|88/100|[from] Spikes
|move|p1a: Bubbles|Rain Dance|p1a: Bubbles
|-weather|RainDance
|
|-weather|RainDance|[upkeep]
|-heal|p2a: Blissey|94/100|[from] item: Leftovers
|upkeep
|turn|12
|
|t:|1727897594
|move|p1a: Bubbles|Surf|p2a: Blissey
|-damage|p2a: Blissey|69/100
|move|p2a: Blissey|Toxic|p1a: Bubbles
|-status|p1a: Bubbles|tox
|
|-weather|RainDance|[upkeep]
|-damage|p1a: Bubbles|95/100 tox|[from] psn
|-heal|p2a: Blissey|75/100|[from] item: Leftovers
|upkeep
|turn|13
|inactive|jeem16 has 240 seconds left.
|inactive|ProfessorKid has 270 seconds left.
|
|t:|1727897605
|switch|p1a: Backsweep Boys|Dugtrio, M|100/100
|move|p2a: Blissey|Wish|p2a: Blissey
|
|-weather|RainDance|[upkeep]
|-heal|p2a: Blissey|81/100|[from] item: Leftovers
|upkeep
|turn|14
|inactive|ProfessorKid has 270 seconds left.
|
|t:|1727897613
|move|p1a: Backsweep Boys|Earthquake|p2a: Blissey
|-damage|p2a: Blissey|29/100
|move|p2a: Blissey|Toxic|p1a: Backsweep Boys
|-status|p1a: Backsweep Boys|tox
|
|-heal|p2a: Blissey|79/100|[from] move: Wish|[wisher] Blissey
|-weather|RainDance|[upkeep]
|-damage|p1a: Backsweep Boys|94/100 tox|[from] psn
|-heal|p2a: Blissey|85/100|[from] item: Leftovers
|upkeep
|turn|15
|
|t:|1727897622
|move|p2a: Blissey|Protect|p2a: Blissey
|-singleturn|p2a: Blissey|Protect
|move|p1a: Backsweep Boys|Earthquake|p2a: Blissey
|-activate|p2a: Blissey|Protect
|
|-weather|none
|-damage|p1a: Backsweep Boys|82/100 tox|[from] psn
|-heal|p2a: Blissey|91/100|[from] item: Leftovers
|upkeep
|turn|16
|
|t:|1727897627
|move|p1a: Backsweep Boys|Earthquake|p2a: Blissey
|-damage|p2a: Blissey|41/100
|move|p2a: Blissey|Wish|p2a: Blissey
|
|-damage|p1a: Backsweep Boys|64/100 tox|[from] psn
|-heal|p2a: Blissey|47/100|[from] item: Leftovers
|upkeep
|turn|17
|inactive|jeem16 has 270 seconds left.
|
|t:|1727897633
|move|p2a: Blissey|Protect|p2a: Blissey
|-singleturn|p2a: Blissey|Protect
|move|p1a: Backsweep Boys|Earthquake|p2a: Blissey
|-activate|p2a: Blissey|Protect
|
|-heal|p2a: Blissey|97/100|[from] move: Wish|[wisher] Blissey
|-damage|p1a: Backsweep Boys|39/100 tox|[from] psn
|-heal|p2a: Blissey|100/100|[from] item: Leftovers
|upkeep
|turn|18
|
|t:|1727897638
|move|p1a: Backsweep Boys|Earthquake|p2a: Blissey
|-damage|p2a: Blissey|55/100
|move|p2a: Blissey|Wish|p2a: Blissey
|
|-damage|p1a: Backsweep Boys|8/100 tox|[from] psn
|-heal|p2a: Blissey|61/100|[from] item: Leftovers
|upkeep
|turn|19
|c|☆jeem16|not a good matchup for me this game :P
|
|t:|1727897645
|move|p2a: Blissey|Protect|p2a: Blissey
|-singleturn|p2a: Blissey|Protect
|move|p1a: Backsweep Boys|Earthquake|p2a: Blissey
|-activate|p2a: Blissey|Protect
|
|-heal|p2a: Blissey|100/100|[from] move: Wish|[wisher] Blissey
|-damage|p1a: Backsweep Boys|0 fnt|[from] psn
|faint|p1a: Backsweep Boys
|upkeep
|
|t:|1727897648
|switch|p1a: Jusa spring onion|Celebi|72/100
|turn|20
|c|☆ProfessorKid|ye
|
|t:|1727897653
|move|p1a: Jusa spring onion|Calm Mind|p1a: Jusa spring onion
|-boost|p1a: Jusa spring onion|spa|1
|-boost|p1a: Jusa spring onion|spd|1
|move|p2a: Blissey|Toxic|p1a: Jusa spring onion
|-status|p1a: Jusa spring onion|tox
|
|-heal|p1a: Jusa spring onion|78/100 tox|[from] item: Leftovers
|-damage|p1a: Jusa spring onion|72/100 tox|[from] psn
|upkeep
|turn|21
|
|t:|1727897660
|move|p1a: Jusa spring onion|Calm Mind|p1a: Jusa spring onion
|-boost|p1a: Jusa spring onion|spa|1
|-boost|p1a: Jusa spring onion|spd|1
|move|p2a: Blissey|Seismic Toss|p1a: Jusa spring onion
|-damage|p1a: Jusa spring onion|46/100 tox
|
|-heal|p1a: Jusa spring onion|52/100 tox|[from] item: Leftovers
|-damage|p1a: Jusa spring onion|40/100 tox|[from] psn
|upkeep
|turn|22
|
|t:|1727897668
|move|p1a: Jusa spring onion|Baton Pass|p1a: Jusa spring onion
|
|t:|1727897669
|-curestatus|p1a: Jusa spring onion|tox|[from] ability: Natural Cure
|switch|p1a: Bubbles|Kingdra, M|95/100 tox|[from] Baton Pass
|move|p2a: Blissey|Seismic Toss|p1a: Bubbles
|-damage|p1a: Bubbles|66/100 tox
|
|-heal|p1a: Bubbles|72/100 tox|[from] item: Leftovers
|-damage|p1a: Bubbles|66/100 tox|[from] psn
|upkeep
|turn|23
|
|t:|1727897675
|move|p1a: Bubbles|Rain Dance|p1a: Bubbles
|-weather|RainDance
|move|p2a: Blissey|Seismic Toss|p1a: Bubbles
|-damage|p1a: Bubbles|38/100 tox
|
|-weather|RainDance|[upkeep]
|-heal|p1a: Bubbles|44/100 tox|[from] item: Leftovers
|-damage|p1a: Bubbles|32/100 tox|[from] psn
|upkeep
|turn|24
|
|t:|1727897680
|move|p2a: Blissey|Protect|p2a: Blissey
|-singleturn|p2a: Blissey|Protect
|move|p1a: Bubbles|Surf|p2a: Blissey
|-activate|p2a: Blissey|Protect
|
|-weather|RainDance|[upkeep]
|-heal|p1a: Bubbles|38/100 tox|[from] item: Leftovers
|-damage|p1a: Bubbles|20/100 tox|[from] psn
|upkeep
|turn|25
|
|t:|1727897686
|move|p1a: Bubbles|Surf|p2a: Blissey
|-damage|p2a: Blissey|51/100
|move|p2a: Blissey|Wish|p2a: Blissey
|
|-weather|RainDance|[upkeep]
|-heal|p1a: Bubbles|26/100 tox|[from] item: Leftovers
|-damage|p1a: Bubbles|2/100 tox|[from] psn
|-heal|p2a: Blissey|58/100|[from] item: Leftovers
|upkeep
|turn|26
|
|t:|1727897690
|move|p2a: Blissey|Protect|p2a: Blissey
|-singleturn|p2a: Blissey|Protect
|move|p1a: Bubbles|Surf|p2a: Blissey
|-activate|p2a: Blissey|Protect
|
|-heal|p2a: Blissey|100/100|[from] move: Wish|[wisher] Blissey
|-weather|RainDance|[upkeep]
|-heal|p1a: Bubbles|8/100 tox|[from] item: Leftovers
|-damage|p1a: Bubbles|0 fnt|[from] psn
|faint|p1a: Bubbles
|upkeep
|
|t:|1727897692
|switch|p1a: Jusa spring onion|Celebi|40/100
|turn|27
|
|t:|1727897694
|move|p1a: Jusa spring onion|Psychic|p2a: Blissey
|-damage|p2a: Blissey|89/100
|move|p2a: Blissey|Toxic|p1a: Jusa spring onion|[miss]
|-miss|p2a: Blissey|p1a: Jusa spring onion
|
|-weather|none
|-heal|p1a: Jusa spring onion|46/100|[from] item: Leftovers
|-heal|p2a: Blissey|95/100|[from] item: Leftovers
|upkeep
|turn|28
|
|t:|1727897698
|move|p1a: Jusa spring onion|Calm Mind|p1a: Jusa spring onion
|-boost|p1a: Jusa spring onion|spa|1
|-boost|p1a: Jusa spring onion|spd|1
|move|p2a: Blissey|Toxic|p1a: Jusa spring onion
|-status|p1a: Jusa spring onion|tox
|
|-heal|p1a: Jusa spring onion|52/100 tox|[from] item: Leftovers
|-damage|p1a: Jusa spring onion|46/100 tox|[from] psn
|-heal|p2a: Blissey|100/100|[from] item: Leftovers
|upkeep
|turn|29
|
|t:|1727897702
|move|p1a: Jusa spring onion|Psychic|p2a: Blissey
|-damage|p2a: Blissey|82/100
|move|p2a: Blissey|Seismic Toss|p1a: Jusa spring onion
|-damage|p1a: Jusa spring onion|20/100 tox
|
|-heal|p1a: Jusa spring onion|26/100 tox|[from] item: Leftovers
|-damage|p1a: Jusa spring onion|14/100 tox|[from] psn
|-heal|p2a: Blissey|89/100|[from] item: Leftovers
|upkeep
|turn|30
|
|t:|1727897704
|move|p1a: Jusa spring onion|Psychic|p2a: Blissey
|-damage|p2a: Blissey|72/100
|move|p2a: Blissey|Seismic Toss|p1a: Jusa spring onion
|-damage|p1a: Jusa spring onion|0 fnt
|faint|p1a: Jusa spring onion
|
|win|ProfessorKid
|c|☆jeem16|ggwp!
|c|☆ProfessorKid|gg

</script>
<script type="application/json" class="data" id="replaydata-smogtours-gen3ou-794017">
{"id":"smogtours-gen3ou-794017","format":"[Gen 3] OU","players":["jeem16","ProfessorKid"],"uploadtime":1727897704,"views":128,"formatid":"gen3ou","rating":null,"private":0,"password":null}
</script>

<script defer src="js/replays.js?9d40a366"></script>
