<!DOCTYPE html>
<meta charset="utf-8" />
<meta name="viewport" content="width=device-width" />

<title>[Gen 3] OU: stypur vs. GoldThe1andOnly - Replays - Pok&eacute;mon Showdown!</title>

<meta name="description" content="Watch a replay of a Pok&eacute;mon battle between stypur and GoldThe1andOnly! Format: [Gen 3] OU; Date: Oct 27, 2024" />
<!--

Hey, you! Looking in the source for the replay log?

You can find them in JSON format, just add `.json` at the end of a replay URL.

https://replay.pokemonshowdown.com/gen7randomdoublesbattle-865046831.json

Or, if you only need the log itself, add `.log` instead:

https://replay.pokemonshowdown.com/gen7randomdoublesbattle-865046831.log

-->

<link rel="stylesheet" href="//pokemonshowdown.com/style/global.css?0.023195364461161105" />
<link rel="stylesheet" href="//play.pokemonshowdown.com/style/font-awesome.css?0.13261647063804238" />
<link rel="stylesheet" href="//play.pokemonshowdown.com/style/battle.css?0.8753245789963631" />
<link rel="stylesheet" href="//play.pokemonshowdown.com/style/utilichart.css?0.8627959624976733" />

<!-- Global site tag (gtag.js) - Google Analytics -->
<script async src="https://www.googletagmanager.com/gtag/js?id=UA-26211653-1"></script>
<script>
  window.dataLayer = window.dataLayer || [];
  function gtag(){dataLayer.push(arguments);}
  gtag('js', new Date());

  gtag('config', 'UA-26211653-1');
</script>
<!-- End Google Analytics -->
<!-- Venatus Ad Manager - Install in <HEAD> of page -->
	<script src="https://hb.vntsm.com/v3/live/ad-manager.min.js" type="text/javascript" data-site-id="642aba63ec9a7b11c3c9c1be" data-mode="scan" async></script>
<!-- / Venatus Ad Manager -->

<style>
	@media (max-width:820px) {
		.battle {
			margin: 0 auto;
		}
		.battle-log {
			margin: 7px auto 0;
			max-width: 640px;
			height: 300px;
			position: static;
		}
	}
	.optgroup {
		display: inline-block;
		line-height: 22px;
		font-size: 10pt;
	}
	.optgroup .button {
		height: 25px;
		padding-top: 0;
		padding-bottom: 0;
	}
	.optgroup button.button {
		padding-left: 12px;
		padding-right: 12px;
	}
	.linklist {
		list-style: none;
		margin: 0.5em 0;
		padding: 0;
	}
	.linklist li {
		padding: 2px 0;
	}
	.sidebar {
		float: left;
		width: 320px;
	}
	.bar-wrapper {
		max-width: 1100px;
		margin: 0 auto;
	}
	.bar-wrapper.has-sidebar {
		max-width: 1430px;
	}
	.mainbar {
		margin: 0;
		padding-right: 1px;
	}
	.mainbar.has-sidebar {
		margin-left: 330px;
	}
	@media (min-width: 1511px) {
		.sidebar {
			width: 400px;
		}
		.bar-wrapper.has-sidebar {
			max-width: 1510px;
		}
		.mainbar.has-sidebar {
			margin-left: 410px;
		}
	}
	.section.first-section {
		margin-top: 9px;
	}
	.blocklink small {
		white-space: normal;
	}
	.button {
		vertical-align: middle;
	}
	.replay-controls {
		padding-top: 10px;
	}
	.replay-controls h1 {
		font-size: 16pt;
		font-weight: normal;
		color: #CCC;
	}
	.pagelink {
		text-align: center;
	}
	.pagelink a {
		width: 150px;
	}
	.textbox, .button {
		font-size: 11pt;
		vertical-align: middle;
	}
	@media (max-width: 450px) {
		.button {
			font-size: 9pt;
		}
	}
</style>

<div>

	<header>
		<div class="nav-wrapper"><ul class="nav">
			<li><a class="button nav-first" href="//pokemonshowdown.com/"><img src="//pokemonshowdown.com/images/pokemonshowdownbeta.png" srcset="//pokemonshowdown.com/images/pokemonshowdownbeta.png 1x, //pokemonshowdown.com/images/pokemonshowdownbeta@2x.png 2x" alt="Pok&eacute;mon Showdown" width="146" height="44" /> Home</a></li>
			<li><a class="button" href="//pokemonshowdown.com/dex/">Pok&eacute;dex</a></li>
			<li><a class="button cur" href="/">Replays</a></li>
			<li><a class="button" href="//pokemonshowdown.com/ladder/">Ladder</a></li>
			<li><a class="button nav-last" href="//pokemonshowdown.com/forums/">Forum</a></li>
			<li><a class="button greenbutton nav-first nav-last" href="//play.pokemonshowdown.com/">Play</a></li>
		</ul></div>
	</header>

	<div class="main" id="main">

		<noscript><section class="section">You need to enable JavaScript to use this page; sorry!</section></noscript>

	</div>

</div>

<script defer nomodule src="//play.pokemonshowdown.com/js/lib/ps-polyfill.js"></script>
<script defer src="//play.pokemonshowdown.com/js/lib/preact.min.js"></script>

<script defer src="//play.pokemonshowdown.com/config/config.js?2bddbc15"></script>
<script defer src="//play.pokemonshowdown.com/js/lib/jquery-1.11.0.min.js"></script>
<script defer src="//play.pokemonshowdown.com/js/lib/html-sanitizer-minified.js"></script>
<script defer src="//play.pokemonshowdown.com/js/battle-sound.js"></script>
<script defer src="//play.pokemonshowdown.com/js/battledata.js?0.7209276989879541"></script>
<script defer src="//play.pokemonshowdown.com/data/pokedex-mini.js?0.6111056340867951"></script>
<script defer src="//play.pokemonshowdown.com/data/pokedex-mini-bw.js?0.3532142036491459"></script>
<script defer src="//play.pokemonshowdown.com/data/graphics.js?0.24223875632456182"></script>
<script defer src="//play.pokemonshowdown.com/data/pokedex.js?0.38839984266356864"></script>
<script defer src="//play.pokemonshowdown.com/data/moves.js?0.21866028504024015"></script>
<script defer src="//play.pokemonshowdown.com/data/abilities.js?0.2005157953846628"></script>
<script defer src="//play.pokemonshowdown.com/data/items.js?0.9894211263848525"></script>
<script defer src="//play.pokemonshowdown.com/data/teambuilder-tables.js?0.6008791140282215"></script>
<script defer src="//play.pokemonshowdown.com/js/battle-tooltips.js?0.7580118955022959"></script>
<script defer src="//play.pokemonshowdown.com/js/battle.js?0.6057722274234274"></script>

<script defer src="js/utils.js?e31f9a17"></script>
<script defer src="js/replays-battle.js?7008c182"></script>

<!-- don't scrape this data! just add .json or .log after the URL!
Full API docs: https://github.com/smogon/pokemon-showdown-client/blob/master/WEB-API.md -->
<script type="text/plain" class="log" id="replaylog-smogtours-gen3ou-802354">
|inactive|Battle timer is ON: inactive players will automatically lose when time's up.
|t:|1729987254
|gametype|singles
|player|p1|stypur|swimmerf|
|player|p2|GoldThe1andOnly|elesa-masters|
|teamsize|p1|6
|teamsize|p2|6
|gen|3
|tier|[Gen 3] OU
|rule|Sleep Clause Mod: Limit one foe put to sleep
|rule|Switch Priority Clause Mod: Faster Pokémon switch first
|rule|Species Clause: Limit one of each Pokémon
|rule|OHKO Clause: OHKO moves are banned
|rule|Evasion Items Clause: Evasion items are banned
|rule|Evasion Moves Clause: Evasion moves are banned
|rule|Endless Battle Clause: Forcing endless battles is banned
|rule|HP Percentage Mod: HP is shown in percentages
|rule|One Boost Passer Clause: Limit one Baton Passer that has a way to boost its stats
|rule|Freeze Clause Mod: Limit one foe frozen
|
|t:|1729987254
|start
|switch|p1a: Hariyama|Hariyama, M|100/100
|switch|p2a: Zapdos|Zapdos|100/100
|turn|1
|
|t:|1729987260
|move|p2a: Zapdos|Substitute|p2a: Zapdos
|-start|p2a: Zapdos|Substitute
|-damage|p2a: Zapdos|76/100
|move|p1a: Hariyama|Knock Off|p2a: Zapdos
|-activate|p2a: Zapdos|Substitute|[damage]
|
|-heal|p2a: Zapdos|82/100|[from] item: Leftovers
|upkeep
|turn|2
|
|t:|1729987265
|-singleturn|p1a: Hariyama|move: Focus Punch
|move|p2a: Zapdos|Baton Pass|p2a: Zapdos
|
|t:|1729987273
|switch|p2a: Celebi|Celebi|100/100|[from] Baton Pass
|move|p1a: Hariyama|Focus Punch|p2a: Celebi
|-resisted|p2a: Celebi
|-end|p2a: Celebi|Substitute
|
|upkeep
|turn|3
|
|t:|1729987282
|move|p2a: Celebi|Leech Seed|p1a: Hariyama
|-start|p1a: Hariyama|move: Leech Seed
|move|p1a: Hariyama|Hidden Power|p2a: Celebi
|-supereffective|p2a: Celebi
|-damage|p2a: Celebi|20/100
|
|-heal|p2a: Celebi|26/100|[from] item: Leftovers
|-damage|p1a: Hariyama|88/100|[from] Leech Seed|[of] p2a: Celebi
|-heal|p2a: Celebi|39/100|[silent]
|upkeep
|turn|4
|
|t:|1729987289
|move|p2a: Celebi|Baton Pass|p2a: Celebi
|
|t:|1729987291
|switch|p2a: Starmie|Starmie|100/100|[from] Baton Pass
|move|p1a: Hariyama|Knock Off|p2a: Starmie
|-supereffective|p2a: Starmie
|-crit|p2a: Starmie
|-damage|p2a: Starmie|88/100
|-enditem|p2a: Starmie|Leftovers|[from] move: Knock Off|[of] p1a: Hariyama
|-hint|In Gens 3-4, Knock Off only makes the target's item unusable; it cannot obtain a new item.
|
|-heal|p1a: Hariyama|94/100|[from] item: Leftovers
|-damage|p1a: Hariyama|82/100|[from] Leech Seed|[of] p2a: Starmie
|-heal|p2a: Starmie|100/100|[silent]
|upkeep
|turn|5
|
|t:|1729987308
|switch|p1a: Celebi|Celebi|100/100
|move|p2a: Starmie|Thunder Wave|p1a: Celebi
|-status|p1a: Celebi|par
|
|upkeep
|turn|6
|
|t:|1729987314
|switch|p2a: Zapdos|Zapdos|82/100
|-curestatus|p1a: Celebi|par|[from] ability: Natural Cure
|switch|p1a: Hariyama|Hariyama, M|82/100
|
|-heal|p2a: Zapdos|88/100|[from] item: Leftovers
|-heal|p1a: Hariyama|88/100|[from] item: Leftovers
|upkeep
|turn|7
|
|t:|1729987320
|-singleturn|p1a: Hariyama|move: Focus Punch
|move|p2a: Zapdos|Substitute|p2a: Zapdos
|-start|p2a: Zapdos|Substitute
|-damage|p2a: Zapdos|63/100
|move|p1a: Hariyama|Focus Punch|p2a: Zapdos
|-resisted|p2a: Zapdos
|-end|p2a: Zapdos|Substitute
|
|-heal|p2a: Zapdos|69/100|[from] item: Leftovers
|-heal|p1a: Hariyama|94/100|[from] item: Leftovers
|upkeep
|turn|8
|
|t:|1729987329
|switch|p1a: Celebi|Celebi|100/100
|move|p2a: Zapdos|Substitute|p2a: Zapdos
|-start|p2a: Zapdos|Substitute
|-damage|p2a: Zapdos|44/100
|
|-heal|p2a: Zapdos|51/100|[from] item: Leftovers
|upkeep
|turn|9
|
|t:|1729987340
|move|p2a: Zapdos|Baton Pass|p2a: Zapdos
|
|t:|1729987358
|switch|p2a: Metagross|Metagross|100/100|[from] Baton Pass
|move|p1a: Celebi|Psychic|p2a: Metagross
|-resisted|p2a: Metagross
|-activate|p2a: Metagross|Substitute|[damage]
|
|upkeep
|turn|10
|
|t:|1729987369
|switch|p1a: Jirachi|Jirachi|100/100
|move|p2a: Metagross|Meteor Mash|p1a: Jirachi
|-resisted|p1a: Jirachi
|-damage|p1a: Jirachi|78/100
|
|-heal|p1a: Jirachi|85/100|[from] item: Leftovers
|upkeep
|turn|11
|
|t:|1729987378
|move|p1a: Jirachi|Protect|p1a: Jirachi
|-singleturn|p1a: Jirachi|Protect
|move|p2a: Metagross|Agility|p2a: Metagross
|-boost|p2a: Metagross|spe|2
|
|-heal|p1a: Jirachi|91/100|[from] item: Leftovers
|upkeep
|turn|12
|
|t:|1729987380
|move|p2a: Metagross|Earthquake|p1a: Jirachi
|-supereffective|p1a: Jirachi
|-damage|p1a: Jirachi|36/100
|move|p1a: Jirachi|Fire Punch|p2a: Metagross
|-supereffective|p2a: Metagross
|-end|p2a: Metagross|Substitute
|
|-heal|p1a: Jirachi|43/100|[from] item: Leftovers
|upkeep
|turn|13
|
|t:|1729987386
|move|p1a: Jirachi|Protect|p1a: Jirachi
|-singleturn|p1a: Jirachi|Protect
|move|p2a: Metagross|Earthquake|p1a: Jirachi
|-activate|p1a: Jirachi|Protect
|
|-heal|p1a: Jirachi|49/100|[from] item: Leftovers
|upkeep
|turn|14
|
|t:|1729987394
|switch|p1a: Salamence|Salamence, M|100/100
|-ability|p1a: Salamence|Intimidate|boost
|-fail|p2a: Metagross|unboost|[from] ability: Clear Body|[of] p2a: Metagross
|move|p2a: Metagross|Earthquake|p1a: Salamence
|-immune|p1a: Salamence
|
|upkeep
|turn|15
|
|t:|1729987401
|switch|p2a: Starmie|Starmie|100/100
|move|p1a: Salamence|Flamethrower|p2a: Starmie
|-resisted|p2a: Starmie
|-damage|p2a: Starmie|87/100
|
|upkeep
|turn|16
|inactive|GoldThe1andOnly has 270 seconds left.
|inactive|GoldThe1andOnly has 240 seconds left.
|
|t:|1729987485
|switch|p1a: Celebi|Celebi|100/100
|move|p2a: Starmie|Thunder Wave|p1a: Celebi
|-status|p1a: Celebi|par
|
|upkeep
|turn|17
|
|t:|1729987504
|switch|p2a: Metagross|Metagross|100/100
|-curestatus|p1a: Celebi|par|[from] ability: Natural Cure
|switch|p1a: Salamence|Salamence, M|100/100
|-ability|p1a: Salamence|Intimidate|boost
|-fail|p2a: Metagross|unboost|[from] ability: Clear Body|[of] p2a: Metagross
|
|upkeep
|turn|18
|inactive|GoldThe1andOnly has 210 seconds left.
|
|t:|1729987521
|switch|p2a: Starmie|Starmie|87/100
|move|p1a: Salamence|Toxic|p2a: Starmie|[miss]
|-miss|p1a: Salamence|p2a: Starmie
|
|upkeep
|turn|19
|inactive|GoldThe1andOnly has 210 seconds left.
|
|t:|1729987546
|switch|p2a: Zapdos|Zapdos|51/100
|move|p1a: Salamence|Toxic|p2a: Zapdos
|-status|p2a: Zapdos|tox
|
|-heal|p2a: Zapdos|57/100 tox|[from] item: Leftovers
|-damage|p2a: Zapdos|51/100 tox|[from] psn
|upkeep
|turn|20
|
|t:|1729987552
|move|p1a: Salamence|Protect|p1a: Salamence
|-singleturn|p1a: Salamence|Protect
|move|p2a: Zapdos|Hidden Power|p1a: Salamence
|-activate|p1a: Salamence|Protect
|
|-heal|p2a: Zapdos|57/100 tox|[from] item: Leftovers
|-damage|p2a: Zapdos|44/100 tox|[from] psn
|upkeep
|turn|21
|
|t:|1729987559
|switch|p1a: Jirachi|Jirachi|49/100
|move|p2a: Zapdos|Substitute|p2a: Zapdos
|-start|p2a: Zapdos|Substitute
|-damage|p2a: Zapdos|20/100 tox
|
|-heal|p2a: Zapdos|26/100 tox|[from] item: Leftovers
|-damage|p2a: Zapdos|7/100 tox|[from] psn
|-heal|p1a: Jirachi|55/100|[from] item: Leftovers
|upkeep
|turn|22
|
|t:|1729987566
|move|p2a: Zapdos|Baton Pass|p2a: Zapdos
|
|t:|1729987576
|switch|p2a: Heracross|Heracross, M|100/100|[from] Baton Pass
|move|p1a: Jirachi|Fire Punch|p2a: Heracross
|-supereffective|p2a: Heracross
|-end|p2a: Heracross|Substitute
|
|-heal|p1a: Jirachi|61/100|[from] item: Leftovers
|upkeep
|turn|23
|
|t:|1729987588
|switch|p2a: Tyranitar|Tyranitar, M|100/100
|-weather|Sandstorm|[from] ability: Sand Stream|[of] p2a: Tyranitar
|switch|p1a: Salamence|Salamence, M|100/100
|-ability|p1a: Salamence|Intimidate|boost
|-unboost|p2a: Tyranitar|atk|1
|
|-weather|Sandstorm|[upkeep]
|-damage|p1a: Salamence|94/100|[from] Sandstorm
|-heal|p1a: Salamence|100/100|[from] item: Leftovers
|upkeep
|turn|24
|
|t:|1729987603
|switch|p1a: Hariyama|Hariyama, M|94/100
|move|p2a: Tyranitar|Crunch|p1a: Hariyama
|-resisted|p1a: Hariyama
|-damage|p1a: Hariyama|73/100
|
|-weather|Sandstorm|[upkeep]
|-damage|p1a: Hariyama|67/100|[from] Sandstorm
|-heal|p1a: Hariyama|73/100|[from] item: Leftovers
|upkeep
|turn|25
|
|t:|1729987622
|switch|p2a: Starmie|Starmie|87/100
|move|p1a: Hariyama|Hidden Power|p2a: Starmie
|-supereffective|p2a: Starmie
|-damage|p2a: Starmie|29/100
|
|-weather|Sandstorm|[upkeep]
|-damage|p2a: Starmie|23/100|[from] Sandstorm
|-damage|p1a: Hariyama|67/100|[from] Sandstorm
|-heal|p1a: Hariyama|73/100|[from] item: Leftovers
|upkeep
|turn|26
|
|t:|1729987631
|switch|p1a: Celebi|Celebi|100/100
|move|p2a: Starmie|Recover|p2a: Starmie
|-heal|p2a: Starmie|73/100
|
|-weather|Sandstorm|[upkeep]
|-damage|p2a: Starmie|67/100|[from] Sandstorm
|-damage|p1a: Celebi|94/100|[from] Sandstorm
|-heal|p1a: Celebi|100/100|[from] item: Leftovers
|upkeep
|turn|27
|
|t:|1729987636
|switch|p2a: Metagross|Metagross|100/100
|move|p1a: Celebi|Leech Seed|p2a: Metagross
|-start|p2a: Metagross|move: Leech Seed
|
|-weather|Sandstorm|[upkeep]
|-damage|p1a: Celebi|94/100|[from] Sandstorm
|-heal|p1a: Celebi|100/100|[from] item: Leftovers
|-damage|p2a: Metagross|88/100|[from] Leech Seed|[of] p1a: Celebi
|upkeep
|turn|28
|inactive|GoldThe1andOnly has 240 seconds left.
|
|t:|1729987641
|switch|p1a: Salamence|Salamence, M|100/100
|-ability|p1a: Salamence|Intimidate|boost
|-fail|p2a: Metagross|unboost|[from] ability: Clear Body|[of] p2a: Metagross
|switch|p2a: Tyranitar|Tyranitar, M|100/100
|
|-weather|Sandstorm|[upkeep]
|-damage|p1a: Salamence|94/100|[from] Sandstorm
|-heal|p1a: Salamence|100/100|[from] item: Leftovers
|upkeep
|turn|29
|
|t:|1729987652
|-activate|p1a: Salamence|move: Pursuit
|move|p2a: Tyranitar|Pursuit|p1a: Salamence|[from]Pursuit
|-damage|p1a: Salamence|60/100
|switch|p1a: Hariyama|Hariyama, M|73/100
|
|-weather|Sandstorm|[upkeep]
|-damage|p1a: Hariyama|67/100|[from] Sandstorm
|-heal|p1a: Hariyama|73/100|[from] item: Leftovers
|upkeep
|turn|30
|
|t:|1729987671
|-singleturn|p1a: Hariyama|move: Focus Punch
|switch|p2a: Metagross|Metagross|88/100
|move|p1a: Hariyama|Focus Punch|p2a: Metagross
|-crit|p2a: Metagross
|-damage|p2a: Metagross|0 fnt
|faint|p2a: Metagross
|inactive|GoldThe1andOnly has 240 seconds left.
|inactive|GoldThe1andOnly has 210 seconds left.
|
|t:|1729987733
|switch|p2a: Celebi|Celebi|39/100
|
|-weather|Sandstorm|[upkeep]
|-damage|p2a: Celebi|33/100|[from] Sandstorm
|-damage|p1a: Hariyama|67/100|[from] Sandstorm
|-heal|p2a: Celebi|39/100|[from] item: Leftovers
|-heal|p1a: Hariyama|73/100|[from] item: Leftovers
|upkeep
|turn|31
|
|t:|1729987742
|move|p2a: Celebi|Psychic|p1a: Hariyama
|-supereffective|p1a: Hariyama
|-damage|p1a: Hariyama|12/100
|move|p1a: Hariyama|Hidden Power|p2a: Celebi
|-supereffective|p2a: Celebi
|-damage|p2a: Celebi|0 fnt
|faint|p2a: Celebi
|inactive|GoldThe1andOnly has 180 seconds left.
|
|t:|1729987769
|switch|p2a: Zapdos|Zapdos|7/100 tox
|
|-weather|Sandstorm|[upkeep]
|-damage|p2a: Zapdos|1/100 tox|[from] Sandstorm
|-damage|p1a: Hariyama|6/100|[from] Sandstorm
|-heal|p2a: Zapdos|7/100 tox|[from] item: Leftovers
|-damage|p2a: Zapdos|1/100 tox|[from] psn
|-heal|p1a: Hariyama|12/100|[from] item: Leftovers
|upkeep
|turn|32
|
|t:|1729987779
|switch|p1a: Celebi|Celebi|100/100
|move|p2a: Zapdos|Hidden Power|p1a: Celebi
|-supereffective|p1a: Celebi
|-damage|p1a: Celebi|53/100
|
|-weather|Sandstorm|[upkeep]
|-damage|p2a: Zapdos|0 fnt|[from] Sandstorm
|-damage|p1a: Celebi|47/100|[from] Sandstorm
|faint|p2a: Zapdos
|-heal|p1a: Celebi|53/100|[from] item: Leftovers
|upkeep
|
|t:|1729987783
|switch|p2a: Heracross|Heracross, M|100/100
|turn|33
|
|t:|1729987797
|move|p1a: Celebi|Psychic|p2a: Heracross
|-supereffective|p2a: Heracross
|-damage|p2a: Heracross|18/100
|move|p2a: Heracross|Swords Dance|p2a: Heracross
|-boost|p2a: Heracross|atk|2
|
|-weather|Sandstorm|[upkeep]
|-damage|p1a: Celebi|47/100|[from] Sandstorm
|-damage|p2a: Heracross|12/100|[from] Sandstorm
|-heal|p1a: Celebi|53/100|[from] item: Leftovers
|-heal|p2a: Heracross|18/100|[from] item: Leftovers
|upkeep
|turn|34
|
|t:|1729987807
|switch|p2a: Tyranitar|Tyranitar, M|100/100
|move|p1a: Celebi|Psychic|p2a: Tyranitar
|-immune|p2a: Tyranitar
|
|-weather|Sandstorm|[upkeep]
|-damage|p1a: Celebi|47/100|[from] Sandstorm
|-heal|p1a: Celebi|53/100|[from] item: Leftovers
|upkeep
|turn|35
|
|t:|1729987823
|move|p1a: Celebi|Recover|p1a: Celebi
|-heal|p1a: Celebi|100/100
|move|p2a: Tyranitar|Fire Blast|p1a: Celebi
|-supereffective|p1a: Celebi
|-damage|p1a: Celebi|37/100
|
|-weather|Sandstorm|[upkeep]
|-damage|p1a: Celebi|31/100|[from] Sandstorm
|-heal|p1a: Celebi|37/100|[from] item: Leftovers
|upkeep
|turn|36
|
|t:|1729987831
|move|p1a: Celebi|Hidden Power|p2a: Tyranitar
|-supereffective|p2a: Tyranitar
|-crit|p2a: Tyranitar
|-damage|p2a: Tyranitar|21/100
|move|p2a: Tyranitar|Crunch|p1a: Celebi
|-supereffective|p1a: Celebi
|-damage|p1a: Celebi|0 fnt
|faint|p1a: Celebi
|
|t:|1729987839
|switch|p1a: Starmie|Starmie|100/100
|
|-weather|Sandstorm|[upkeep]
|-damage|p1a: Starmie|94/100|[from] Sandstorm
|-heal|p1a: Starmie|100/100|[from] item: Leftovers
|-heal|p2a: Tyranitar|27/100|[from] item: Leftovers
|upkeep
|turn|37
|
|t:|1729987851
|switch|p1a: Hariyama|Hariyama, M|12/100
|switch|p2a: Starmie|Starmie|67/100
|
|-weather|Sandstorm|[upkeep]
|-damage|p2a: Starmie|60/100|[from] Sandstorm
|-damage|p1a: Hariyama|6/100|[from] Sandstorm
|-heal|p1a: Hariyama|12/100|[from] item: Leftovers
|upkeep
|turn|38
|
|t:|1729987854
|move|p2a: Starmie|Surf|p1a: Hariyama
|-damage|p1a: Hariyama|0 fnt
|faint|p1a: Hariyama
|
|t:|1729987872
|switch|p1a: Salamence|Salamence, M|60/100
|-ability|p1a: Salamence|Intimidate|boost
|-unboost|p2a: Starmie|atk|1
|
|-weather|Sandstorm|[upkeep]
|-damage|p2a: Starmie|54/100|[from] Sandstorm
|-damage|p1a: Salamence|54/100|[from] Sandstorm
|-heal|p1a: Salamence|60/100|[from] item: Leftovers
|upkeep
|turn|39
|
|t:|1729987893
|switch|p2a: Tyranitar|Tyranitar, M|27/100
|move|p1a: Salamence|Toxic|p2a: Tyranitar
|-status|p2a: Tyranitar|tox
|
|-weather|Sandstorm|[upkeep]
|-damage|p1a: Salamence|54/100|[from] Sandstorm
|-heal|p1a: Salamence|60/100|[from] item: Leftovers
|-heal|p2a: Tyranitar|33/100 tox|[from] item: Leftovers
|-damage|p2a: Tyranitar|27/100 tox|[from] psn
|upkeep
|turn|40
|
|t:|1729987900
|move|p1a: Salamence|Protect|p1a: Salamence
|-singleturn|p1a: Salamence|Protect
|move|p2a: Tyranitar|Crunch|p1a: Salamence
|-activate|p1a: Salamence|Protect
|
|-weather|Sandstorm|[upkeep]
|-damage|p1a: Salamence|54/100|[from] Sandstorm
|-heal|p1a: Salamence|60/100|[from] item: Leftovers
|-heal|p2a: Tyranitar|33/100 tox|[from] item: Leftovers
|-damage|p2a: Tyranitar|21/100 tox|[from] psn
|upkeep
|turn|41
|
|t:|1729987905
|move|p1a: Salamence|Wish|p1a: Salamence
|move|p2a: Tyranitar|Crunch|p1a: Salamence
|-damage|p1a: Salamence|19/100
|
|-weather|Sandstorm|[upkeep]
|-damage|p1a: Salamence|13/100|[from] Sandstorm
|-heal|p1a: Salamence|19/100|[from] item: Leftovers
|-heal|p2a: Tyranitar|27/100 tox|[from] item: Leftovers
|-damage|p2a: Tyranitar|9/100 tox|[from] psn
|upkeep
|turn|42
|
|t:|1729987909
|switch|p2a: Heracross|Heracross, M|18/100
|move|p1a: Salamence|Protect||[still]
|-fail|p1a: Salamence
|
|-heal|p1a: Salamence|69/100|[from] move: Wish|[wisher] Salamence
|-weather|Sandstorm|[upkeep]
|-damage|p2a: Heracross|12/100|[from] Sandstorm
|-damage|p1a: Salamence|63/100|[from] Sandstorm
|-heal|p2a: Heracross|18/100|[from] item: Leftovers
|-heal|p1a: Salamence|69/100|[from] item: Leftovers
|upkeep
|turn|43
|
|t:|1729987919
|switch|p1a: Starmie|Starmie|100/100
|move|p2a: Heracross|Rock Slide|p1a: Starmie
|-damage|p1a: Starmie|70/100
|
|-weather|Sandstorm|[upkeep]
|-damage|p1a: Starmie|64/100|[from] Sandstorm
|-damage|p2a: Heracross|12/100|[from] Sandstorm
|-heal|p1a: Starmie|70/100|[from] item: Leftovers
|-heal|p2a: Heracross|18/100|[from] item: Leftovers
|upkeep
|turn|44
|
|t:|1729987926
|switch|p2a: Starmie|Starmie|54/100
|move|p1a: Starmie|Surf|p2a: Starmie
|-resisted|p2a: Starmie
|-damage|p2a: Starmie|36/100
|
|-weather|Sandstorm|[upkeep]
|-damage|p2a: Starmie|30/100|[from] Sandstorm
|-damage|p1a: Starmie|64/100|[from] Sandstorm
|-heal|p1a: Starmie|70/100|[from] item: Leftovers
|upkeep
|turn|45
|
|t:|1729987930
|move|p2a: Starmie|Thunder Wave|p1a: Starmie
|-status|p1a: Starmie|par
|move|p1a: Starmie|Thunder Wave|p2a: Starmie
|-status|p2a: Starmie|par
|
|-weather|Sandstorm|[upkeep]
|-damage|p2a: Starmie|24/100 par|[from] Sandstorm
|-damage|p1a: Starmie|64/100 par|[from] Sandstorm
|-heal|p1a: Starmie|70/100 par|[from] item: Leftovers
|upkeep
|turn|46
|
|t:|1729987936
|-curestatus|p1a: Starmie|par|[from] ability: Natural Cure
|switch|p1a: Marowak|Marowak, M|100/100
|move|p2a: Starmie|Recover|p2a: Starmie
|-heal|p2a: Starmie|74/100 par
|
|-weather|Sandstorm|[upkeep]
|-damage|p2a: Starmie|67/100 par|[from] Sandstorm
|upkeep
|turn|47
|
|t:|1729987944
|-curestatus|p2a: Starmie|par|[from] ability: Natural Cure
|switch|p2a: Tyranitar|Tyranitar, M|9/100 tox
|move|p1a: Marowak|Earthquake|p2a: Tyranitar
|-supereffective|p2a: Tyranitar
|-damage|p2a: Tyranitar|0 fnt
|faint|p2a: Tyranitar
|
|t:|1729987956
|switch|p2a: Heracross|Heracross, M|18/100
|
|-weather|Sandstorm|[upkeep]
|-damage|p2a: Heracross|12/100|[from] Sandstorm
|-heal|p2a: Heracross|18/100|[from] item: Leftovers
|upkeep
|turn|48
|
|t:|1729987961
|switch|p1a: Salamence|Salamence, M|69/100
|-ability|p1a: Salamence|Intimidate|boost
|-unboost|p2a: Heracross|atk|1
|move|p2a: Heracross|Megahorn|p1a: Salamence
|-resisted|p1a: Salamence
|-damage|p1a: Salamence|44/100
|
|-weather|Sandstorm|[upkeep]
|-damage|p2a: Heracross|12/100|[from] Sandstorm
|-damage|p1a: Salamence|38/100|[from] Sandstorm
|-heal|p2a: Heracross|18/100|[from] item: Leftovers
|-heal|p1a: Salamence|44/100|[from] item: Leftovers
|upkeep
|turn|49
|
|t:|1729987970
|move|p2a: Heracross|Rock Slide|p1a: Salamence
|-supereffective|p1a: Salamence
|-damage|p1a: Salamence|15/100
|move|p1a: Salamence|Toxic|p2a: Heracross
|-status|p2a: Heracross|tox
|
|-weather|Sandstorm|[upkeep]
|-damage|p2a: Heracross|12/100 tox|[from] Sandstorm
|-damage|p1a: Salamence|9/100|[from] Sandstorm
|-heal|p2a: Heracross|18/100 tox|[from] item: Leftovers
|-damage|p2a: Heracross|12/100 tox|[from] psn
|-heal|p1a: Salamence|15/100|[from] item: Leftovers
|upkeep
|turn|50
|
|t:|1729987977
|move|p2a: Heracross|Megahorn|p1a: Salamence
|-resisted|p1a: Salamence
|-damage|p1a: Salamence|0 fnt
|faint|p1a: Salamence
|
|t:|1729987983
|switch|p1a: Starmie|Starmie|70/100
|
|-weather|Sandstorm|[upkeep]
|-damage|p1a: Starmie|64/100|[from] Sandstorm
|-damage|p2a: Heracross|6/100 tox|[from] Sandstorm
|-heal|p1a: Starmie|70/100|[from] item: Leftovers
|-heal|p2a: Heracross|12/100 tox|[from] item: Leftovers
|-damage|p2a: Heracross|0 fnt|[from] psn
|faint|p2a: Heracross
|upkeep
|
|t:|1729987985
|switch|p2a: Starmie|Starmie|67/100
|turn|51
|
|t:|1729987989
|move|p2a: Starmie|Thunder Wave|p1a: Starmie
|-status|p1a: Starmie|par
|move|p1a: Starmie|Thunder Wave|p2a: Starmie
|-status|p2a: Starmie|par
|
|-weather|Sandstorm|[upkeep]
|-damage|p2a: Starmie|61/100 par|[from] Sandstorm
|-damage|p1a: Starmie|64/100 par|[from] Sandstorm
|-heal|p1a: Starmie|70/100 par|[from] item: Leftovers
|upkeep
|turn|52
|
|t:|1729987996
|move|p2a: Starmie|Recover|p2a: Starmie
|-heal|p2a: Starmie|100/100 par
|move|p1a: Starmie|Surf|p2a: Starmie
|-resisted|p2a: Starmie
|-damage|p2a: Starmie|82/100 par
|
|-weather|Sandstorm|[upkeep]
|-damage|p2a: Starmie|76/100 par|[from] Sandstorm
|-damage|p1a: Starmie|64/100 par|[from] Sandstorm
|-heal|p1a: Starmie|70/100 par|[from] item: Leftovers
|upkeep
|turn|53
|
|t:|1729988001
|move|p2a: Starmie|Surf|p1a: Starmie
|-resisted|p1a: Starmie
|-damage|p1a: Starmie|54/100 par
|cant|p1a: Starmie|par
|
|-weather|Sandstorm|[upkeep]
|-damage|p2a: Starmie|70/100 par|[from] Sandstorm
|-damage|p1a: Starmie|48/100 par|[from] Sandstorm
|-heal|p1a: Starmie|54/100 par|[from] item: Leftovers
|upkeep
|turn|54
|
|t:|1729988007
|move|p2a: Starmie|Surf|p1a: Starmie
|-resisted|p1a: Starmie
|-damage|p1a: Starmie|36/100 par
|move|p1a: Starmie|Surf|p2a: Starmie
|-resisted|p2a: Starmie
|-damage|p2a: Starmie|51/100 par
|
|-weather|Sandstorm|[upkeep]
|-damage|p2a: Starmie|45/100 par|[from] Sandstorm
|-damage|p1a: Starmie|30/100 par|[from] Sandstorm
|-heal|p1a: Starmie|36/100 par|[from] item: Leftovers
|upkeep
|turn|55
|
|t:|1729988012
|move|p2a: Starmie|Surf|p1a: Starmie
|-resisted|p1a: Starmie
|-damage|p1a: Starmie|20/100 par
|move|p1a: Starmie|Surf|p2a: Starmie
|-resisted|p2a: Starmie
|-damage|p2a: Starmie|27/100 par
|
|-weather|Sandstorm|[upkeep]
|-damage|p2a: Starmie|21/100 par|[from] Sandstorm
|-damage|p1a: Starmie|13/100 par|[from] Sandstorm
|-heal|p1a: Starmie|20/100 par|[from] item: Leftovers
|upkeep
|turn|56
|
|t:|1729988015
|cant|p2a: Starmie|par
|cant|p1a: Starmie|par
|
|-weather|Sandstorm|[upkeep]
|-damage|p2a: Starmie|14/100 par|[from] Sandstorm
|-damage|p1a: Starmie|13/100 par|[from] Sandstorm
|-heal|p1a: Starmie|20/100 par|[from] item: Leftovers
|upkeep
|turn|57
|
|t:|1729988019
|move|p2a: Starmie|Recover|p2a: Starmie
|-heal|p2a: Starmie|64/100 par
|cant|p1a: Starmie|par
|
|-weather|Sandstorm|[upkeep]
|-damage|p2a: Starmie|58/100 par|[from] Sandstorm
|-damage|p1a: Starmie|13/100 par|[from] Sandstorm
|-heal|p1a: Starmie|20/100 par|[from] item: Leftovers
|upkeep
|turn|58
|
|t:|1729988022
|move|p2a: Starmie|Surf|p1a: Starmie
|-resisted|p1a: Starmie
|-damage|p1a: Starmie|4/100 par
|move|p1a: Starmie|Surf|p2a: Starmie
|-resisted|p2a: Starmie
|-damage|p2a: Starmie|38/100 par
|
|-weather|Sandstorm|[upkeep]
|-damage|p2a: Starmie|32/100 par|[from] Sandstorm
|-damage|p1a: Starmie|0 fnt|[from] Sandstorm
|faint|p1a: Starmie
|upkeep
|
|t:|1729988025
|switch|p1a: Marowak|Marowak, M|100/100
|turn|59
|
|t:|1729988027
|move|p1a: Marowak|Earthquake|p2a: Starmie
|-damage|p2a: Starmie|0 fnt
|faint|p2a: Starmie
|
|win|stypur
|c|☆stypur|gg
|c|☆GoldThe1andOnly|gg
|player|p1|
|player|p1|stypur|swimmerf|
|player|p2|

</script>
<script type="application/json" class="data" id="replaydata-smogtours-gen3ou-802354">
{"id":"smogtours-gen3ou-802354","format":"[Gen 3] OU","players":["stypur","GoldThe1andOnly"],"uploadtime":1729988027,"views":69,"formatid":"gen3ou","rating":null,"private":0,"password":null}
</script>

<script defer src="js/replays.js?9d40a366"></script>
