<!DOCTYPE html>
<meta charset="utf-8" />
<meta name="viewport" content="width=device-width" />

<title>[Gen 3] OU: 3 blades vs. Oskari SOSA - Replays - Pok&eacute;mon Showdown!</title>

<meta name="description" content="Watch a replay of a Pok&eacute;mon battle between 3 blades and Oskari SOSA! Format: [Gen 3] OU; Date: Oct 31, 2024" />
<!--

Hey, you! Looking in the source for the replay log?

You can find them in JSON format, just add `.json` at the end of a replay URL.

https://replay.pokemonshowdown.com/gen7randomdoublesbattle-865046831.json

Or, if you only need the log itself, add `.log` instead:

https://replay.pokemonshowdown.com/gen7randomdoublesbattle-865046831.log

-->

<link rel="stylesheet" href="//pokemonshowdown.com/style/global.css?0.023195364461161105" />
<link rel="stylesheet" href="//play.pokemonshowdown.com/style/font-awesome.css?0.13261647063804238" />
<link rel="stylesheet" href="//play.pokemonshowdown.com/style/battle.css?0.8753245789963631" />
<link rel="stylesheet" href="//play.pokemonshowdown.com/style/utilichart.css?0.8627959624976733" />

<!-- Global site tag (gtag.js) - Google Analytics -->
<script async src="https://www.googletagmanager.com/gtag/js?id=UA-26211653-1"></script>
<script>
  window.dataLayer = window.dataLayer || [];
  function gtag(){dataLayer.push(arguments);}
  gtag('js', new Date());

  gtag('config', 'UA-26211653-1');
</script>
<!-- End Google Analytics -->
<!-- Venatus Ad Manager - Install in <HEAD> of page -->
	<script src="https://hb.vntsm.com/v3/live/ad-manager.min.js" type="text/javascript" data-site-id="642aba63ec9a7b11c3c9c1be" data-mode="scan" async></script>
<!-- / Venatus Ad Manager -->

<style>
	@media (max-width:820px) {
		.battle {
			margin: 0 auto;
		}
		.battle-log {
			margin: 7px auto 0;
			max-width: 640px;
			height: 300px;
			position: static;
		}
	}
	.optgroup {
		display: inline-block;
		line-height: 22px;
		font-size: 10pt;
	}
	.optgroup .button {
		height: 25px;
		padding-top: 0;
		padding-bottom: 0;
	}
	.optgroup button.button {
		padding-left: 12px;
		padding-right: 12px;
	}
	.linklist {
		list-style: none;
		margin: 0.5em 0;
		padding: 0;
	}
	.linklist li {
		padding: 2px 0;
	}
	.sidebar {
		float: left;
		width: 320px;
	}
	.bar-wrapper {
		max-width: 1100px;
		margin: 0 auto;
	}
	.bar-wrapper.has-sidebar {
		max-width: 1430px;
	}
	.mainbar {
		margin: 0;
		padding-right: 1px;
	}
	.mainbar.has-sidebar {
		margin-left: 330px;
	}
	@media (min-width: 1511px) {
		.sidebar {
			width: 400px;
		}
		.bar-wrapper.has-sidebar {
			max-width: 1510px;
		}
		.mainbar.has-sidebar {
			margin-left: 410px;
		}
	}
	.section.first-section {
		margin-top: 9px;
	}
	.blocklink small {
		white-space: normal;
	}
	.button {
		vertical-align: middle;
	}
	.replay-controls {
		padding-top: 10px;
	}
	.replay-controls h1 {
		font-size: 16pt;
		font-weight: normal;
		color: #CCC;
	}
	.pagelink {
		text-align: center;
	}
	.pagelink a {
		width: 150px;
	}
	.textbox, .button {
		font-size: 11pt;
		vertical-align: middle;
	}
	@media (max-width: 450px) {
		.button {
			font-size: 9pt;
		}
	}
</style>

<div>

	<header>
		<div class="nav-wrapper"><ul class="nav">
			<li><a class="button nav-first" href="//pokemonshowdown.com/"><img src="//pokemonshowdown.com/images/pokemonshowdownbeta.png" srcset="//pokemonshowdown.com/images/pokemonshowdownbeta.png 1x, //pokemonshowdown.com/images/pokemonshowdownbeta@2x.png 2x" alt="Pok&eacute;mon Showdown" width="146" height="44" /> Home</a></li>
			<li><a class="button" href="//pokemonshowdown.com/dex/">Pok&eacute;dex</a></li>
			<li><a class="button cur" href="/">Replays</a></li>
			<li><a class="button" href="//pokemonshowdown.com/ladder/">Ladder</a></li>
			<li><a class="button nav-last" href="//pokemonshowdown.com/forums/">Forum</a></li>
			<li><a class="button greenbutton nav-first nav-last" href="//play.pokemonshowdown.com/">Play</a></li>
		</ul></div>
	</header>

	<div class="main" id="main">

		<noscript><section class="section">You need to enable JavaScript to use this page; sorry!</section></noscript>

	</div>

</div>

<script defer nomodule src="//play.pokemonshowdown.com/js/lib/ps-polyfill.js"></script>
<script defer src="//play.pokemonshowdown.com/js/lib/preact.min.js"></script>

<script defer src="//play.pokemonshowdown.com/config/config.js?2bddbc15"></script>
<script defer src="//play.pokemonshowdown.com/js/lib/jquery-1.11.0.min.js"></script>
<script defer src="//play.pokemonshowdown.com/js/lib/html-sanitizer-minified.js"></script>
<script defer src="//play.pokemonshowdown.com/js/battle-sound.js"></script>
<script defer src="//play.pokemonshowdown.com/js/battledata.js?0.7209276989879541"></script>
<script defer src="//play.pokemonshowdown.com/data/pokedex-mini.js?0.6111056340867951"></script>
<script defer src="//play.pokemonshowdown.com/data/pokedex-mini-bw.js?0.3532142036491459"></script>
<script defer src="//play.pokemonshowdown.com/data/graphics.js?0.24223875632456182"></script>
<script defer src="//play.pokemonshowdown.com/data/pokedex.js?0.38839984266356864"></script>
<script defer src="//play.pokemonshowdown.com/data/moves.js?0.21866028504024015"></script>
<script defer src="//play.pokemonshowdown.com/data/abilities.js?0.2005157953846628"></script>
<script defer src="//play.pokemonshowdown.com/data/items.js?0.9894211263848525"></script>
<script defer src="//play.pokemonshowdown.com/data/teambuilder-tables.js?0.6008791140282215"></script>
<script defer src="//play.pokemonshowdown.com/js/battle-tooltips.js?0.7580118955022959"></script>
<script defer src="//play.pokemonshowdown.com/js/battle.js?0.6057722274234274"></script>

<script defer src="js/utils.js?e31f9a17"></script>
<script defer src="js/replays-battle.js?7008c182"></script>

<!-- don't scrape this data! just add .json or .log after the URL!
Full API docs: https://github.com/smogon/pokemon-showdown-client/blob/master/WEB-API.md -->
<script type="text/plain" class="log" id="replaylog-smogtours-gen3ou-803556">
|inactive|Battle timer is ON: inactive players will automatically lose when time's up.
|t:|1730345332
|gametype|singles
|player|p1|3 blades|guzma|
|player|p2|Oskari SOSA|giovanni|
|teamsize|p1|6
|teamsize|p2|6
|gen|3
|tier|[Gen 3] OU
|rule|Sleep Clause Mod: Limit one foe put to sleep
|rule|Switch Priority Clause Mod: Faster Pokémon switch first
|rule|Species Clause: Limit one of each Pokémon
|rule|OHKO Clause: OHKO moves are banned
|rule|Evasion Items Clause: Evasion items are banned
|rule|Evasion Moves Clause: Evasion moves are banned
|rule|Endless Battle Clause: Forcing endless battles is banned
|rule|HP Percentage Mod: HP is shown in percentages
|rule|One Boost Passer Clause: Limit one Baton Passer that has a way to boost its stats
|rule|Freeze Clause Mod: Limit one foe frozen
|
|t:|1730345332
|start
|switch|p1a: Jynx|Jynx, F|100/100
|switch|p2a: Forretress|Forretress, M|100/100
|turn|1
|c|☆3 blades|Hf
|c|☆Oskari SOSA|hf 
|
|t:|1730345345
|switch|p2a: Suicune|Suicune|100/100
|move|p1a: Jynx|Lovely Kiss|p2a: Suicune|[miss]
|-miss|p1a: Jynx|p2a: Suicune
|
|upkeep
|turn|2
|
|t:|1730345350
|move|p1a: Jynx|Lovely Kiss|p2a: Suicune|[miss]
|-miss|p1a: Jynx|p2a: Suicune
|move|p2a: Suicune|Surf|p1a: Jynx
|-damage|p1a: Jynx|62/100
|
|-heal|p1a: Jynx|68/100|[from] item: Leftovers
|upkeep
|turn|3
|
|t:|1730345353
|move|p1a: Jynx|Lovely Kiss|p2a: Suicune|[miss]
|-miss|p1a: Jynx|p2a: Suicune
|move|p2a: Suicune|Surf|p1a: Jynx
|-damage|p1a: Jynx|28/100
|
|-heal|p1a: Jynx|34/100|[from] item: Leftovers
|upkeep
|turn|4
|
|t:|1730345355
|move|p1a: Jynx|Lovely Kiss|p2a: Suicune
|-status|p2a: Suicune|slp|[from] move: Lovely Kiss
|cant|p2a: Suicune|slp
|
|-heal|p1a: Jynx|40/100|[from] item: Leftovers
|upkeep
|turn|5
|
|t:|1730345360
|switch|p1a: Jirachi|Jirachi|100/100
|switch|p2a: Forretress|Forretress, M|100/100
|
|upkeep
|turn|6
|
|t:|1730345365
|switch|p2a: Claydol|Claydol|100/100
|move|p1a: Jirachi|Calm Mind|p1a: Jirachi
|-boost|p1a: Jirachi|spa|1
|-boost|p1a: Jirachi|spd|1
|
|upkeep
|turn|7
|
|t:|1730345374
|switch|p1a: Gengar|Gengar, M|100/100
|move|p2a: Claydol|Earthquake|p1a: Gengar
|-immune|p1a: Gengar
|
|upkeep
|turn|8
|
|t:|1730345378
|move|p1a: Gengar|Will-O-Wisp|p2a: Claydol
|-status|p2a: Claydol|brn
|move|p2a: Claydol|Psychic|p1a: Gengar
|-supereffective|p1a: Gengar
|-damage|p1a: Gengar|39/100
|
|-heal|p1a: Gengar|45/100|[from] item: Leftovers
|-damage|p2a: Claydol|88/100 brn|[from] brn
|upkeep
|turn|9
|
|t:|1730345384
|switch|p1a: Claydol|Claydol|100/100
|move|p2a: Claydol|Psychic|p1a: Claydol
|-resisted|p1a: Claydol
|-damage|p1a: Claydol|89/100
|
|-heal|p1a: Claydol|95/100|[from] item: Leftovers
|-heal|p2a: Claydol|94/100 brn|[from] item: Leftovers
|-damage|p2a: Claydol|82/100 brn|[from] brn
|upkeep
|turn|10
|
|t:|1730345393
|switch|p1a: Gengar|Gengar, M|45/100
|switch|p2a: Skarmory|Skarmory, M|100/100
|
|-heal|p1a: Gengar|51/100|[from] item: Leftovers
|upkeep
|turn|11
|
|t:|1730345400
|move|p2a: Skarmory|Protect|p2a: Skarmory
|-singleturn|p2a: Skarmory|Protect
|move|p1a: Gengar|Will-O-Wisp|p2a: Skarmory
|-activate|p2a: Skarmory|Protect
|
|-heal|p1a: Gengar|57/100|[from] item: Leftovers
|upkeep
|turn|12
|
|t:|1730345406
|switch|p2a: Claydol|Claydol|82/100 brn
|move|p1a: Gengar|Thunderbolt|p2a: Claydol
|-immune|p2a: Claydol
|
|-heal|p1a: Gengar|63/100|[from] item: Leftovers
|-heal|p2a: Claydol|88/100 brn|[from] item: Leftovers
|-damage|p2a: Claydol|76/100 brn|[from] brn
|upkeep
|turn|13
|
|t:|1730345412
|switch|p1a: Claydol|Claydol|95/100
|switch|p2a: Forretress|Forretress, M|100/100
|
|-heal|p1a: Claydol|100/100|[from] item: Leftovers
|upkeep
|turn|14
|
|t:|1730345430
|move|p1a: Claydol|Earthquake|p2a: Forretress
|-damage|p2a: Forretress|76/100
|move|p2a: Forretress|Zap Cannon|p1a: Claydol
|-immune|p1a: Claydol
|
|-heal|p2a: Forretress|82/100|[from] item: Leftovers
|upkeep
|turn|15
|
|t:|1730345442
|switch|p1a: Jirachi|Jirachi|100/100
|move|p2a: Forretress|Spikes|p1a: Jirachi
|-sidestart|p1: 3 blades|Spikes
|
|-heal|p2a: Forretress|89/100|[from] item: Leftovers
|upkeep
|turn|16
|
|t:|1730345449
|move|p1a: Jirachi|Substitute|p1a: Jirachi
|-start|p1a: Jirachi|Substitute
|-damage|p1a: Jirachi|75/100
|move|p2a: Forretress|Zap Cannon|p1a: Jirachi
|-activate|p1a: Jirachi|Substitute|[damage]
|
|-heal|p1a: Jirachi|82/100|[from] item: Leftovers
|-heal|p2a: Forretress|95/100|[from] item: Leftovers
|upkeep
|turn|17
|
|t:|1730345452
|switch|p2a: Skarmory|Skarmory, M|100/100
|move|p1a: Jirachi|Calm Mind|p1a: Jirachi
|-boost|p1a: Jirachi|spa|1
|-boost|p1a: Jirachi|spd|1
|
|-heal|p1a: Jirachi|88/100|[from] item: Leftovers
|upkeep
|turn|18
|
|t:|1730345457
|move|p1a: Jirachi|Thunderbolt|p2a: Skarmory
|-supereffective|p2a: Skarmory
|-damage|p2a: Skarmory|36/100
|move|p2a: Skarmory|Roar|p1a: Jirachi
|drag|p1a: Suicune|Suicune|100/100
|-damage|p1a: Suicune|88/100|[from] Spikes
|
|-heal|p1a: Suicune|94/100|[from] item: Leftovers
|-heal|p2a: Skarmory|42/100|[from] item: Leftovers
|upkeep
|turn|19
|
|t:|1730345462
|switch|p1a: Claydol|Claydol|100/100
|switch|p2a: Suicune|Suicune|100/100 slp
|
|upkeep
|turn|20
|
|t:|1730345468
|cant|p2a: Suicune|slp
|move|p1a: Claydol|Rapid Spin|p2a: Suicune
|-damage|p2a: Suicune|98/100 slp
|-sideend|p1: 3 blades|Spikes|[from] move: Rapid Spin|[of] p1a: Claydol
|
|-heal|p2a: Suicune|100/100 slp|[from] item: Leftovers
|upkeep
|turn|21
|
|t:|1730345471
|switch|p1a: Jirachi|Jirachi|88/100
|-curestatus|p2a: Suicune|slp|[msg]
|move|p2a: Suicune|Surf|p1a: Jirachi
|-damage|p1a: Jirachi|62/100
|
|-heal|p1a: Jirachi|68/100|[from] item: Leftovers
|upkeep
|turn|22
|
|t:|1730345476
|switch|p2a: Dugtrio|Dugtrio, M|100/100
|move|p1a: Jirachi|Thunderbolt|p2a: Dugtrio
|-immune|p2a: Dugtrio
|
|-heal|p1a: Jirachi|74/100|[from] item: Leftovers
|upkeep
|turn|23
|
|t:|1730345480
|move|p2a: Dugtrio|Earthquake|p1a: Jirachi
|-supereffective|p1a: Jirachi
|-damage|p1a: Jirachi|0 fnt
|faint|p1a: Jirachi
|
|t:|1730345488
|switch|p1a: Gengar|Gengar, M|63/100
|
|-heal|p1a: Gengar|69/100|[from] item: Leftovers
|upkeep
|turn|24
|
|t:|1730345494
|switch|p2a: Blissey|Blissey, F|100/100
|move|p1a: Gengar|Hidden Power|p2a: Blissey
|-damage|p2a: Blissey|92/100
|
|-heal|p1a: Gengar|75/100|[from] item: Leftovers
|-heal|p2a: Blissey|98/100|[from] item: Leftovers
|upkeep
|turn|25
|
|t:|1730345501
|switch|p2a: Suicune|Suicune|100/100
|move|p1a: Gengar|Will-O-Wisp|p2a: Suicune
|-status|p2a: Suicune|brn
|
|-heal|p1a: Gengar|81/100|[from] item: Leftovers
|-damage|p2a: Suicune|88/100 brn|[from] brn
|upkeep
|turn|26
|
|t:|1730345508
|switch|p2a: Claydol|Claydol|76/100 brn
|move|p1a: Gengar|Thunderbolt|p2a: Claydol
|-immune|p2a: Claydol
|
|-heal|p1a: Gengar|87/100|[from] item: Leftovers
|-heal|p2a: Claydol|82/100 brn|[from] item: Leftovers
|-damage|p2a: Claydol|70/100 brn|[from] brn
|upkeep
|turn|27
|
|t:|1730345510
|move|p1a: Gengar|Hidden Power|p2a: Claydol
|-supereffective|p2a: Claydol
|-damage|p2a: Claydol|32/100 brn
|move|p2a: Claydol|Psychic|p1a: Gengar
|-supereffective|p1a: Gengar
|-damage|p1a: Gengar|32/100
|
|-heal|p1a: Gengar|37/100|[from] item: Leftovers
|-heal|p2a: Claydol|38/100 brn|[from] item: Leftovers
|-damage|p2a: Claydol|25/100 brn|[from] brn
|upkeep
|turn|28
|
|t:|1730345531
|switch|p2a: Blissey|Blissey, F|98/100
|move|p1a: Gengar|Hidden Power|p2a: Blissey
|-damage|p2a: Blissey|89/100
|
|-heal|p1a: Gengar|43/100|[from] item: Leftovers
|-heal|p2a: Blissey|95/100|[from] item: Leftovers
|upkeep
|turn|29
|
|t:|1730345537
|move|p1a: Gengar|Will-O-Wisp|p2a: Blissey
|-status|p2a: Blissey|brn
|move|p2a: Blissey|Ice Beam|p1a: Gengar
|-damage|p1a: Gengar|18/100
|
|-heal|p1a: Gengar|24/100|[from] item: Leftovers
|-heal|p2a: Blissey|100/100 brn|[from] item: Leftovers
|-damage|p2a: Blissey|88/100 brn|[from] brn
|upkeep
|turn|30
|
|t:|1730345539
|move|p1a: Gengar|Explosion|p2a: Blissey
|-damage|p2a: Blissey|21/100 brn
|faint|p1a: Gengar
|
|t:|1730345541
|switch|p1a: Dugtrio|Dugtrio, F|100/100
|
|-heal|p2a: Blissey|27/100 brn|[from] item: Leftovers
|-damage|p2a: Blissey|15/100 brn|[from] brn
|upkeep
|turn|31
|
|t:|1730345546
|move|p1a: Dugtrio|Earthquake|p2a: Blissey
|-damage|p2a: Blissey|0 fnt
|faint|p2a: Blissey
|
|t:|1730345548
|switch|p2a: Skarmory|Skarmory, M|42/100
|
|-heal|p2a: Skarmory|48/100|[from] item: Leftovers
|upkeep
|turn|32
|
|t:|1730345550
|switch|p1a: Jynx|Jynx, F|40/100
|move|p2a: Skarmory|Spikes|p1a: Jynx
|-sidestart|p1: 3 blades|Spikes
|
|-heal|p1a: Jynx|46/100|[from] item: Leftovers
|-heal|p2a: Skarmory|54/100|[from] item: Leftovers
|upkeep
|turn|33
|
|t:|1730345555
|switch|p2a: Suicune|Suicune|88/100 brn
|move|p1a: Jynx|Lovely Kiss|p2a: Suicune|[miss]
|-miss|p1a: Jynx|p2a: Suicune
|
|-heal|p1a: Jynx|52/100|[from] item: Leftovers
|-heal|p2a: Suicune|94/100 brn|[from] item: Leftovers
|-damage|p2a: Suicune|82/100 brn|[from] brn
|upkeep
|turn|34
|
|t:|1730345568
|switch|p1a: Claydol|Claydol|100/100
|move|p2a: Suicune|Surf|p1a: Claydol
|-supereffective|p1a: Claydol
|-damage|p1a: Claydol|43/100
|
|-heal|p2a: Suicune|88/100 brn|[from] item: Leftovers
|-damage|p2a: Suicune|76/100 brn|[from] brn
|-heal|p1a: Claydol|49/100|[from] item: Leftovers
|upkeep
|turn|35
|
|t:|1730345578
|move|p2a: Suicune|Calm Mind|p2a: Suicune
|-boost|p2a: Suicune|spa|1
|-boost|p2a: Suicune|spd|1
|move|p1a: Claydol|Explosion|p2a: Suicune
|-damage|p2a: Suicune|11/100 brn
|faint|p1a: Claydol
|
|t:|1730345594
|switch|p1a: Suicune|Suicune|94/100
|-damage|p1a: Suicune|82/100|[from] Spikes
|
|-heal|p1a: Suicune|88/100|[from] item: Leftovers
|-heal|p2a: Suicune|17/100 brn|[from] item: Leftovers
|-damage|p2a: Suicune|5/100 brn|[from] brn
|upkeep
|turn|36
|
|t:|1730345597
|move|p1a: Suicune|Hidden Power|p2a: Suicune
|-supereffective|p2a: Suicune
|-damage|p2a: Suicune|0 fnt
|faint|p2a: Suicune
|
|t:|1730345604
|switch|p2a: Forretress|Forretress, M|95/100
|
|-heal|p1a: Suicune|94/100|[from] item: Leftovers
|-heal|p2a: Forretress|100/100|[from] item: Leftovers
|upkeep
|turn|37
|
|t:|1730345606
|switch|p1a: Jynx|Jynx, F|52/100
|-damage|p1a: Jynx|40/100|[from] Spikes
|move|p2a: Forretress|Zap Cannon|p1a: Jynx|[miss]
|-miss|p2a: Forretress|p1a: Jynx
|
|-heal|p1a: Jynx|46/100|[from] item: Leftovers
|upkeep
|turn|38
|
|t:|1730345611
|switch|p2a: Claydol|Claydol|25/100 brn
|move|p1a: Jynx|Lovely Kiss||[still]
|-fail|p1a: Jynx
|
|-heal|p1a: Jynx|52/100|[from] item: Leftovers
|-heal|p2a: Claydol|32/100 brn|[from] item: Leftovers
|-damage|p2a: Claydol|19/100 brn|[from] brn
|upkeep
|turn|39
|
|t:|1730345614
|move|p1a: Jynx|Ice Beam|p2a: Claydol
|-supereffective|p2a: Claydol
|-damage|p2a: Claydol|0 fnt
|faint|p2a: Claydol
|
|t:|1730345616
|switch|p2a: Dugtrio|Dugtrio, M|100/100
|
|-heal|p1a: Jynx|58/100|[from] item: Leftovers
|upkeep
|turn|40
|
|t:|1730345618
|move|p2a: Dugtrio|Earthquake|p1a: Jynx
|-damage|p1a: Jynx|0 fnt
|faint|p1a: Jynx
|
|t:|1730345620
|switch|p1a: Suicune|Suicune|94/100
|-damage|p1a: Suicune|82/100|[from] Spikes
|
|-heal|p1a: Suicune|88/100|[from] item: Leftovers
|upkeep
|turn|41
|
|t:|1730345632
|move|p2a: Dugtrio|Earthquake|p1a: Suicune
|-damage|p1a: Suicune|40/100
|move|p1a: Suicune|Hydro Pump|p2a: Dugtrio
|-supereffective|p2a: Dugtrio
|-damage|p2a: Dugtrio|0 fnt
|faint|p2a: Dugtrio
|
|t:|1730345637
|switch|p2a: Forretress|Forretress, M|100/100
|
|-heal|p1a: Suicune|47/100|[from] item: Leftovers
|upkeep
|turn|42
|
|t:|1730345640
|switch|p1a: Dugtrio|Dugtrio, F|100/100
|-damage|p1a: Dugtrio|88/100|[from] Spikes
|move|p2a: Forretress|Zap Cannon|p1a: Dugtrio
|-immune|p1a: Dugtrio
|
|upkeep
|turn|43
|
|t:|1730345643
|move|p1a: Dugtrio|Earthquake|p2a: Forretress
|-damage|p2a: Forretress|63/100
|move|p2a: Forretress|Hidden Power|p1a: Dugtrio
|-damage|p1a: Dugtrio|24/100
|
|-heal|p2a: Forretress|70/100|[from] item: Leftovers
|upkeep
|turn|44
|
|t:|1730345646
|move|p1a: Dugtrio|Earthquake|p2a: Forretress
|-damage|p2a: Forretress|33/100
|move|p2a: Forretress|Hidden Power|p1a: Dugtrio
|-damage|p1a: Dugtrio|0 fnt
|faint|p1a: Dugtrio
|
|t:|1730345648
|switch|p1a: Suicune|Suicune|47/100
|-damage|p1a: Suicune|34/100|[from] Spikes
|
|-heal|p1a: Suicune|40/100|[from] item: Leftovers
|-heal|p2a: Forretress|39/100|[from] item: Leftovers
|upkeep
|turn|45
|
|t:|1730345650
|move|p1a: Suicune|Hydro Pump|p2a: Forretress
|-damage|p2a: Forretress|0 fnt
|faint|p2a: Forretress
|
|t:|1730345652
|switch|p2a: Skarmory|Skarmory, M|54/100
|
|-heal|p1a: Suicune|47/100|[from] item: Leftovers
|-heal|p2a: Skarmory|60/100|[from] item: Leftovers
|upkeep
|turn|46
|
|t:|1730345654
|move|p1a: Suicune|Hydro Pump|p2a: Skarmory
|-damage|p2a: Skarmory|16/100
|move|p2a: Skarmory|Drill Peck|p1a: Suicune
|-damage|p1a: Suicune|27/100
|
|-heal|p1a: Suicune|33/100|[from] item: Leftovers
|-heal|p2a: Skarmory|22/100|[from] item: Leftovers
|upkeep
|turn|47
|
|t:|1730345657
|move|p2a: Skarmory|Protect|p2a: Skarmory
|-singleturn|p2a: Skarmory|Protect
|move|p1a: Suicune|Ice Beam|p2a: Skarmory
|-activate|p2a: Skarmory|Protect
|
|-heal|p1a: Suicune|39/100|[from] item: Leftovers
|-heal|p2a: Skarmory|28/100|[from] item: Leftovers
|upkeep
|turn|48
|
|t:|1730345660
|move|p1a: Suicune|Ice Beam|p2a: Skarmory
|-damage|p2a: Skarmory|5/100
|move|p2a: Skarmory|Drill Peck|p1a: Suicune
|-damage|p1a: Suicune|19/100
|
|-heal|p1a: Suicune|25/100|[from] item: Leftovers
|-heal|p2a: Skarmory|11/100|[from] item: Leftovers
|upkeep
|turn|49
|c|☆Oskari SOSA|gg
|
|t:|1730345664
|move|p1a: Suicune|Ice Beam|p2a: Skarmory
|-damage|p2a: Skarmory|0 fnt
|faint|p2a: Skarmory
|
|win|3 blades
|c|☆3 blades|Gg
|player|p1|

</script>
<script type="application/json" class="data" id="replaydata-smogtours-gen3ou-803556">
{"id":"smogtours-gen3ou-803556","format":"[Gen 3] OU","players":["3 blades","Oskari SOSA"],"uploadtime":1730345664,"views":82,"formatid":"gen3ou","rating":null,"private":0,"password":null}
</script>

<script defer src="js/replays.js?9d40a366"></script>
