<!DOCTYPE html>
<meta charset="utf-8" />
<meta name="viewport" content="width=device-width" />

<title>[Gen 3] OU: CharBoy3000 vs. PuruglyIsUgly - Replays - Pok&eacute;mon Showdown!</title>

<meta name="description" content="Watch a replay of a Pok&eacute;mon battle between CharBoy3000 and PuruglyIsUgly! Format: [Gen 3] OU; Date: Oct 25, 2024" />
<!--

Hey, you! Looking in the source for the replay log?

You can find them in JSON format, just add `.json` at the end of a replay URL.

https://replay.pokemonshowdown.com/gen7randomdoublesbattle-865046831.json

Or, if you only need the log itself, add `.log` instead:

https://replay.pokemonshowdown.com/gen7randomdoublesbattle-865046831.log

-->

<link rel="stylesheet" href="//pokemonshowdown.com/style/global.css?0.767286132409787" />
<link rel="stylesheet" href="//play.pokemonshowdown.com/style/font-awesome.css?0.9266228007934947" />
<link rel="stylesheet" href="//play.pokemonshowdown.com/style/battle.css?0.7924700842790926" />
<link rel="stylesheet" href="//play.pokemonshowdown.com/style/utilichart.css?0.8777417872839479" />

<!-- Global site tag (gtag.js) - Google Analytics -->
<script async src="https://www.googletagmanager.com/gtag/js?id=UA-26211653-1"></script>
<script>
  window.dataLayer = window.dataLayer || [];
  function gtag(){dataLayer.push(arguments);}
  gtag('js', new Date());

  gtag('config', 'UA-26211653-1');
</script>
<!-- End Google Analytics -->
<!-- Venatus Ad Manager - Install in <HEAD> of page -->
	<script src="https://hb.vntsm.com/v3/live/ad-manager.min.js" type="text/javascript" data-site-id="642aba63ec9a7b11c3c9c1be" data-mode="scan" async></script>
<!-- / Venatus Ad Manager -->

<style>
	@media (max-width:820px) {
		.battle {
			margin: 0 auto;
		}
		.battle-log {
			margin: 7px auto 0;
			max-width: 640px;
			height: 300px;
			position: static;
		}
	}
	.optgroup {
		display: inline-block;
		line-height: 22px;
		font-size: 10pt;
	}
	.optgroup .button {
		height: 25px;
		padding-top: 0;
		padding-bottom: 0;
	}
	.optgroup button.button {
		padding-left: 12px;
		padding-right: 12px;
	}
	.linklist {
		list-style: none;
		margin: 0.5em 0;
		padding: 0;
	}
	.linklist li {
		padding: 2px 0;
	}
	.sidebar {
		float: left;
		width: 320px;
	}
	.bar-wrapper {
		max-width: 1100px;
		margin: 0 auto;
	}
	.bar-wrapper.has-sidebar {
		max-width: 1430px;
	}
	.mainbar {
		margin: 0;
		padding-right: 1px;
	}
	.mainbar.has-sidebar {
		margin-left: 330px;
	}
	@media (min-width: 1511px) {
		.sidebar {
			width: 400px;
		}
		.bar-wrapper.has-sidebar {
			max-width: 1510px;
		}
		.mainbar.has-sidebar {
			margin-left: 410px;
		}
	}
	.section.first-section {
		margin-top: 9px;
	}
	.blocklink small {
		white-space: normal;
	}
	.button {
		vertical-align: middle;
	}
	.replay-controls {
		padding-top: 10px;
	}
	.replay-controls h1 {
		font-size: 16pt;
		font-weight: normal;
		color: #CCC;
	}
	.pagelink {
		text-align: center;
	}
	.pagelink a {
		width: 150px;
	}
	.textbox, .button {
		font-size: 11pt;
		vertical-align: middle;
	}
	@media (max-width: 450px) {
		.button {
			font-size: 9pt;
		}
	}
</style>

<div>

	<header>
		<div class="nav-wrapper"><ul class="nav">
			<li><a class="button nav-first" href="//pokemonshowdown.com/"><img src="//pokemonshowdown.com/images/pokemonshowdownbeta.png" srcset="//pokemonshowdown.com/images/pokemonshowdownbeta.png 1x, //pokemonshowdown.com/images/pokemonshowdownbeta@2x.png 2x" alt="Pok&eacute;mon Showdown" width="146" height="44" /> Home</a></li>
			<li><a class="button" href="//pokemonshowdown.com/dex/">Pok&eacute;dex</a></li>
			<li><a class="button cur" href="/">Replays</a></li>
			<li><a class="button" href="//pokemonshowdown.com/ladder/">Ladder</a></li>
			<li><a class="button nav-last" href="//pokemonshowdown.com/forums/">Forum</a></li>
			<li><a class="button greenbutton nav-first nav-last" href="//play.pokemonshowdown.com/">Play</a></li>
		</ul></div>
	</header>

	<div class="main" id="main">

		<noscript><section class="section">You need to enable JavaScript to use this page; sorry!</section></noscript>

	</div>

</div>

<script defer nomodule src="//play.pokemonshowdown.com/js/lib/ps-polyfill.js"></script>
<script defer src="//play.pokemonshowdown.com/js/lib/preact.min.js"></script>

<script defer src="//play.pokemonshowdown.com/config/config.js?6dec07f6"></script>
<script defer src="//play.pokemonshowdown.com/js/lib/jquery-1.11.0.min.js"></script>
<script defer src="//play.pokemonshowdown.com/js/lib/html-sanitizer-minified.js"></script>
<script defer src="//play.pokemonshowdown.com/js/battle-sound.js"></script>
<script defer src="//play.pokemonshowdown.com/js/battledata.js?0.6315294753075389"></script>
<script defer src="//play.pokemonshowdown.com/data/pokedex-mini.js?0.7603743185311358"></script>
<script defer src="//play.pokemonshowdown.com/data/pokedex-mini-bw.js?0.030888842834281283"></script>
<script defer src="//play.pokemonshowdown.com/data/graphics.js?0.05593094747507488"></script>
<script defer src="//play.pokemonshowdown.com/data/pokedex.js?0.47064822249611904"></script>
<script defer src="//play.pokemonshowdown.com/data/moves.js?0.8583693120512459"></script>
<script defer src="//play.pokemonshowdown.com/data/abilities.js?0.16017181182386842"></script>
<script defer src="//play.pokemonshowdown.com/data/items.js?0.4163379185673943"></script>
<script defer src="//play.pokemonshowdown.com/data/teambuilder-tables.js?0.31075597372830477"></script>
<script defer src="//play.pokemonshowdown.com/js/battle-tooltips.js?0.6536193500708172"></script>
<script defer src="//play.pokemonshowdown.com/js/battle.js?0.1916591943277901"></script>

<script defer src="js/utils.js?e31f9a17"></script>
<script defer src="js/replays-battle.js?7008c182"></script>

<!-- don't scrape this data! just add .json or .log after the URL!
Full API docs: https://github.com/smogon/pokemon-showdown-client/blob/master/WEB-API.md -->
<script type="text/plain" class="log" id="replaylog-smogtours-gen3ou-801719">
|inactive|Battle timer is ON: inactive players will automatically lose when time's up.
|t:|1729815657
|gametype|singles
|player|p1|CharBoy3000|blaine|
|player|p2|PuruglyIsUgly|266|
|teamsize|p1|6
|teamsize|p2|6
|gen|3
|tier|[Gen 3] OU
|rule|Sleep Clause Mod: Limit one foe put to sleep
|rule|Switch Priority Clause Mod: Faster Pokémon switch first
|rule|Species Clause: Limit one of each Pokémon
|rule|OHKO Clause: OHKO moves are banned
|rule|Evasion Items Clause: Evasion items are banned
|rule|Evasion Moves Clause: Evasion moves are banned
|rule|Endless Battle Clause: Forcing endless battles is banned
|rule|HP Percentage Mod: HP is shown in percentages
|rule|One Boost Passer Clause: Limit one Baton Passer that has a way to boost its stats
|rule|Freeze Clause Mod: Limit one foe frozen
|
|t:|1729815657
|start
|switch|p1a: Salamence|Salamence, M|100/100
|switch|p2a: Zapdos|Zapdos|100/100
|-ability|p1a: Salamence|Intimidate|boost
|-unboost|p2a: Zapdos|atk|1
|turn|1
|c|☆PuruglyIsUgly|hf
|c|☆PuruglyIsUgly|btw, I lost 2 games last two matches cause I clicked way too often without thinking
|inactive|PuruglyIsUgly has 270 seconds left.
|c|☆PuruglyIsUgly|so I might take extra time each turn
|c|☆CharBoy3000|Hf
|c|☆PuruglyIsUgly|sorry about that in advance
|c|☆CharBoy3000|Im chillin
|
|t:|1729815701
|switch|p1a: Celebi|Celebi|100/100
|move|p2a: Zapdos|Thunder Wave|p1a: Celebi
|-status|p1a: Celebi|par
|
|upkeep
|turn|2
|c|☆CharBoy3000|Hf
|
|t:|1729815715
|move|p1a: Celebi|Leech Seed|p2a: Zapdos
|-start|p2a: Zapdos|move: Leech Seed
|move|p2a: Zapdos|Roar|p1a: Celebi
|-curestatus|p1a: Celebi|par|[from] ability: Natural Cure
|drag|p1a: Aerodactyl|Aerodactyl, M|100/100
|
|-damage|p2a: Zapdos|88/100|[from] Leech Seed|[of] p1a: Aerodactyl
|upkeep
|turn|3
|
|t:|1729815725
|switch|p1a: Celebi|Celebi|100/100
|switch|p2a: Flygon|Flygon, M|100/100
|
|upkeep
|turn|4
|
|t:|1729815741
|move|p2a: Flygon|Protect|p2a: Flygon
|-singleturn|p2a: Flygon|Protect
|move|p1a: Celebi|Leech Seed|p2a: Flygon
|-activate|p2a: Flygon|Protect
|
|upkeep
|turn|5
|
|t:|1729815745
|move|p2a: Flygon|Toxic|p1a: Celebi
|-status|p1a: Celebi|tox
|move|p1a: Celebi|Psychic|p2a: Flygon
|-damage|p2a: Flygon|50/100
|
|-heal|p2a: Flygon|56/100|[from] item: Leftovers
|-damage|p1a: Celebi|94/100 tox|[from] psn
|upkeep
|turn|6
|
|t:|1729815755
|switch|p2a: Blissey|Blissey, F|100/100
|-curestatus|p1a: Celebi|tox|[from] ability: Natural Cure
|switch|p1a: Skarmory|Skarmory, M|100/100
|
|upkeep
|turn|7
|
|t:|1729815765
|move|p1a: Skarmory|Spikes|p2a: Blissey
|-sidestart|p2: PuruglyIsUgly|Spikes
|move|p2a: Blissey|Thunder Wave|p1a: Skarmory
|-status|p1a: Skarmory|par
|
|upkeep
|turn|8
|
|t:|1729815773
|move|p2a: Blissey|Wish|p2a: Blissey
|move|p1a: Skarmory|Toxic|p2a: Blissey
|-status|p2a: Blissey|tox
|
|-damage|p2a: Blissey|94/100 tox|[from] psn
|upkeep
|turn|9
|
|t:|1729815783
|-curestatus|p2a: Blissey|tox|[from] ability: Natural Cure
|switch|p2a: Flygon|Flygon, M|56/100
|move|p1a: Skarmory|Roar|p2a: Flygon
|drag|p2a: Gengar|Gengar, M|100/100
|
|upkeep
|turn|10
|
|t:|1729815799
|switch|p1a: Swampert|Swampert, M|100/100
|move|p2a: Gengar|Ice Punch|p1a: Swampert
|-damage|p1a: Swampert|77/100
|
|-heal|p1a: Swampert|84/100|[from] item: Leftovers
|upkeep
|turn|11
|
|t:|1729815809
|switch|p1a: Skarmory|Skarmory, M|100/100 par
|move|p2a: Gengar|Will-O-Wisp|p1a: Skarmory|[miss]
|-miss|p2a: Gengar|p1a: Skarmory
|
|upkeep
|turn|12
|
|t:|1729815818
|move|p2a: Gengar|Thunderbolt|p1a: Skarmory
|-supereffective|p1a: Skarmory
|-damage|p1a: Skarmory|43/100 par
|move|p1a: Skarmory|Drill Peck|p2a: Gengar
|-damage|p2a: Gengar|61/100
|
|-heal|p2a: Gengar|67/100|[from] item: Leftovers
|-heal|p1a: Skarmory|49/100 par|[from] item: Leftovers
|upkeep
|turn|13
|
|t:|1729815828
|switch|p1a: Tyranitar|Tyranitar, M|100/100
|-weather|Sandstorm|[from] ability: Sand Stream|[of] p1a: Tyranitar
|move|p2a: Gengar|Thunderbolt|p1a: Tyranitar
|-damage|p1a: Tyranitar|76/100
|
|-weather|Sandstorm|[upkeep]
|-damage|p2a: Gengar|61/100|[from] Sandstorm
|-heal|p2a: Gengar|67/100|[from] item: Leftovers
|-heal|p1a: Tyranitar|83/100|[from] item: Leftovers
|upkeep
|turn|14
|
|t:|1729815838
|switch|p1a: Celebi|Celebi|94/100
|move|p2a: Gengar|Will-O-Wisp|p1a: Celebi|[miss]
|-miss|p2a: Gengar|p1a: Celebi
|
|-weather|Sandstorm|[upkeep]
|-damage|p2a: Gengar|61/100|[from] Sandstorm
|-damage|p1a: Celebi|88/100|[from] Sandstorm
|-heal|p2a: Gengar|67/100|[from] item: Leftovers
|-heal|p1a: Celebi|94/100|[from] item: Leftovers
|upkeep
|turn|15
|
|t:|1729815843
|switch|p2a: Blissey|Blissey, F|94/100
|-damage|p2a: Blissey|82/100|[from] Spikes
|move|p1a: Celebi|Leech Seed|p2a: Blissey
|-start|p2a: Blissey|move: Leech Seed
|
|-weather|Sandstorm|[upkeep]
|-damage|p1a: Celebi|88/100|[from] Sandstorm
|-damage|p2a: Blissey|76/100|[from] Sandstorm
|-heal|p1a: Celebi|94/100|[from] item: Leftovers
|-heal|p2a: Blissey|82/100|[from] item: Leftovers
|-damage|p2a: Blissey|70/100|[from] Leech Seed|[of] p1a: Celebi
|-heal|p1a: Celebi|100/100|[silent]
|upkeep
|turn|16
|
|t:|1729815859
|switch|p1a: Skarmory|Skarmory, M|49/100 par
|move|p2a: Blissey|Wish|p2a: Blissey
|
|-weather|Sandstorm|[upkeep]
|-damage|p2a: Blissey|63/100|[from] Sandstorm
|-heal|p2a: Blissey|70/100|[from] item: Leftovers
|-damage|p2a: Blissey|57/100|[from] Leech Seed|[of] p1a: Skarmory
|-heal|p1a: Skarmory|73/100 par|[silent]
|-heal|p1a: Skarmory|79/100 par|[from] item: Leftovers
|upkeep
|turn|17
|
|t:|1729815870
|switch|p2a: Gengar|Gengar, M|67/100
|move|p1a: Skarmory|Roar|p2a: Gengar
|drag|p2a: Zapdos|Zapdos|88/100
|
|-heal|p2a: Zapdos|100/100|[from] move: Wish|[wisher] Blissey
|-weather|Sandstorm|[upkeep]
|-damage|p2a: Zapdos|94/100|[from] Sandstorm
|-heal|p2a: Zapdos|100/100|[from] item: Leftovers
|-heal|p1a: Skarmory|85/100 par|[from] item: Leftovers
|upkeep
|turn|18
|
|t:|1729815886
|switch|p1a: Celebi|Celebi|100/100
|move|p2a: Zapdos|Thunderbolt|p1a: Celebi
|-resisted|p1a: Celebi
|-damage|p1a: Celebi|81/100
|
|-weather|Sandstorm|[upkeep]
|-damage|p1a: Celebi|75/100|[from] Sandstorm
|-damage|p2a: Zapdos|94/100|[from] Sandstorm
|-heal|p1a: Celebi|81/100|[from] item: Leftovers
|-heal|p2a: Zapdos|100/100|[from] item: Leftovers
|upkeep
|turn|19
|
|t:|1729815898
|switch|p2a: Jumpluff|Jumpluff, F|100/100
|move|p1a: Celebi|Leech Seed|p2a: Jumpluff
|-immune|p2a: Jumpluff
|
|-weather|Sandstorm|[upkeep]
|-damage|p2a: Jumpluff|94/100|[from] Sandstorm
|-damage|p1a: Celebi|75/100|[from] Sandstorm
|-heal|p2a: Jumpluff|100/100|[from] item: Leftovers
|-heal|p1a: Celebi|81/100|[from] item: Leftovers
|upkeep
|turn|20
|
|t:|1729815907
|switch|p1a: Salamence|Salamence, M|100/100
|-ability|p1a: Salamence|Intimidate|boost
|-unboost|p2a: Jumpluff|atk|1
|move|p2a: Jumpluff|Encore||[still]
|-fail|p2a: Jumpluff
|
|-weather|Sandstorm|[upkeep]
|-damage|p2a: Jumpluff|94/100|[from] Sandstorm
|-damage|p1a: Salamence|94/100|[from] Sandstorm
|-heal|p2a: Jumpluff|100/100|[from] item: Leftovers
|-heal|p1a: Salamence|100/100|[from] item: Leftovers
|upkeep
|turn|21
|
|t:|1729815917
|switch|p1a: Celebi|Celebi|81/100
|move|p2a: Jumpluff|Substitute|p2a: Jumpluff
|-start|p2a: Jumpluff|Substitute
|-damage|p2a: Jumpluff|76/100
|
|-weather|Sandstorm|[upkeep]
|-damage|p2a: Jumpluff|69/100|[from] Sandstorm
|-damage|p1a: Celebi|75/100|[from] Sandstorm
|-heal|p2a: Jumpluff|76/100|[from] item: Leftovers
|-heal|p1a: Celebi|81/100|[from] item: Leftovers
|upkeep
|turn|22
|
|t:|1729815922
|move|p2a: Jumpluff|Stun Spore|p1a: Celebi
|-status|p1a: Celebi|par
|move|p1a: Celebi|Hidden Power|p2a: Jumpluff
|-supereffective|p2a: Jumpluff
|-end|p2a: Jumpluff|Substitute
|
|-weather|Sandstorm|[upkeep]
|-damage|p2a: Jumpluff|69/100|[from] Sandstorm
|-damage|p1a: Celebi|75/100 par|[from] Sandstorm
|-heal|p2a: Jumpluff|76/100|[from] item: Leftovers
|-heal|p1a: Celebi|81/100 par|[from] item: Leftovers
|upkeep
|turn|23
|
|t:|1729815929
|switch|p2a: Blissey|Blissey, F|57/100
|-damage|p2a: Blissey|45/100|[from] Spikes
|move|p1a: Celebi|Hidden Power|p2a: Blissey
|-damage|p2a: Blissey|37/100
|
|-weather|Sandstorm|[upkeep]
|-damage|p2a: Blissey|31/100|[from] Sandstorm
|-damage|p1a: Celebi|75/100 par|[from] Sandstorm
|-heal|p2a: Blissey|37/100|[from] item: Leftovers
|-heal|p1a: Celebi|81/100 par|[from] item: Leftovers
|upkeep
|turn|24
|
|t:|1729815941
|-curestatus|p1a: Celebi|par|[from] ability: Natural Cure
|switch|p1a: Skarmory|Skarmory, M|85/100 par
|move|p2a: Blissey|Soft-Boiled|p2a: Blissey
|-heal|p2a: Blissey|87/100
|
|-weather|Sandstorm|[upkeep]
|-damage|p2a: Blissey|81/100|[from] Sandstorm
|-heal|p2a: Blissey|87/100|[from] item: Leftovers
|-heal|p1a: Skarmory|91/100 par|[from] item: Leftovers
|upkeep
|turn|25
|
|t:|1729815946
|move|p2a: Blissey|Wish|p2a: Blissey
|move|p1a: Skarmory|Spikes|p2a: Blissey
|-sidestart|p2: PuruglyIsUgly|Spikes
|
|-weather|Sandstorm|[upkeep]
|-damage|p2a: Blissey|81/100|[from] Sandstorm
|-heal|p2a: Blissey|87/100|[from] item: Leftovers
|-heal|p1a: Skarmory|97/100 par|[from] item: Leftovers
|upkeep
|turn|26
|
|t:|1729815958
|switch|p2a: Gengar|Gengar, M|67/100
|cant|p1a: Skarmory|par
|
|-heal|p2a: Gengar|100/100|[from] move: Wish|[wisher] Blissey
|-weather|Sandstorm|[upkeep]
|-damage|p2a: Gengar|94/100|[from] Sandstorm
|-heal|p2a: Gengar|100/100|[from] item: Leftovers
|-heal|p1a: Skarmory|100/100 par|[from] item: Leftovers
|upkeep
|turn|27
|
|t:|1729815975
|switch|p1a: Swampert|Swampert, M|84/100
|move|p2a: Gengar|Thunderbolt|p1a: Swampert
|-immune|p1a: Swampert
|
|-weather|Sandstorm|[upkeep]
|-damage|p2a: Gengar|94/100|[from] Sandstorm
|-heal|p2a: Gengar|100/100|[from] item: Leftovers
|-heal|p1a: Swampert|90/100|[from] item: Leftovers
|upkeep
|turn|28
|
|t:|1729815992
|switch|p1a: Salamence|Salamence, M|100/100
|-ability|p1a: Salamence|Intimidate|boost
|-unboost|p2a: Gengar|atk|1
|move|p2a: Gengar|Will-O-Wisp|p1a: Salamence
|-status|p1a: Salamence|brn
|
|-weather|Sandstorm|[upkeep]
|-damage|p2a: Gengar|94/100|[from] Sandstorm
|-damage|p1a: Salamence|94/100 brn|[from] Sandstorm
|-heal|p2a: Gengar|100/100|[from] item: Leftovers
|-heal|p1a: Salamence|100/100 brn|[from] item: Leftovers
|-damage|p1a: Salamence|88/100 brn|[from] brn
|upkeep
|turn|29
|inactive|CharBoy3000 has 270 seconds left.
|
|t:|1729816015
|switch|p2a: Zapdos|Zapdos|100/100
|move|p1a: Salamence|Dragon Claw|p2a: Zapdos
|-damage|p2a: Zapdos|67/100
|
|-weather|Sandstorm|[upkeep]
|-damage|p1a: Salamence|82/100 brn|[from] Sandstorm
|-damage|p2a: Zapdos|60/100|[from] Sandstorm
|-heal|p1a: Salamence|88/100 brn|[from] item: Leftovers
|-damage|p1a: Salamence|76/100 brn|[from] brn
|-heal|p2a: Zapdos|67/100|[from] item: Leftovers
|upkeep
|turn|30
|
|t:|1729816022
|switch|p2a: Blissey|Blissey, F|87/100
|-damage|p2a: Blissey|70/100|[from] Spikes
|move|p1a: Salamence|Dragon Claw|p2a: Blissey
|-damage|p2a: Blissey|58/100
|
|-weather|Sandstorm|[upkeep]
|-damage|p1a: Salamence|69/100 brn|[from] Sandstorm
|-damage|p2a: Blissey|51/100|[from] Sandstorm
|-heal|p1a: Salamence|76/100 brn|[from] item: Leftovers
|-damage|p1a: Salamence|63/100 brn|[from] brn
|-heal|p2a: Blissey|58/100|[from] item: Leftovers
|upkeep
|turn|31
|
|t:|1729816031
|move|p1a: Salamence|Brick Break|p2a: Blissey
|-supereffective|p2a: Blissey
|-damage|p2a: Blissey|35/100
|move|p2a: Blissey|Soft-Boiled|p2a: Blissey
|-heal|p2a: Blissey|85/100
|
|-weather|Sandstorm|[upkeep]
|-damage|p1a: Salamence|57/100 brn|[from] Sandstorm
|-damage|p2a: Blissey|79/100|[from] Sandstorm
|-heal|p1a: Salamence|63/100 brn|[from] item: Leftovers
|-damage|p1a: Salamence|51/100 brn|[from] brn
|-heal|p2a: Blissey|85/100|[from] item: Leftovers
|upkeep
|turn|32
|
|t:|1729816043
|switch|p1a: Skarmory|Skarmory, M|100/100 par
|move|p2a: Blissey|Wish|p2a: Blissey
|
|-weather|Sandstorm|[upkeep]
|-damage|p2a: Blissey|79/100|[from] Sandstorm
|-heal|p2a: Blissey|85/100|[from] item: Leftovers
|upkeep
|turn|33
|
|t:|1729816050
|switch|p2a: Flygon|Flygon, M|56/100
|cant|p1a: Skarmory|par
|
|-heal|p2a: Flygon|100/100|[from] move: Wish|[wisher] Blissey
|-weather|Sandstorm|[upkeep]
|upkeep
|turn|34
|
|t:|1729816059
|switch|p2a: Gengar|Gengar, M|100/100
|move|p1a: Skarmory|Spikes|p2a: Gengar
|-sidestart|p2: PuruglyIsUgly|Spikes
|
|-weather|Sandstorm|[upkeep]
|-damage|p2a: Gengar|94/100|[from] Sandstorm
|-heal|p2a: Gengar|100/100|[from] item: Leftovers
|upkeep
|turn|35
|
|t:|1729816068
|move|p2a: Gengar|Will-O-Wisp|p1a: Skarmory|[miss]
|-miss|p2a: Gengar|p1a: Skarmory
|cant|p1a: Skarmory|par
|
|-weather|Sandstorm|[upkeep]
|-damage|p2a: Gengar|94/100|[from] Sandstorm
|-heal|p2a: Gengar|100/100|[from] item: Leftovers
|upkeep
|turn|36
|
|t:|1729816075
|switch|p1a: Celebi|Celebi|81/100
|move|p2a: Gengar|Thunderbolt|p1a: Celebi
|-resisted|p1a: Celebi
|-damage|p1a: Celebi|69/100
|
|-weather|Sandstorm|[upkeep]
|-damage|p2a: Gengar|94/100|[from] Sandstorm
|-damage|p1a: Celebi|62/100|[from] Sandstorm
|-heal|p2a: Gengar|100/100|[from] item: Leftovers
|-heal|p1a: Celebi|69/100|[from] item: Leftovers
|upkeep
|turn|37
|
|t:|1729816088
|switch|p2a: Blissey|Blissey, F|85/100
|-damage|p2a: Blissey|60/100|[from] Spikes
|move|p1a: Celebi|Psychic|p2a: Blissey
|-damage|p2a: Blissey|46/100
|
|-weather|Sandstorm|[upkeep]
|-damage|p1a: Celebi|62/100|[from] Sandstorm
|-damage|p2a: Blissey|40/100|[from] Sandstorm
|-heal|p1a: Celebi|69/100|[from] item: Leftovers
|-heal|p2a: Blissey|46/100|[from] item: Leftovers
|upkeep
|turn|38
|
|t:|1729816095
|move|p1a: Celebi|Leech Seed|p2a: Blissey
|-start|p2a: Blissey|move: Leech Seed
|move|p2a: Blissey|Soft-Boiled|p2a: Blissey
|-heal|p2a: Blissey|96/100
|
|-weather|Sandstorm|[upkeep]
|-damage|p1a: Celebi|62/100|[from] Sandstorm
|-damage|p2a: Blissey|90/100|[from] Sandstorm
|-heal|p1a: Celebi|69/100|[from] item: Leftovers
|-heal|p2a: Blissey|96/100|[from] item: Leftovers
|-damage|p2a: Blissey|84/100|[from] Leech Seed|[of] p1a: Celebi
|-heal|p1a: Celebi|89/100|[silent]
|upkeep
|turn|39
|
|t:|1729816103
|move|p1a: Celebi|Psychic|p2a: Blissey
|-damage|p2a: Blissey|70/100
|move|p2a: Blissey|Wish|p2a: Blissey
|
|-weather|Sandstorm|[upkeep]
|-damage|p1a: Celebi|83/100|[from] Sandstorm
|-damage|p2a: Blissey|64/100|[from] Sandstorm
|-heal|p1a: Celebi|89/100|[from] item: Leftovers
|-heal|p2a: Blissey|70/100|[from] item: Leftovers
|-damage|p2a: Blissey|57/100|[from] Leech Seed|[of] p1a: Celebi
|-heal|p1a: Celebi|100/100|[silent]
|upkeep
|turn|40
|
|t:|1729816112
|move|p1a: Celebi|Psychic|p2a: Blissey
|-damage|p2a: Blissey|44/100
|-unboost|p2a: Blissey|spd|1
|move|p2a: Blissey|Thunder Wave|p1a: Celebi
|-status|p1a: Celebi|par
|
|-heal|p2a: Blissey|94/100|[from] move: Wish|[wisher] Blissey
|-weather|Sandstorm|[upkeep]
|-damage|p2a: Blissey|88/100|[from] Sandstorm
|-damage|p1a: Celebi|94/100 par|[from] Sandstorm
|-heal|p2a: Blissey|94/100|[from] item: Leftovers
|-damage|p2a: Blissey|81/100|[from] Leech Seed|[of] p1a: Celebi
|-heal|p1a: Celebi|100/100 par|[silent]
|upkeep
|turn|41
|
|t:|1729816127
|move|p2a: Blissey|Wish|p2a: Blissey
|move|p1a: Celebi|Psychic|p2a: Blissey
|-damage|p2a: Blissey|61/100
|-unboost|p2a: Blissey|spd|1
|
|-weather|Sandstorm|[upkeep]
|-damage|p2a: Blissey|55/100|[from] Sandstorm
|-damage|p1a: Celebi|94/100 par|[from] Sandstorm
|-heal|p2a: Blissey|61/100|[from] item: Leftovers
|-damage|p2a: Blissey|49/100|[from] Leech Seed|[of] p1a: Celebi
|-heal|p1a: Celebi|100/100 par|[silent]
|upkeep
|turn|42
|
|t:|1729816137
|move|p2a: Blissey|Soft-Boiled|p2a: Blissey
|-heal|p2a: Blissey|99/100
|cant|p1a: Celebi|par
|
|-heal|p2a: Blissey|100/100|[from] move: Wish|[wisher] Blissey
|-weather|Sandstorm|[upkeep]
|-damage|p2a: Blissey|94/100|[from] Sandstorm
|-damage|p1a: Celebi|94/100 par|[from] Sandstorm
|-heal|p2a: Blissey|100/100|[from] item: Leftovers
|-damage|p2a: Blissey|88/100|[from] Leech Seed|[of] p1a: Celebi
|-heal|p1a: Celebi|100/100 par|[silent]
|upkeep
|turn|43
|
|t:|1729816145
|switch|p2a: Zapdos|Zapdos|67/100
|move|p1a: Celebi|Hidden Power|p2a: Zapdos
|-damage|p2a: Zapdos|48/100
|
|-weather|Sandstorm|[upkeep]
|-damage|p2a: Zapdos|42/100|[from] Sandstorm
|-damage|p1a: Celebi|94/100 par|[from] Sandstorm
|-heal|p2a: Zapdos|48/100|[from] item: Leftovers
|-heal|p1a: Celebi|100/100 par|[from] item: Leftovers
|upkeep
|turn|44
|
|t:|1729816157
|switch|p2a: Blissey|Blissey, F|88/100
|-damage|p2a: Blissey|63/100|[from] Spikes
|move|p1a: Celebi|Psychic|p2a: Blissey
|-damage|p2a: Blissey|49/100
|
|-weather|Sandstorm|[upkeep]
|-damage|p2a: Blissey|43/100|[from] Sandstorm
|-damage|p1a: Celebi|94/100 par|[from] Sandstorm
|-heal|p2a: Blissey|49/100|[from] item: Leftovers
|-heal|p1a: Celebi|100/100 par|[from] item: Leftovers
|upkeep
|turn|45
|
|t:|1729816165
|move|p2a: Blissey|Soft-Boiled|p2a: Blissey
|-heal|p2a: Blissey|99/100
|cant|p1a: Celebi|par
|
|-weather|Sandstorm|[upkeep]
|-damage|p2a: Blissey|93/100|[from] Sandstorm
|-damage|p1a: Celebi|94/100 par|[from] Sandstorm
|-heal|p2a: Blissey|99/100|[from] item: Leftovers
|-heal|p1a: Celebi|100/100 par|[from] item: Leftovers
|upkeep
|turn|46
|
|t:|1729816169
|switch|p2a: Jumpluff|Jumpluff, F|76/100
|move|p1a: Celebi|Leech Seed|p2a: Jumpluff
|-immune|p2a: Jumpluff
|
|-weather|Sandstorm|[upkeep]
|-damage|p2a: Jumpluff|69/100|[from] Sandstorm
|-damage|p1a: Celebi|94/100 par|[from] Sandstorm
|-heal|p2a: Jumpluff|76/100|[from] item: Leftovers
|-heal|p1a: Celebi|100/100 par|[from] item: Leftovers
|upkeep
|turn|47
|
|t:|1729816176
|-curestatus|p1a: Celebi|par|[from] ability: Natural Cure
|switch|p1a: Salamence|Salamence, M|51/100 brn
|-ability|p1a: Salamence|Intimidate|boost
|-unboost|p2a: Jumpluff|atk|1
|move|p2a: Jumpluff|Encore||[still]
|-fail|p2a: Jumpluff
|
|-weather|Sandstorm|[upkeep]
|-damage|p2a: Jumpluff|69/100|[from] Sandstorm
|-damage|p1a: Salamence|44/100 brn|[from] Sandstorm
|-heal|p2a: Jumpluff|76/100|[from] item: Leftovers
|-heal|p1a: Salamence|51/100 brn|[from] item: Leftovers
|-damage|p1a: Salamence|38/100 brn|[from] brn
|upkeep
|turn|48
|
|t:|1729816189
|switch|p2a: Blissey|Blissey, F|99/100
|-damage|p2a: Blissey|74/100|[from] Spikes
|move|p1a: Salamence|Brick Break|p2a: Blissey
|-supereffective|p2a: Blissey
|-damage|p2a: Blissey|52/100
|
|-weather|Sandstorm|[upkeep]
|-damage|p1a: Salamence|32/100 brn|[from] Sandstorm
|-damage|p2a: Blissey|46/100|[from] Sandstorm
|-heal|p1a: Salamence|38/100 brn|[from] item: Leftovers
|-damage|p1a: Salamence|26/100 brn|[from] brn
|-heal|p2a: Blissey|52/100|[from] item: Leftovers
|upkeep
|turn|49
|
|t:|1729816196
|move|p1a: Salamence|Brick Break|p2a: Blissey
|-supereffective|p2a: Blissey
|-crit|p2a: Blissey
|-damage|p2a: Blissey|9/100
|move|p2a: Blissey|Soft-Boiled|p2a: Blissey
|-heal|p2a: Blissey|59/100
|
|-weather|Sandstorm|[upkeep]
|-damage|p1a: Salamence|19/100 brn|[from] Sandstorm
|-damage|p2a: Blissey|53/100|[from] Sandstorm
|-heal|p1a: Salamence|26/100 brn|[from] item: Leftovers
|-damage|p1a: Salamence|13/100 brn|[from] brn
|-heal|p2a: Blissey|59/100|[from] item: Leftovers
|upkeep
|turn|50
|
|t:|1729816202
|move|p1a: Salamence|Brick Break|p2a: Blissey
|-supereffective|p2a: Blissey
|-damage|p2a: Blissey|36/100
|move|p2a: Blissey|Soft-Boiled|p2a: Blissey
|-heal|p2a: Blissey|86/100
|
|-weather|Sandstorm|[upkeep]
|-damage|p1a: Salamence|7/100 brn|[from] Sandstorm
|-damage|p2a: Blissey|80/100|[from] Sandstorm
|-heal|p1a: Salamence|13/100 brn|[from] item: Leftovers
|-damage|p1a: Salamence|1/100 brn|[from] brn
|-heal|p2a: Blissey|86/100|[from] item: Leftovers
|upkeep
|turn|51
|
|t:|1729816210
|move|p1a: Salamence|Brick Break|p2a: Blissey
|-supereffective|p2a: Blissey
|-damage|p2a: Blissey|66/100
|move|p2a: Blissey|Wish|p2a: Blissey
|
|-weather|Sandstorm|[upkeep]
|-damage|p1a: Salamence|0 fnt|[from] Sandstorm
|-damage|p2a: Blissey|59/100|[from] Sandstorm
|faint|p1a: Salamence
|-heal|p2a: Blissey|66/100|[from] item: Leftovers
|upkeep
|
|t:|1729816213
|switch|p1a: Aerodactyl|Aerodactyl, M|100/100
|turn|52
|
|t:|1729816225
|switch|p1a: Celebi|Celebi|100/100
|switch|p2a: Flygon|Flygon, M|100/100
|
|-weather|Sandstorm|[upkeep]
|-damage|p1a: Celebi|94/100|[from] Sandstorm
|-heal|p1a: Celebi|100/100|[from] item: Leftovers
|upkeep
|turn|53
|
|t:|1729816231
|move|p2a: Flygon|Toxic|p1a: Celebi|[miss]
|-miss|p2a: Flygon|p1a: Celebi
|move|p1a: Celebi|Leech Seed|p2a: Flygon
|-start|p2a: Flygon|move: Leech Seed
|
|-weather|Sandstorm|[upkeep]
|-damage|p1a: Celebi|94/100|[from] Sandstorm
|-damage|p2a: Flygon|88/100|[from] Leech Seed|[of] p1a: Celebi
|-heal|p1a: Celebi|100/100|[silent]
|upkeep
|turn|54
|
|t:|1729816240
|move|p2a: Flygon|Toxic|p1a: Celebi
|-status|p1a: Celebi|tox
|move|p1a: Celebi|Leech Seed||[still]
|-fail|p1a: Celebi
|
|-weather|Sandstorm|[upkeep]
|-damage|p1a: Celebi|94/100 tox|[from] Sandstorm
|-heal|p2a: Flygon|94/100|[from] item: Leftovers
|-damage|p2a: Flygon|82/100|[from] Leech Seed|[of] p1a: Celebi
|-heal|p1a: Celebi|100/100 tox|[silent]
|-damage|p1a: Celebi|94/100 tox|[from] psn
|upkeep
|turn|55
|
|t:|1729816245
|switch|p2a: Blissey|Blissey, F|66/100
|-damage|p2a: Blissey|41/100|[from] Spikes
|-curestatus|p1a: Celebi|tox|[from] ability: Natural Cure
|switch|p1a: Skarmory|Skarmory, M|100/100 par
|
|-weather|Sandstorm|[upkeep]
|-damage|p2a: Blissey|34/100|[from] Sandstorm
|-heal|p2a: Blissey|41/100|[from] item: Leftovers
|upkeep
|turn|56
|
|t:|1729816248
|move|p2a: Blissey|Soft-Boiled|p2a: Blissey
|-heal|p2a: Blissey|91/100
|move|p1a: Skarmory|Roar|p2a: Blissey
|drag|p2a: Zapdos|Zapdos|48/100
|
|-weather|Sandstorm|[upkeep]
|-damage|p2a: Zapdos|42/100|[from] Sandstorm
|-heal|p2a: Zapdos|48/100|[from] item: Leftovers
|upkeep
|turn|57
|
|t:|1729816256
|move|p2a: Zapdos|Thunder Wave|p1a: Skarmory
|-fail|p1a: Skarmory|par
|cant|p1a: Skarmory|par
|
|-weather|Sandstorm|[upkeep]
|-damage|p2a: Zapdos|42/100|[from] Sandstorm
|-heal|p2a: Zapdos|48/100|[from] item: Leftovers
|upkeep
|turn|58
|
|t:|1729816265
|switch|p1a: Swampert|Swampert, M|90/100
|move|p2a: Zapdos|Thunderbolt|p1a: Swampert
|-immune|p1a: Swampert
|
|-weather|Sandstorm|[upkeep]
|-damage|p2a: Zapdos|42/100|[from] Sandstorm
|-heal|p2a: Zapdos|48/100|[from] item: Leftovers
|-heal|p1a: Swampert|96/100|[from] item: Leftovers
|upkeep
|turn|59
|
|t:|1729816273
|move|p2a: Zapdos|Hidden Power|p1a: Swampert
|-supereffective|p1a: Swampert
|-damage|p1a: Swampert|20/100
|move|p1a: Swampert|Ice Beam|p2a: Zapdos
|-supereffective|p2a: Zapdos
|-damage|p2a: Zapdos|9/100
|
|-weather|Sandstorm|[upkeep]
|-damage|p2a: Zapdos|3/100|[from] Sandstorm
|-heal|p2a: Zapdos|9/100|[from] item: Leftovers
|-heal|p1a: Swampert|26/100|[from] item: Leftovers
|upkeep
|turn|60
|
|t:|1729816282
|switch|p1a: Celebi|Celebi|94/100
|move|p2a: Zapdos|Hidden Power|p1a: Celebi
|-resisted|p1a: Celebi
|-damage|p1a: Celebi|85/100
|
|-weather|Sandstorm|[upkeep]
|-damage|p1a: Celebi|79/100|[from] Sandstorm
|-damage|p2a: Zapdos|3/100|[from] Sandstorm
|-heal|p1a: Celebi|85/100|[from] item: Leftovers
|-heal|p2a: Zapdos|9/100|[from] item: Leftovers
|upkeep
|turn|61
|
|t:|1729816288
|switch|p1a: Swampert|Swampert, M|26/100
|switch|p2a: Blissey|Blissey, F|91/100
|-damage|p2a: Blissey|66/100|[from] Spikes
|
|-weather|Sandstorm|[upkeep]
|-damage|p2a: Blissey|59/100|[from] Sandstorm
|-heal|p2a: Blissey|66/100|[from] item: Leftovers
|-heal|p1a: Swampert|33/100|[from] item: Leftovers
|upkeep
|turn|62
|
|t:|1729816297
|move|p2a: Blissey|Soft-Boiled|p2a: Blissey
|-heal|p2a: Blissey|100/100
|move|p1a: Swampert|Curse|p1a: Swampert
|-unboost|p1a: Swampert|spe|1
|-boost|p1a: Swampert|atk|1
|-boost|p1a: Swampert|def|1
|
|-weather|Sandstorm|[upkeep]
|-damage|p2a: Blissey|94/100|[from] Sandstorm
|-heal|p2a: Blissey|100/100|[from] item: Leftovers
|-heal|p1a: Swampert|39/100|[from] item: Leftovers
|upkeep
|turn|63
|
|t:|1729816306
|move|p2a: Blissey|Wish|p2a: Blissey
|move|p1a: Swampert|Ice Beam|p2a: Blissey
|-damage|p2a: Blissey|92/100
|-status|p2a: Blissey|frz
|
|-weather|Sandstorm|[upkeep]
|-damage|p2a: Blissey|85/100 frz|[from] Sandstorm
|-heal|p2a: Blissey|92/100 frz|[from] item: Leftovers
|-heal|p1a: Swampert|45/100|[from] item: Leftovers
|upkeep
|turn|64
|
|t:|1729816316
|-curestatus|p2a: Blissey|frz|[from] ability: Natural Cure
|switch|p2a: Jumpluff|Jumpluff, F|76/100
|move|p1a: Swampert|Hydro Pump|p2a: Jumpluff
|-resisted|p2a: Jumpluff
|-damage|p2a: Jumpluff|49/100
|
|-heal|p2a: Jumpluff|99/100|[from] move: Wish|[wisher] Blissey
|-weather|Sandstorm|[upkeep]
|-damage|p2a: Jumpluff|92/100|[from] Sandstorm
|-heal|p2a: Jumpluff|99/100|[from] item: Leftovers
|-heal|p1a: Swampert|51/100|[from] item: Leftovers
|upkeep
|turn|65
|
|t:|1729816328
|move|p2a: Jumpluff|Substitute|p2a: Jumpluff
|-start|p2a: Jumpluff|Substitute
|-damage|p2a: Jumpluff|74/100
|move|p1a: Swampert|Ice Beam|p2a: Jumpluff
|-supereffective|p2a: Jumpluff
|-end|p2a: Jumpluff|Substitute
|
|-weather|Sandstorm|[upkeep]
|-damage|p2a: Jumpluff|67/100|[from] Sandstorm
|-heal|p2a: Jumpluff|74/100|[from] item: Leftovers
|-heal|p1a: Swampert|57/100|[from] item: Leftovers
|upkeep
|turn|66
|
|t:|1729816335
|move|p2a: Jumpluff|Stun Spore|p1a: Swampert
|-status|p1a: Swampert|par
|move|p1a: Swampert|Ice Beam|p2a: Jumpluff
|-supereffective|p2a: Jumpluff
|-damage|p2a: Jumpluff|0 fnt
|faint|p2a: Jumpluff
|
|t:|1729816340
|switch|p2a: Zapdos|Zapdos|9/100
|
|-weather|Sandstorm|[upkeep]
|-damage|p2a: Zapdos|3/100|[from] Sandstorm
|-heal|p2a: Zapdos|9/100|[from] item: Leftovers
|-heal|p1a: Swampert|64/100 par|[from] item: Leftovers
|upkeep
|turn|67
|
|t:|1729816346
|switch|p1a: Celebi|Celebi|85/100
|move|p2a: Zapdos|Hidden Power|p1a: Celebi
|-resisted|p1a: Celebi
|-damage|p1a: Celebi|77/100
|
|-weather|Sandstorm|[upkeep]
|-damage|p1a: Celebi|71/100|[from] Sandstorm
|-damage|p2a: Zapdos|3/100|[from] Sandstorm
|-heal|p1a: Celebi|77/100|[from] item: Leftovers
|-heal|p2a: Zapdos|9/100|[from] item: Leftovers
|upkeep
|turn|68
|
|t:|1729816354
|switch|p2a: Blissey|Blissey, F|92/100
|-damage|p2a: Blissey|67/100|[from] Spikes
|move|p1a: Celebi|Leech Seed|p2a: Blissey|[miss]
|-miss|p1a: Celebi|p2a: Blissey
|
|-weather|Sandstorm|[upkeep]
|-damage|p1a: Celebi|71/100|[from] Sandstorm
|-damage|p2a: Blissey|60/100|[from] Sandstorm
|-heal|p1a: Celebi|77/100|[from] item: Leftovers
|-heal|p2a: Blissey|67/100|[from] item: Leftovers
|upkeep
|turn|69
|
|t:|1729816360
|move|p1a: Celebi|Leech Seed|p2a: Blissey|[miss]
|-miss|p1a: Celebi|p2a: Blissey
|move|p2a: Blissey|Wish|p2a: Blissey
|
|-weather|Sandstorm|[upkeep]
|-damage|p1a: Celebi|71/100|[from] Sandstorm
|-damage|p2a: Blissey|60/100|[from] Sandstorm
|-heal|p1a: Celebi|77/100|[from] item: Leftovers
|-heal|p2a: Blissey|67/100|[from] item: Leftovers
|upkeep
|turn|70
|
|t:|1729816367
|switch|p1a: Tyranitar|Tyranitar, M|83/100
|move|p2a: Blissey|Thunder Wave|p1a: Tyranitar
|-status|p1a: Tyranitar|par
|
|-heal|p2a: Blissey|100/100|[from] move: Wish|[wisher] Blissey
|-weather|Sandstorm|[upkeep]
|-damage|p2a: Blissey|94/100|[from] Sandstorm
|-heal|p2a: Blissey|100/100|[from] item: Leftovers
|-heal|p1a: Tyranitar|89/100 par|[from] item: Leftovers
|upkeep
|turn|71
|
|t:|1729816381
|-singleturn|p1a: Tyranitar|move: Focus Punch
|switch|p2a: Flygon|Flygon, M|82/100
|move|p1a: Tyranitar|Focus Punch|p2a: Flygon
|-damage|p2a: Flygon|27/100
|
|-weather|Sandstorm|[upkeep]
|-heal|p2a: Flygon|33/100|[from] item: Leftovers
|-heal|p1a: Tyranitar|95/100 par|[from] item: Leftovers
|upkeep
|turn|72
|
|t:|1729816389
|switch|p1a: Skarmory|Skarmory, M|100/100 par
|move|p2a: Flygon|Earthquake|p1a: Skarmory
|-immune|p1a: Skarmory
|
|-weather|Sandstorm|[upkeep]
|-heal|p2a: Flygon|39/100|[from] item: Leftovers
|upkeep
|turn|73
|
|t:|1729816399
|switch|p2a: Gengar|Gengar, M|100/100
|cant|p1a: Skarmory|par
|
|-weather|Sandstorm|[upkeep]
|-damage|p2a: Gengar|94/100|[from] Sandstorm
|-heal|p2a: Gengar|100/100|[from] item: Leftovers
|upkeep
|turn|74
|
|t:|1729816414
|move|p2a: Gengar|Ice Punch|p1a: Skarmory
|-damage|p1a: Skarmory|78/100 par
|cant|p1a: Skarmory|par
|
|-weather|Sandstorm|[upkeep]
|-damage|p2a: Gengar|94/100|[from] Sandstorm
|-heal|p2a: Gengar|100/100|[from] item: Leftovers
|-heal|p1a: Skarmory|84/100 par|[from] item: Leftovers
|upkeep
|turn|75
|
|t:|1729816426
|switch|p2a: Zapdos|Zapdos|9/100
|switch|p1a: Swampert|Swampert, M|64/100 par
|
|-weather|Sandstorm|[upkeep]
|-damage|p2a: Zapdos|3/100|[from] Sandstorm
|-heal|p2a: Zapdos|9/100|[from] item: Leftovers
|-heal|p1a: Swampert|70/100 par|[from] item: Leftovers
|upkeep
|turn|76
|
|t:|1729816434
|switch|p1a: Celebi|Celebi|77/100
|move|p2a: Zapdos|Hidden Power|p1a: Celebi
|-resisted|p1a: Celebi
|-damage|p1a: Celebi|68/100
|
|-weather|Sandstorm|[upkeep]
|-damage|p1a: Celebi|62/100|[from] Sandstorm
|-damage|p2a: Zapdos|3/100|[from] Sandstorm
|-heal|p1a: Celebi|68/100|[from] item: Leftovers
|-heal|p2a: Zapdos|9/100|[from] item: Leftovers
|upkeep
|turn|77
|
|t:|1729816439
|switch|p2a: Blissey|Blissey, F|100/100
|-damage|p2a: Blissey|75/100|[from] Spikes
|move|p1a: Celebi|Leech Seed|p2a: Blissey
|-start|p2a: Blissey|move: Leech Seed
|
|-weather|Sandstorm|[upkeep]
|-damage|p1a: Celebi|62/100|[from] Sandstorm
|-damage|p2a: Blissey|69/100|[from] Sandstorm
|-heal|p1a: Celebi|68/100|[from] item: Leftovers
|-heal|p2a: Blissey|75/100|[from] item: Leftovers
|-damage|p2a: Blissey|63/100|[from] Leech Seed|[of] p1a: Celebi
|-heal|p1a: Celebi|89/100|[silent]
|upkeep
|turn|78
|
|t:|1729816447
|switch|p1a: Tyranitar|Tyranitar, M|95/100 par
|move|p2a: Blissey|Wish|p2a: Blissey
|
|-weather|Sandstorm|[upkeep]
|-damage|p2a: Blissey|57/100|[from] Sandstorm
|-heal|p2a: Blissey|63/100|[from] item: Leftovers
|-damage|p2a: Blissey|51/100|[from] Leech Seed|[of] p1a: Tyranitar
|-heal|p1a: Tyranitar|100/100 par|[silent]
|upkeep
|turn|79
|
|t:|1729816461
|-singleturn|p1a: Tyranitar|move: Focus Punch
|switch|p2a: Flygon|Flygon, M|39/100
|cant|p1a: Tyranitar|par
|
|-heal|p2a: Flygon|89/100|[from] move: Wish|[wisher] Blissey
|-weather|Sandstorm|[upkeep]
|-heal|p2a: Flygon|95/100|[from] item: Leftovers
|upkeep
|turn|80
|
|t:|1729816475
|switch|p1a: Skarmory|Skarmory, M|84/100 par
|move|p2a: Flygon|Earthquake|p1a: Skarmory
|-immune|p1a: Skarmory
|
|-weather|Sandstorm|[upkeep]
|-heal|p2a: Flygon|100/100|[from] item: Leftovers
|-heal|p1a: Skarmory|90/100 par|[from] item: Leftovers
|upkeep
|turn|81
|
|t:|1729816482
|switch|p2a: Gengar|Gengar, M|100/100
|move|p1a: Skarmory|Drill Peck|p2a: Gengar
|-damage|p2a: Gengar|61/100
|
|-weather|Sandstorm|[upkeep]
|-damage|p2a: Gengar|55/100|[from] Sandstorm
|-heal|p2a: Gengar|61/100|[from] item: Leftovers
|-heal|p1a: Skarmory|96/100 par|[from] item: Leftovers
|upkeep
|turn|82
|
|t:|1729816493
|move|p2a: Gengar|Ice Punch|p1a: Skarmory
|-crit|p1a: Skarmory
|-damage|p1a: Skarmory|49/100 par
|move|p1a: Skarmory|Drill Peck|p2a: Gengar
|-damage|p2a: Gengar|18/100
|
|-weather|Sandstorm|[upkeep]
|-damage|p2a: Gengar|12/100|[from] Sandstorm
|-heal|p2a: Gengar|18/100|[from] item: Leftovers
|-heal|p1a: Skarmory|55/100 par|[from] item: Leftovers
|upkeep
|turn|83
|
|t:|1729816501
|switch|p1a: Swampert|Swampert, M|70/100 par
|move|p2a: Gengar|Thunderbolt|p1a: Swampert
|-immune|p1a: Swampert
|
|-weather|Sandstorm|[upkeep]
|-damage|p2a: Gengar|12/100|[from] Sandstorm
|-heal|p2a: Gengar|18/100|[from] item: Leftovers
|-heal|p1a: Swampert|76/100 par|[from] item: Leftovers
|upkeep
|turn|84
|
|t:|1729816511
|move|p2a: Gengar|Ice Punch|p1a: Swampert
|-damage|p1a: Swampert|56/100 par
|move|p1a: Swampert|Ice Beam|p2a: Gengar
|-damage|p2a: Gengar|0 fnt
|faint|p2a: Gengar
|
|t:|1729816517
|switch|p2a: Zapdos|Zapdos|9/100
|
|-weather|Sandstorm|[upkeep]
|-damage|p2a: Zapdos|3/100|[from] Sandstorm
|-heal|p2a: Zapdos|9/100|[from] item: Leftovers
|-heal|p1a: Swampert|62/100 par|[from] item: Leftovers
|upkeep
|turn|85
|
|t:|1729816530
|switch|p1a: Celebi|Celebi|89/100
|move|p2a: Zapdos|Hidden Power|p1a: Celebi
|-resisted|p1a: Celebi
|-damage|p1a: Celebi|80/100
|
|-weather|Sandstorm|[upkeep]
|-damage|p1a: Celebi|74/100|[from] Sandstorm
|-damage|p2a: Zapdos|3/100|[from] Sandstorm
|-heal|p1a: Celebi|80/100|[from] item: Leftovers
|-heal|p2a: Zapdos|9/100|[from] item: Leftovers
|upkeep
|turn|86
|
|t:|1729816536
|switch|p2a: Blissey|Blissey, F|51/100
|-damage|p2a: Blissey|26/100|[from] Spikes
|move|p1a: Celebi|Leech Seed|p2a: Blissey
|-start|p2a: Blissey|move: Leech Seed
|
|-weather|Sandstorm|[upkeep]
|-damage|p1a: Celebi|74/100|[from] Sandstorm
|-damage|p2a: Blissey|20/100|[from] Sandstorm
|-heal|p1a: Celebi|80/100|[from] item: Leftovers
|-heal|p2a: Blissey|26/100|[from] item: Leftovers
|-damage|p2a: Blissey|13/100|[from] Leech Seed|[of] p1a: Celebi
|-heal|p1a: Celebi|100/100|[silent]
|upkeep
|turn|87
|
|t:|1729816545
|move|p1a: Celebi|Psychic|p2a: Blissey
|-damage|p2a: Blissey|0 fnt
|faint|p2a: Blissey
|
|t:|1729816548
|switch|p2a: Aerodactyl|Aerodactyl, M|100/100
|
|-weather|Sandstorm|[upkeep]
|-damage|p1a: Celebi|94/100|[from] Sandstorm
|-heal|p1a: Celebi|100/100|[from] item: Leftovers
|upkeep
|turn|88
|
|t:|1729816557
|switch|p1a: Skarmory|Skarmory, M|55/100 par
|move|p2a: Aerodactyl|Rock Slide|p1a: Skarmory
|-damage|p1a: Skarmory|9/100 par
|
|-weather|Sandstorm|[upkeep]
|-heal|p1a: Skarmory|15/100 par|[from] item: Leftovers
|upkeep
|turn|89
|
|t:|1729816560
|move|p2a: Aerodactyl|Rock Slide|p1a: Skarmory
|-damage|p1a: Skarmory|0 fnt
|faint|p1a: Skarmory
|
|t:|1729816563
|switch|p1a: Swampert|Swampert, M|62/100 par
|
|-weather|Sandstorm|[upkeep]
|-heal|p1a: Swampert|68/100 par|[from] item: Leftovers
|upkeep
|turn|90
|
|t:|1729816566
|switch|p2a: Flygon|Flygon, M|100/100
|move|p1a: Swampert|Ice Beam|p2a: Flygon
|-supereffective|p2a: Flygon
|-damage|p2a: Flygon|0 fnt
|faint|p2a: Flygon
|
|t:|1729816569
|switch|p2a: Zapdos|Zapdos|9/100
|
|-weather|Sandstorm|[upkeep]
|-damage|p2a: Zapdos|3/100|[from] Sandstorm
|-heal|p2a: Zapdos|9/100|[from] item: Leftovers
|-heal|p1a: Swampert|74/100 par|[from] item: Leftovers
|upkeep
|turn|91
|
|t:|1729816573
|switch|p2a: Aerodactyl|Aerodactyl, M|100/100
|switch|p1a: Celebi|Celebi|100/100
|
|-weather|Sandstorm|[upkeep]
|-damage|p1a: Celebi|94/100|[from] Sandstorm
|-heal|p1a: Celebi|100/100|[from] item: Leftovers
|upkeep
|turn|92
|c|☆PuruglyIsUgly|gg
|
|t:|1729816588
|move|p2a: Aerodactyl|Hidden Power|p1a: Celebi
|-supereffective|p1a: Celebi
|-crit|p1a: Celebi
|-damage|p1a: Celebi|0 fnt
|faint|p1a: Celebi
|
|t:|1729816594
|switch|p1a: Aerodactyl|Aerodactyl, M|100/100
|
|-weather|Sandstorm|[upkeep]
|upkeep
|turn|93
|
|t:|1729816598
|switch|p2a: Zapdos|Zapdos|9/100
|move|p1a: Aerodactyl|Rock Slide|p2a: Zapdos
|-supereffective|p2a: Zapdos
|-damage|p2a: Zapdos|0 fnt
|faint|p2a: Zapdos
|
|t:|1729816600
|switch|p2a: Aerodactyl|Aerodactyl, M|100/100
|
|-weather|Sandstorm|[upkeep]
|upkeep
|turn|94
|
|t:|1729816604
|move|p1a: Aerodactyl|Rock Slide|p2a: Aerodactyl
|-supereffective|p2a: Aerodactyl
|-damage|p2a: Aerodactyl|0 fnt
|faint|p2a: Aerodactyl
|
|win|CharBoy3000
|c|☆CharBoy3000|Gg
|player|p2|
|player|p1|
|player|p1|CharBoy3000|blaine|

</script>
<script type="application/json" class="data" id="replaydata-smogtours-gen3ou-801719">
{"id":"smogtours-gen3ou-801719","format":"[Gen 3] OU","players":["CharBoy3000","PuruglyIsUgly"],"uploadtime":1729816604,"views":92,"formatid":"gen3ou","rating":null,"private":0,"password":null}
</script>

<script defer src="js/replays.js?9d40a366"></script>
