<!DOCTYPE html>
<meta charset="utf-8" />
<meta name="viewport" content="width=device-width" />

<title>[Gen 3] OU: GypsygypsTeacourse vs. tanao - Replays - Pok&eacute;mon Showdown!</title>

<meta name="description" content="Watch a replay of a Pok&eacute;mon battle between GypsygypsTeacourse and tanao! Format: [Gen 3] OU; Date: Oct 9, 2024" />
<!--

Hey, you! Looking in the source for the replay log?

You can find them in JSON format, just add `.json` at the end of a replay URL.

https://replay.pokemonshowdown.com/gen7randomdoublesbattle-865046831.json

Or, if you only need the log itself, add `.log` instead:

https://replay.pokemonshowdown.com/gen7randomdoublesbattle-865046831.log

-->

<link rel="stylesheet" href="//pokemonshowdown.com/style/global.css?0.023195364461161105" />
<link rel="stylesheet" href="//play.pokemonshowdown.com/style/font-awesome.css?0.13261647063804238" />
<link rel="stylesheet" href="//play.pokemonshowdown.com/style/battle.css?0.8753245789963631" />
<link rel="stylesheet" href="//play.pokemonshowdown.com/style/utilichart.css?0.8627959624976733" />

<!-- Global site tag (gtag.js) - Google Analytics -->
<script async src="https://www.googletagmanager.com/gtag/js?id=UA-26211653-1"></script>
<script>
  window.dataLayer = window.dataLayer || [];
  function gtag(){dataLayer.push(arguments);}
  gtag('js', new Date());

  gtag('config', 'UA-26211653-1');
</script>
<!-- End Google Analytics -->
<!-- Venatus Ad Manager - Install in <HEAD> of page -->
	<script src="https://hb.vntsm.com/v3/live/ad-manager.min.js" type="text/javascript" data-site-id="642aba63ec9a7b11c3c9c1be" data-mode="scan" async></script>
<!-- / Venatus Ad Manager -->

<style>
	@media (max-width:820px) {
		.battle {
			margin: 0 auto;
		}
		.battle-log {
			margin: 7px auto 0;
			max-width: 640px;
			height: 300px;
			position: static;
		}
	}
	.optgroup {
		display: inline-block;
		line-height: 22px;
		font-size: 10pt;
	}
	.optgroup .button {
		height: 25px;
		padding-top: 0;
		padding-bottom: 0;
	}
	.optgroup button.button {
		padding-left: 12px;
		padding-right: 12px;
	}
	.linklist {
		list-style: none;
		margin: 0.5em 0;
		padding: 0;
	}
	.linklist li {
		padding: 2px 0;
	}
	.sidebar {
		float: left;
		width: 320px;
	}
	.bar-wrapper {
		max-width: 1100px;
		margin: 0 auto;
	}
	.bar-wrapper.has-sidebar {
		max-width: 1430px;
	}
	.mainbar {
		margin: 0;
		padding-right: 1px;
	}
	.mainbar.has-sidebar {
		margin-left: 330px;
	}
	@media (min-width: 1511px) {
		.sidebar {
			width: 400px;
		}
		.bar-wrapper.has-sidebar {
			max-width: 1510px;
		}
		.mainbar.has-sidebar {
			margin-left: 410px;
		}
	}
	.section.first-section {
		margin-top: 9px;
	}
	.blocklink small {
		white-space: normal;
	}
	.button {
		vertical-align: middle;
	}
	.replay-controls {
		padding-top: 10px;
	}
	.replay-controls h1 {
		font-size: 16pt;
		font-weight: normal;
		color: #CCC;
	}
	.pagelink {
		text-align: center;
	}
	.pagelink a {
		width: 150px;
	}
	.textbox, .button {
		font-size: 11pt;
		vertical-align: middle;
	}
	@media (max-width: 450px) {
		.button {
			font-size: 9pt;
		}
	}
</style>

<div>

	<header>
		<div class="nav-wrapper"><ul class="nav">
			<li><a class="button nav-first" href="//pokemonshowdown.com/"><img src="//pokemonshowdown.com/images/pokemonshowdownbeta.png" srcset="//pokemonshowdown.com/images/pokemonshowdownbeta.png 1x, //pokemonshowdown.com/images/pokemonshowdownbeta@2x.png 2x" alt="Pok&eacute;mon Showdown" width="146" height="44" /> Home</a></li>
			<li><a class="button" href="//pokemonshowdown.com/dex/">Pok&eacute;dex</a></li>
			<li><a class="button cur" href="/">Replays</a></li>
			<li><a class="button" href="//pokemonshowdown.com/ladder/">Ladder</a></li>
			<li><a class="button nav-last" href="//pokemonshowdown.com/forums/">Forum</a></li>
			<li><a class="button greenbutton nav-first nav-last" href="//play.pokemonshowdown.com/">Play</a></li>
		</ul></div>
	</header>

	<div class="main" id="main">

		<noscript><section class="section">You need to enable JavaScript to use this page; sorry!</section></noscript>

	</div>

</div>

<script defer nomodule src="//play.pokemonshowdown.com/js/lib/ps-polyfill.js"></script>
<script defer src="//play.pokemonshowdown.com/js/lib/preact.min.js"></script>

<script defer src="//play.pokemonshowdown.com/config/config.js?2bddbc15"></script>
<script defer src="//play.pokemonshowdown.com/js/lib/jquery-1.11.0.min.js"></script>
<script defer src="//play.pokemonshowdown.com/js/lib/html-sanitizer-minified.js"></script>
<script defer src="//play.pokemonshowdown.com/js/battle-sound.js"></script>
<script defer src="//play.pokemonshowdown.com/js/battledata.js?0.7209276989879541"></script>
<script defer src="//play.pokemonshowdown.com/data/pokedex-mini.js?0.6111056340867951"></script>
<script defer src="//play.pokemonshowdown.com/data/pokedex-mini-bw.js?0.3532142036491459"></script>
<script defer src="//play.pokemonshowdown.com/data/graphics.js?0.24223875632456182"></script>
<script defer src="//play.pokemonshowdown.com/data/pokedex.js?0.38839984266356864"></script>
<script defer src="//play.pokemonshowdown.com/data/moves.js?0.21866028504024015"></script>
<script defer src="//play.pokemonshowdown.com/data/abilities.js?0.2005157953846628"></script>
<script defer src="//play.pokemonshowdown.com/data/items.js?0.9894211263848525"></script>
<script defer src="//play.pokemonshowdown.com/data/teambuilder-tables.js?0.6008791140282215"></script>
<script defer src="//play.pokemonshowdown.com/js/battle-tooltips.js?0.7580118955022959"></script>
<script defer src="//play.pokemonshowdown.com/js/battle.js?0.6057722274234274"></script>

<script defer src="js/utils.js?e31f9a17"></script>
<script defer src="js/replays-battle.js?7008c182"></script>

<!-- don't scrape this data! just add .json or .log after the URL!
Full API docs: https://github.com/smogon/pokemon-showdown-client/blob/master/WEB-API.md -->
<script type="text/plain" class="log" id="replaylog-smogtours-gen3ou-796600">
|inactive|Battle timer is ON: inactive players will automatically lose when time's up.
|t:|1728466203
|gametype|singles
|player|p1|GypsygypsTeacourse|265|
|player|p2|tanao|tuber|
|teamsize|p1|6
|teamsize|p2|6
|gen|3
|tier|[Gen 3] OU
|rule|Sleep Clause Mod: Limit one foe put to sleep
|rule|Switch Priority Clause Mod: Faster Pokémon switch first
|rule|Species Clause: Limit one of each Pokémon
|rule|OHKO Clause: OHKO moves are banned
|rule|Evasion Items Clause: Evasion items are banned
|rule|Evasion Moves Clause: Evasion moves are banned
|rule|Endless Battle Clause: Forcing endless battles is banned
|rule|HP Percentage Mod: HP is shown in percentages
|rule|One Boost Passer Clause: Limit one Baton Passer that has a way to boost its stats
|rule|Freeze Clause Mod: Limit one foe frozen
|
|t:|1728466203
|start
|switch|p1a: We ballin'|Celebi|100/100
|switch|p2a: Skarmory|Skarmory, M|100/100
|turn|1
|
|t:|1728466220
|switch|p1a: whistleblower|Tyranitar, F|100/100
|-weather|Sandstorm|[from] ability: Sand Stream|[of] p1a: whistleblower
|move|p2a: Skarmory|Spikes|p1a: whistleblower
|-sidestart|p1: GypsygypsTeacourse|Spikes
|
|-weather|Sandstorm|[upkeep]
|upkeep
|turn|2
|
|t:|1728466242
|move|p1a: whistleblower|Fire Blast|p2a: Skarmory|[miss]
|-miss|p1a: whistleblower|p2a: Skarmory
|move|p2a: Skarmory|Roar|p1a: whistleblower
|drag|p1a: Sol Badguy|Lunatone|100/100
|
|-weather|Sandstorm|[upkeep]
|upkeep
|turn|3
|
|t:|1728466259
|move|p1a: Sol Badguy|Hypnosis|p2a: Skarmory|[miss]
|-miss|p1a: Sol Badguy|p2a: Skarmory
|move|p2a: Skarmory|Toxic|p1a: Sol Badguy|[miss]
|-miss|p2a: Skarmory|p1a: Sol Badguy
|
|-weather|Sandstorm|[upkeep]
|upkeep
|turn|4
|inactive|tanao has 270 seconds left.
|
|t:|1728466296
|switch|p2a: Jolteon|Jolteon, M|100/100
|move|p1a: Sol Badguy|Substitute|p1a: Sol Badguy
|-start|p1a: Sol Badguy|Substitute
|-damage|p1a: Sol Badguy|75/100
|
|-weather|Sandstorm|[upkeep]
|-damage|p2a: Jolteon|94/100|[from] Sandstorm
|-heal|p2a: Jolteon|100/100|[from] item: Leftovers
|upkeep
|turn|5
|
|t:|1728466313
|move|p2a: Jolteon|Thunderbolt|p1a: Sol Badguy
|-end|p1a: Sol Badguy|Substitute
|move|p1a: Sol Badguy|Hypnosis|p2a: Jolteon
|-status|p2a: Jolteon|slp|[from] move: Hypnosis
|
|-weather|Sandstorm|[upkeep]
|-damage|p2a: Jolteon|94/100 slp|[from] Sandstorm
|-heal|p2a: Jolteon|100/100 slp|[from] item: Leftovers
|upkeep
|turn|6
|
|t:|1728466330
|switch|p2a: Skarmory|Skarmory, M|100/100
|switch|p1a: Camper Pamper|Forretress, F|100/100
|-damage|p1a: Camper Pamper|88/100|[from] Spikes
|
|-weather|Sandstorm|[upkeep]
|-heal|p1a: Camper Pamper|94/100|[from] item: Leftovers
|upkeep
|turn|7
|
|t:|1728466338
|switch|p2a: Gengar|Gengar, F|100/100
|move|p1a: Camper Pamper|Spikes|p2a: Gengar
|-sidestart|p2: tanao|Spikes
|
|-weather|Sandstorm|[upkeep]
|-damage|p2a: Gengar|95/100|[from] Sandstorm
|-heal|p2a: Gengar|100/100|[from] item: Leftovers
|-heal|p1a: Camper Pamper|100/100|[from] item: Leftovers
|upkeep
|turn|8
|
|t:|1728466354
|move|p1a: Camper Pamper|Protect|p1a: Camper Pamper
|-singleturn|p1a: Camper Pamper|Protect
|move|p2a: Gengar|Fire Punch|p1a: Camper Pamper
|-activate|p1a: Camper Pamper|Protect
|
|-weather|Sandstorm|[upkeep]
|-damage|p2a: Gengar|95/100|[from] Sandstorm
|-heal|p2a: Gengar|100/100|[from] item: Leftovers
|upkeep
|turn|9
|
|t:|1728466371
|switch|p1a: whistleblower|Tyranitar, F|100/100
|-damage|p1a: whistleblower|88/100|[from] Spikes
|move|p2a: Gengar|Fire Punch|p1a: whistleblower
|-resisted|p1a: whistleblower
|-damage|p1a: whistleblower|78/100
|
|-weather|Sandstorm|[upkeep]
|-damage|p2a: Gengar|95/100|[from] Sandstorm
|-heal|p2a: Gengar|100/100|[from] item: Leftovers
|-heal|p1a: whistleblower|84/100|[from] item: Leftovers
|upkeep
|turn|10
|inactive|tanao has 270 seconds left.
|
|t:|1728466382
|move|p2a: Gengar|Hidden Power|p1a: whistleblower
|-supereffective|p1a: whistleblower
|-crit|p1a: whistleblower
|-damage|p1a: whistleblower|0 fnt
|faint|p1a: whistleblower
|c|☆tanao|damb
|
|t:|1728466393
|switch|p1a: We ballin'|Celebi|100/100
|-damage|p1a: We ballin'|88/100|[from] Spikes
|
|-weather|Sandstorm|[upkeep]
|-damage|p2a: Gengar|95/100|[from] Sandstorm
|-damage|p1a: We ballin'|82/100|[from] Sandstorm
|-heal|p2a: Gengar|100/100|[from] item: Leftovers
|-heal|p1a: We ballin'|88/100|[from] item: Leftovers
|upkeep
|turn|11
|inactive|tanao has 270 seconds left.
|
|t:|1728466404
|switch|p2a: Skarmory|Skarmory, M|100/100
|move|p1a: We ballin'|Shadow Ball|p2a: Skarmory
|-resisted|p2a: Skarmory
|-damage|p2a: Skarmory|93/100
|-unboost|p2a: Skarmory|spd|1
|
|-weather|Sandstorm|[upkeep]
|-damage|p1a: We ballin'|82/100|[from] Sandstorm
|-heal|p1a: We ballin'|88/100|[from] item: Leftovers
|-heal|p2a: Skarmory|99/100|[from] item: Leftovers
|upkeep
|turn|12
|inactive|tanao has 270 seconds left.
|
|t:|1728466417
|move|p1a: We ballin'|Swords Dance|p1a: We ballin'
|-boost|p1a: We ballin'|atk|2
|move|p2a: Skarmory|Spikes|p1a: We ballin'
|-sidestart|p1: GypsygypsTeacourse|Spikes
|
|-weather|Sandstorm|[upkeep]
|-damage|p1a: We ballin'|82/100|[from] Sandstorm
|-heal|p1a: We ballin'|88/100|[from] item: Leftovers
|-heal|p2a: Skarmory|100/100|[from] item: Leftovers
|upkeep
|turn|13
|
|t:|1728466426
|move|p1a: We ballin'|Baton Pass|p1a: We ballin'
|
|t:|1728466440
|switch|p1a: A dragon|Metagross|100/100|[from] Baton Pass
|-damage|p1a: A dragon|84/100|[from] Spikes
|move|p2a: Skarmory|Roar|p1a: A dragon
|drag|p1a: Camper Pamper|Forretress, F|100/100
|-damage|p1a: Camper Pamper|84/100|[from] Spikes
|
|-weather|Sandstorm|[upkeep]
|-heal|p1a: Camper Pamper|90/100|[from] item: Leftovers
|upkeep
|turn|14
|
|t:|1728466449
|switch|p2a: Gengar|Gengar, F|100/100
|move|p1a: Camper Pamper|Spikes|p2a: Gengar
|-sidestart|p2: tanao|Spikes
|
|-weather|Sandstorm|[upkeep]
|-damage|p2a: Gengar|95/100|[from] Sandstorm
|-heal|p2a: Gengar|100/100|[from] item: Leftovers
|-heal|p1a: Camper Pamper|96/100|[from] item: Leftovers
|upkeep
|turn|15
|
|t:|1728466457
|move|p1a: Camper Pamper|Protect|p1a: Camper Pamper
|-singleturn|p1a: Camper Pamper|Protect
|move|p2a: Gengar|Fire Punch|p1a: Camper Pamper
|-activate|p1a: Camper Pamper|Protect
|
|-weather|Sandstorm|[upkeep]
|-damage|p2a: Gengar|95/100|[from] Sandstorm
|-heal|p2a: Gengar|100/100|[from] item: Leftovers
|-heal|p1a: Camper Pamper|100/100|[from] item: Leftovers
|upkeep
|turn|16
|
|t:|1728466466
|switch|p1a: Reddo Fight!!|Poliwrath, F|100/100
|-damage|p1a: Reddo Fight!!|84/100|[from] Spikes
|move|p2a: Gengar|Fire Punch|p1a: Reddo Fight!!
|-resisted|p1a: Reddo Fight!!
|-damage|p1a: Reddo Fight!!|73/100
|
|-weather|Sandstorm|[upkeep]
|-damage|p2a: Gengar|95/100|[from] Sandstorm
|-damage|p1a: Reddo Fight!!|67/100|[from] Sandstorm
|-heal|p2a: Gengar|100/100|[from] item: Leftovers
|-heal|p1a: Reddo Fight!!|73/100|[from] item: Leftovers
|upkeep
|turn|17
|inactive|tanao has 270 seconds left.
|
|t:|1728466515
|move|p2a: Gengar|Hidden Power|p1a: Reddo Fight!!
|-supereffective|p1a: Reddo Fight!!
|-damage|p1a: Reddo Fight!!|32/100
|move|p1a: Reddo Fight!!|Substitute|p1a: Reddo Fight!!
|-start|p1a: Reddo Fight!!|Substitute
|-damage|p1a: Reddo Fight!!|7/100
|
|-weather|Sandstorm|[upkeep]
|-damage|p2a: Gengar|95/100|[from] Sandstorm
|-damage|p1a: Reddo Fight!!|1/100|[from] Sandstorm
|-heal|p2a: Gengar|100/100|[from] item: Leftovers
|-heal|p1a: Reddo Fight!!|7/100|[from] item: Leftovers
|upkeep
|turn|18
|
|t:|1728466527
|move|p2a: Gengar|Hidden Power|p1a: Reddo Fight!!
|-supereffective|p1a: Reddo Fight!!
|-end|p1a: Reddo Fight!!|Substitute
|move|p1a: Reddo Fight!!|Toxic|p2a: Gengar
|-immune|p2a: Gengar
|
|-weather|Sandstorm|[upkeep]
|-damage|p2a: Gengar|95/100|[from] Sandstorm
|-damage|p1a: Reddo Fight!!|1/100|[from] Sandstorm
|-heal|p2a: Gengar|100/100|[from] item: Leftovers
|-heal|p1a: Reddo Fight!!|7/100|[from] item: Leftovers
|upkeep
|turn|19
|
|t:|1728466537
|move|p2a: Gengar|Hidden Power|p1a: Reddo Fight!!
|-supereffective|p1a: Reddo Fight!!
|-crit|p1a: Reddo Fight!!
|-damage|p1a: Reddo Fight!!|0 fnt
|faint|p1a: Reddo Fight!!
|
|t:|1728466541
|switch|p1a: A dragon|Metagross|84/100
|-damage|p1a: A dragon|67/100|[from] Spikes
|
|-weather|Sandstorm|[upkeep]
|-damage|p2a: Gengar|95/100|[from] Sandstorm
|-heal|p2a: Gengar|100/100|[from] item: Leftovers
|-heal|p1a: A dragon|73/100|[from] item: Leftovers
|upkeep
|turn|20
|
|t:|1728466564
|switch|p2a: Skarmory|Skarmory, M|100/100
|move|p1a: A dragon|Meteor Mash|p2a: Skarmory|[miss]
|-miss|p1a: A dragon|p2a: Skarmory
|
|-weather|Sandstorm|[upkeep]
|-heal|p1a: A dragon|80/100|[from] item: Leftovers
|upkeep
|turn|21
|
|t:|1728466575
|move|p1a: A dragon|Explosion|p2a: Skarmory
|-resisted|p2a: Skarmory
|-damage|p2a: Skarmory|27/100
|faint|p1a: A dragon
|c|☆tanao|damb
|
|t:|1728466581
|switch|p1a: Sol Badguy|Lunatone|75/100
|
|-weather|Sandstorm|[upkeep]
|-heal|p2a: Skarmory|33/100|[from] item: Leftovers
|upkeep
|turn|22
|c|☆tanao|sorry for all this luck
|
|t:|1728466593
|move|p1a: Sol Badguy|Explosion|p2a: Skarmory
|-resisted|p2a: Skarmory
|-damage|p2a: Skarmory|8/100
|faint|p1a: Sol Badguy
|c|☆GypsygypsTeacourse|nw
|
|t:|1728466598
|switch|p1a: We ballin'|Celebi|88/100
|-damage|p1a: We ballin'|72/100|[from] Spikes
|
|-weather|Sandstorm|[upkeep]
|-damage|p1a: We ballin'|65/100|[from] Sandstorm
|-heal|p1a: We ballin'|72/100|[from] item: Leftovers
|-heal|p2a: Skarmory|14/100|[from] item: Leftovers
|upkeep
|turn|23
|
|t:|1728466617
|move|p1a: We ballin'|Shadow Ball|p2a: Skarmory
|-resisted|p2a: Skarmory
|-damage|p2a: Skarmory|7/100
|-unboost|p2a: Skarmory|spd|1
|move|p2a: Skarmory|Toxic|p1a: We ballin'
|-status|p1a: We ballin'|tox
|
|-weather|Sandstorm|[upkeep]
|-damage|p1a: We ballin'|65/100 tox|[from] Sandstorm
|-heal|p1a: We ballin'|72/100 tox|[from] item: Leftovers
|-damage|p1a: We ballin'|65/100 tox|[from] psn
|-heal|p2a: Skarmory|13/100|[from] item: Leftovers
|upkeep
|turn|24
|
|t:|1728466630
|move|p2a: Skarmory|Protect|p2a: Skarmory
|-singleturn|p2a: Skarmory|Protect
|move|p1a: We ballin'|Recover|p1a: We ballin'
|-heal|p1a: We ballin'|100/100 tox
|
|-weather|Sandstorm|[upkeep]
|-damage|p1a: We ballin'|94/100 tox|[from] Sandstorm
|-heal|p1a: We ballin'|100/100 tox|[from] item: Leftovers
|-damage|p1a: We ballin'|88/100 tox|[from] psn
|-heal|p2a: Skarmory|19/100|[from] item: Leftovers
|upkeep
|turn|25
|
|t:|1728466641
|-curestatus|p1a: We ballin'|tox|[from] ability: Natural Cure
|switch|p1a: Camper Pamper|Forretress, F|100/100
|-damage|p1a: Camper Pamper|84/100|[from] Spikes
|move|p2a: Skarmory|Spikes|p1a: Camper Pamper
|-sidestart|p1: GypsygypsTeacourse|Spikes
|
|-weather|Sandstorm|[upkeep]
|-heal|p2a: Skarmory|25/100|[from] item: Leftovers
|-heal|p1a: Camper Pamper|90/100|[from] item: Leftovers
|upkeep
|turn|26
|
|t:|1728466651
|switch|p2a: Gengar|Gengar, F|100/100
|switch|p1a: We ballin'|Celebi|88/100
|-damage|p1a: We ballin'|63/100|[from] Spikes
|
|-weather|Sandstorm|[upkeep]
|-damage|p2a: Gengar|95/100|[from] Sandstorm
|-damage|p1a: We ballin'|57/100|[from] Sandstorm
|-heal|p2a: Gengar|100/100|[from] item: Leftovers
|-heal|p1a: We ballin'|63/100|[from] item: Leftovers
|upkeep
|turn|27
|
|t:|1728466665
|switch|p2a: Skarmory|Skarmory, M|25/100
|move|p1a: We ballin'|Recover|p1a: We ballin'
|-heal|p1a: We ballin'|100/100
|
|-weather|Sandstorm|[upkeep]
|-damage|p1a: We ballin'|94/100|[from] Sandstorm
|-heal|p1a: We ballin'|100/100|[from] item: Leftovers
|-heal|p2a: Skarmory|31/100|[from] item: Leftovers
|upkeep
|turn|28
|
|t:|1728466673
|move|p1a: We ballin'|Swords Dance|p1a: We ballin'
|-boost|p1a: We ballin'|atk|2
|move|p2a: Skarmory|Toxic|p1a: We ballin'
|-status|p1a: We ballin'|tox
|
|-weather|Sandstorm|[upkeep]
|-damage|p1a: We ballin'|94/100 tox|[from] Sandstorm
|-heal|p1a: We ballin'|100/100 tox|[from] item: Leftovers
|-damage|p1a: We ballin'|94/100 tox|[from] psn
|-heal|p2a: Skarmory|37/100|[from] item: Leftovers
|upkeep
|turn|29
|inactive|tanao has 270 seconds left.
|
|t:|1728466694
|switch|p2a: Tyranitar|Tyranitar, M|100/100
|-damage|p2a: Tyranitar|84/100|[from] Spikes
|move|p1a: We ballin'|Shadow Ball|p2a: Tyranitar
|-resisted|p2a: Tyranitar
|-damage|p2a: Tyranitar|69/100
|
|-weather|Sandstorm|[upkeep]
|-damage|p1a: We ballin'|88/100 tox|[from] Sandstorm
|-heal|p1a: We ballin'|94/100 tox|[from] item: Leftovers
|-damage|p1a: We ballin'|82/100 tox|[from] psn
|-heal|p2a: Tyranitar|75/100|[from] item: Leftovers
|upkeep
|turn|30
|
|t:|1728466705
|move|p1a: We ballin'|Baton Pass|p1a: We ballin'
|
|t:|1728466708
|-curestatus|p1a: We ballin'|tox|[from] ability: Natural Cure
|switch|p1a: Camper Pamper|Forretress, F|90/100|[from] Baton Pass
|-damage|p1a: Camper Pamper|65/100|[from] Spikes
|move|p2a: Tyranitar|Hidden Power|p1a: Camper Pamper
|-resisted|p1a: Camper Pamper
|-damage|p1a: Camper Pamper|57/100
|
|-weather|Sandstorm|[upkeep]
|-heal|p2a: Tyranitar|81/100|[from] item: Leftovers
|-heal|p1a: Camper Pamper|63/100|[from] item: Leftovers
|upkeep
|turn|31
|
|t:|1728466726
|switch|p2a: Gengar|Gengar, F|100/100
|move|p1a: Camper Pamper|Earthquake|p2a: Gengar
|-immune|p2a: Gengar
|
|-weather|Sandstorm|[upkeep]
|-damage|p2a: Gengar|95/100|[from] Sandstorm
|-heal|p2a: Gengar|100/100|[from] item: Leftovers
|-heal|p1a: Camper Pamper|70/100|[from] item: Leftovers
|upkeep
|turn|32
|
|t:|1728466735
|move|p1a: Camper Pamper|Protect|p1a: Camper Pamper
|-singleturn|p1a: Camper Pamper|Protect
|move|p2a: Gengar|Fire Punch|p1a: Camper Pamper
|-activate|p1a: Camper Pamper|Protect
|
|-weather|Sandstorm|[upkeep]
|-damage|p2a: Gengar|95/100|[from] Sandstorm
|-heal|p2a: Gengar|100/100|[from] item: Leftovers
|-heal|p1a: Camper Pamper|76/100|[from] item: Leftovers
|upkeep
|turn|33
|inactive|tanao has 270 seconds left.
|
|t:|1728466752
|move|p1a: Camper Pamper|Protect|p1a: Camper Pamper
|-singleturn|p1a: Camper Pamper|Protect
|move|p2a: Gengar|Fire Punch|p1a: Camper Pamper
|-activate|p1a: Camper Pamper|Protect
|
|-weather|Sandstorm|[upkeep]
|-damage|p2a: Gengar|95/100|[from] Sandstorm
|-heal|p2a: Gengar|100/100|[from] item: Leftovers
|-heal|p1a: Camper Pamper|82/100|[from] item: Leftovers
|upkeep
|turn|34
|
|t:|1728466773
|switch|p1a: We ballin'|Celebi|82/100
|-damage|p1a: We ballin'|57/100|[from] Spikes
|move|p2a: Gengar|Fire Punch|p1a: We ballin'
|-supereffective|p1a: We ballin'
|-damage|p1a: We ballin'|9/100
|-status|p1a: We ballin'|brn
|
|-weather|Sandstorm|[upkeep]
|-damage|p2a: Gengar|95/100|[from] Sandstorm
|-damage|p1a: We ballin'|3/100 brn|[from] Sandstorm
|-heal|p2a: Gengar|100/100|[from] item: Leftovers
|-heal|p1a: We ballin'|9/100 brn|[from] item: Leftovers
|-damage|p1a: We ballin'|0 fnt|[from] brn
|faint|p1a: We ballin'
|upkeep
|
|t:|1728466777
|switch|p1a: Camper Pamper|Forretress, F|82/100
|-damage|p1a: Camper Pamper|57/100|[from] Spikes
|turn|35
|
|t:|1728466788
|move|p1a: Camper Pamper|Protect|p1a: Camper Pamper
|-singleturn|p1a: Camper Pamper|Protect
|move|p2a: Gengar|Fire Punch|p1a: Camper Pamper
|-activate|p1a: Camper Pamper|Protect
|
|-weather|Sandstorm|[upkeep]
|-damage|p2a: Gengar|95/100|[from] Sandstorm
|-heal|p2a: Gengar|100/100|[from] item: Leftovers
|-heal|p1a: Camper Pamper|63/100|[from] item: Leftovers
|upkeep
|turn|36
|
|t:|1728466798
|move|p1a: Camper Pamper|Protect||[still]
|-fail|p1a: Camper Pamper
|move|p2a: Gengar|Fire Punch|p1a: Camper Pamper
|-supereffective|p1a: Camper Pamper
|-damage|p1a: Camper Pamper|0 fnt
|faint|p1a: Camper Pamper
|
|win|tanao
|player|p1|

</script>
<script type="application/json" class="data" id="replaydata-smogtours-gen3ou-796600">
{"id":"smogtours-gen3ou-796600","format":"[Gen 3] OU","players":["GypsygypsTeacourse","tanao"],"uploadtime":1728466798,"views":97,"formatid":"gen3ou","rating":null,"private":0,"password":null}
</script>

<script defer src="js/replays.js?9d40a366"></script>
