<!DOCTYPE html>
<meta charset="utf-8" />
<meta name="viewport" content="width=device-width" />

<title>[Gen 3] OU: swope vs. Svejk97 - Replays - Pok&eacute;mon Showdown!</title>

<meta name="description" content="Watch a replay of a Pok&eacute;mon battle between swope and Svejk97! Format: [Gen 3] OU; Date: Oct 1, 2024" />
<!--

Hey, you! Looking in the source for the replay log?

You can find them in JSON format, just add `.json` at the end of a replay URL.

https://replay.pokemonshowdown.com/gen7randomdoublesbattle-865046831.json

Or, if you only need the log itself, add `.log` instead:

https://replay.pokemonshowdown.com/gen7randomdoublesbattle-865046831.log

-->

<link rel="stylesheet" href="//pokemonshowdown.com/style/global.css?0.023195364461161105" />
<link rel="stylesheet" href="//play.pokemonshowdown.com/style/font-awesome.css?0.13261647063804238" />
<link rel="stylesheet" href="//play.pokemonshowdown.com/style/battle.css?0.8753245789963631" />
<link rel="stylesheet" href="//play.pokemonshowdown.com/style/utilichart.css?0.8627959624976733" />

<!-- Global site tag (gtag.js) - Google Analytics -->
<script async src="https://www.googletagmanager.com/gtag/js?id=UA-26211653-1"></script>
<script>
  window.dataLayer = window.dataLayer || [];
  function gtag(){dataLayer.push(arguments);}
  gtag('js', new Date());

  gtag('config', 'UA-26211653-1');
</script>
<!-- End Google Analytics -->
<!-- Venatus Ad Manager - Install in <HEAD> of page -->
	<script src="https://hb.vntsm.com/v3/live/ad-manager.min.js" type="text/javascript" data-site-id="642aba63ec9a7b11c3c9c1be" data-mode="scan" async></script>
<!-- / Venatus Ad Manager -->

<style>
	@media (max-width:820px) {
		.battle {
			margin: 0 auto;
		}
		.battle-log {
			margin: 7px auto 0;
			max-width: 640px;
			height: 300px;
			position: static;
		}
	}
	.optgroup {
		display: inline-block;
		line-height: 22px;
		font-size: 10pt;
	}
	.optgroup .button {
		height: 25px;
		padding-top: 0;
		padding-bottom: 0;
	}
	.optgroup button.button {
		padding-left: 12px;
		padding-right: 12px;
	}
	.linklist {
		list-style: none;
		margin: 0.5em 0;
		padding: 0;
	}
	.linklist li {
		padding: 2px 0;
	}
	.sidebar {
		float: left;
		width: 320px;
	}
	.bar-wrapper {
		max-width: 1100px;
		margin: 0 auto;
	}
	.bar-wrapper.has-sidebar {
		max-width: 1430px;
	}
	.mainbar {
		margin: 0;
		padding-right: 1px;
	}
	.mainbar.has-sidebar {
		margin-left: 330px;
	}
	@media (min-width: 1511px) {
		.sidebar {
			width: 400px;
		}
		.bar-wrapper.has-sidebar {
			max-width: 1510px;
		}
		.mainbar.has-sidebar {
			margin-left: 410px;
		}
	}
	.section.first-section {
		margin-top: 9px;
	}
	.blocklink small {
		white-space: normal;
	}
	.button {
		vertical-align: middle;
	}
	.replay-controls {
		padding-top: 10px;
	}
	.replay-controls h1 {
		font-size: 16pt;
		font-weight: normal;
		color: #CCC;
	}
	.pagelink {
		text-align: center;
	}
	.pagelink a {
		width: 150px;
	}
	.textbox, .button {
		font-size: 11pt;
		vertical-align: middle;
	}
	@media (max-width: 450px) {
		.button {
			font-size: 9pt;
		}
	}
</style>

<div>

	<header>
		<div class="nav-wrapper"><ul class="nav">
			<li><a class="button nav-first" href="//pokemonshowdown.com/"><img src="//pokemonshowdown.com/images/pokemonshowdownbeta.png" srcset="//pokemonshowdown.com/images/pokemonshowdownbeta.png 1x, //pokemonshowdown.com/images/pokemonshowdownbeta@2x.png 2x" alt="Pok&eacute;mon Showdown" width="146" height="44" /> Home</a></li>
			<li><a class="button" href="//pokemonshowdown.com/dex/">Pok&eacute;dex</a></li>
			<li><a class="button cur" href="/">Replays</a></li>
			<li><a class="button" href="//pokemonshowdown.com/ladder/">Ladder</a></li>
			<li><a class="button nav-last" href="//pokemonshowdown.com/forums/">Forum</a></li>
			<li><a class="button greenbutton nav-first nav-last" href="//play.pokemonshowdown.com/">Play</a></li>
		</ul></div>
	</header>

	<div class="main" id="main">

		<noscript><section class="section">You need to enable JavaScript to use this page; sorry!</section></noscript>

	</div>

</div>

<script defer nomodule src="//play.pokemonshowdown.com/js/lib/ps-polyfill.js"></script>
<script defer src="//play.pokemonshowdown.com/js/lib/preact.min.js"></script>

<script defer src="//play.pokemonshowdown.com/config/config.js?2bddbc15"></script>
<script defer src="//play.pokemonshowdown.com/js/lib/jquery-1.11.0.min.js"></script>
<script defer src="//play.pokemonshowdown.com/js/lib/html-sanitizer-minified.js"></script>
<script defer src="//play.pokemonshowdown.com/js/battle-sound.js"></script>
<script defer src="//play.pokemonshowdown.com/js/battledata.js?0.7209276989879541"></script>
<script defer src="//play.pokemonshowdown.com/data/pokedex-mini.js?0.6111056340867951"></script>
<script defer src="//play.pokemonshowdown.com/data/pokedex-mini-bw.js?0.3532142036491459"></script>
<script defer src="//play.pokemonshowdown.com/data/graphics.js?0.24223875632456182"></script>
<script defer src="//play.pokemonshowdown.com/data/pokedex.js?0.38839984266356864"></script>
<script defer src="//play.pokemonshowdown.com/data/moves.js?0.21866028504024015"></script>
<script defer src="//play.pokemonshowdown.com/data/abilities.js?0.2005157953846628"></script>
<script defer src="//play.pokemonshowdown.com/data/items.js?0.9894211263848525"></script>
<script defer src="//play.pokemonshowdown.com/data/teambuilder-tables.js?0.6008791140282215"></script>
<script defer src="//play.pokemonshowdown.com/js/battle-tooltips.js?0.7580118955022959"></script>
<script defer src="//play.pokemonshowdown.com/js/battle.js?0.6057722274234274"></script>

<script defer src="js/utils.js?e31f9a17"></script>
<script defer src="js/replays-battle.js?7008c182"></script>

<!-- don't scrape this data! just add .json or .log after the URL!
Full API docs: https://github.com/smogon/pokemon-showdown-client/blob/master/WEB-API.md -->
<script type="text/plain" class="log" id="replaylog-gen3ou-2213760778-871i4top30wu9d5mle9llaad6xqjhyfpw">
|j|☆swope
|j|☆Svejk97
|t:|1727808685
|gametype|singles
|player|p1|swope|hiker-gen4|
|player|p2|Svejk97|nate|
|teamsize|p1|6
|teamsize|p2|6
|gen|3
|tier|[Gen 3] OU
|rule|Sleep Clause Mod: Limit one foe put to sleep
|rule|Switch Priority Clause Mod: Faster Pokémon switch first
|rule|Species Clause: Limit one of each Pokémon
|rule|OHKO Clause: OHKO moves are banned
|rule|Evasion Items Clause: Evasion items are banned
|rule|Evasion Moves Clause: Evasion moves are banned
|rule|Endless Battle Clause: Forcing endless battles is banned
|rule|HP Percentage Mod: HP is shown in percentages
|rule|One Boost Passer Clause: Limit one Baton Passer that has a way to boost its stats
|rule|Freeze Clause Mod: Limit one foe frozen
|
|t:|1727808685
|start
|switch|p1a: legendario|Zapdos|100/100
|switch|p2a: Magic Dog|Smeargle, M, shiny|100/100
|turn|1
|c|☆Svejk97|Gl
|
|t:|1727808707
|switch|p2a: Minato Namikaze|Jolteon, M|100/100
|move|p1a: legendario|Thunderbolt|p2a: Minato Namikaze
|-immune|p2a: Minato Namikaze|[from] ability: Volt Absorb
|
|upkeep
|turn|2
|c|☆swope|gl
|
|t:|1727808726
|move|p2a: Minato Namikaze|Substitute|p2a: Minato Namikaze
|-start|p2a: Minato Namikaze|Substitute
|-damage|p2a: Minato Namikaze|76/100
|move|p1a: legendario|Roar|p2a: Minato Namikaze
|drag|p2a: G.O.A.T.|Tyranitar, F|100/100
|-weather|Sandstorm|[from] ability: Sand Stream|[of] p2a: G.O.A.T.
|
|-weather|Sandstorm|[upkeep]
|-damage|p1a: legendario|94/100|[from] Sandstorm
|-heal|p1a: legendario|100/100|[from] item: Leftovers
|upkeep
|turn|3
|inactive|Battle timer is ON: inactive players will automatically lose when time's up. (requested by swope)
|
|t:|1727808742
|switch|p1a: mohawk|Swampert, F|100/100
|move|p2a: G.O.A.T.|Ice Beam|p1a: mohawk
|-damage|p1a: mohawk|73/100
|
|-weather|Sandstorm|[upkeep]
|-heal|p1a: mohawk|79/100|[from] item: Leftovers
|upkeep
|turn|4
|
|t:|1727808760
|switch|p2a: Bruteroot|Venusaur, M|100/100
|move|p1a: mohawk|Earthquake|p2a: Bruteroot
|-damage|p2a: Bruteroot|58/100
|
|-weather|Sandstorm|[upkeep]
|-damage|p2a: Bruteroot|52/100|[from] Sandstorm
|-heal|p2a: Bruteroot|58/100|[from] item: Leftovers
|-heal|p1a: mohawk|85/100|[from] item: Leftovers
|upkeep
|turn|5
|inactive|swope has 270 seconds left.
|
|t:|1727808790
|move|p1a: mohawk|Protect|p1a: mohawk
|-singleturn|p1a: mohawk|Protect
|move|p2a: Bruteroot|Sleep Powder|p1a: mohawk
|-activate|p1a: mohawk|Protect
|
|-weather|Sandstorm|[upkeep]
|-damage|p2a: Bruteroot|52/100|[from] Sandstorm
|-heal|p2a: Bruteroot|58/100|[from] item: Leftovers
|-heal|p1a: mohawk|92/100|[from] item: Leftovers
|upkeep
|turn|6
|inactive|swope has 270 seconds left.
|
|t:|1727808811
|switch|p1a: legendario|Zapdos|100/100
|move|p2a: Bruteroot|Sleep Powder|p1a: legendario
|-status|p1a: legendario|slp|[from] move: Sleep Powder
|
|-weather|Sandstorm|[upkeep]
|-damage|p2a: Bruteroot|52/100|[from] Sandstorm
|-damage|p1a: legendario|94/100 slp|[from] Sandstorm
|-heal|p2a: Bruteroot|58/100|[from] item: Leftovers
|-heal|p1a: legendario|100/100 slp|[from] item: Leftovers
|upkeep
|turn|7
|
|t:|1727808830
|switch|p1a: Epic|Forretress, F, shiny|100/100
|move|p2a: Bruteroot|Leech Seed|p1a: Epic
|-start|p1a: Epic|move: Leech Seed
|
|-weather|Sandstorm|[upkeep]
|-damage|p2a: Bruteroot|52/100|[from] Sandstorm
|-heal|p2a: Bruteroot|58/100|[from] item: Leftovers
|-damage|p1a: Epic|88/100|[from] Leech Seed|[of] p2a: Bruteroot
|-heal|p2a: Bruteroot|71/100|[silent]
|upkeep
|turn|8
|
|t:|1727808847
|switch|p2a: G.O.A.T.|Tyranitar, F|100/100
|move|p1a: Epic|Spikes|p2a: G.O.A.T.
|-sidestart|p2: Svejk97|Spikes
|
|-weather|Sandstorm|[upkeep]
|-heal|p1a: Epic|94/100|[from] item: Leftovers
|-damage|p1a: Epic|82/100|[from] Leech Seed|[of] p2a: G.O.A.T.
|upkeep
|turn|9
|
|t:|1727808862
|switch|p1a: mohawk|Swampert, F|92/100
|move|p2a: G.O.A.T.|Ice Beam|p1a: mohawk
|-damage|p1a: mohawk|65/100
|
|-weather|Sandstorm|[upkeep]
|-heal|p1a: mohawk|71/100|[from] item: Leftovers
|upkeep
|turn|10
|inactive|Svejk97 has 270 seconds left.
|
|t:|1727808888
|switch|p2a: Beyblayd|Forretress, M, shiny|100/100
|-damage|p2a: Beyblayd|88/100|[from] Spikes
|move|p1a: mohawk|Ice Beam|p2a: Beyblayd
|-resisted|p2a: Beyblayd
|-damage|p2a: Beyblayd|74/100
|
|-weather|Sandstorm|[upkeep]
|-heal|p1a: mohawk|78/100|[from] item: Leftovers
|-heal|p2a: Beyblayd|81/100|[from] item: Leftovers
|upkeep
|turn|11
|inactive|swope has 270 seconds left.
|inactive|Svejk97 has 270 seconds left.
|
|t:|1727808901
|switch|p1a: hypnot|Gengar, F, shiny|100/100
|move|p2a: Beyblayd|Spikes|p1a: hypnot
|-sidestart|p1: swope|Spikes
|
|-weather|Sandstorm|[upkeep]
|-damage|p1a: hypnot|94/100|[from] Sandstorm
|-heal|p1a: hypnot|100/100|[from] item: Leftovers
|-heal|p2a: Beyblayd|87/100|[from] item: Leftovers
|upkeep
|turn|12
|inactive|swope has 270 seconds left.
|inactive|Svejk97 has 270 seconds left.
|
|t:|1727808927
|move|p1a: hypnot|Will-O-Wisp|p2a: Beyblayd
|-status|p2a: Beyblayd|brn
|move|p2a: Beyblayd|Hidden Power|p1a: hypnot
|-supereffective|p1a: hypnot
|-damage|p1a: hypnot|79/100
|
|-weather|Sandstorm|[upkeep]
|-damage|p1a: hypnot|73/100|[from] Sandstorm
|-heal|p1a: hypnot|79/100|[from] item: Leftovers
|-heal|p2a: Beyblayd|93/100 brn|[from] item: Leftovers
|-damage|p2a: Beyblayd|81/100 brn|[from] brn
|upkeep
|turn|13
|inactive|swope has 270 seconds left.
|
|t:|1727808940
|move|p1a: hypnot|Taunt|p2a: Beyblayd
|-start|p2a: Beyblayd|move: Taunt
|cant|p2a: Beyblayd|move: Taunt|Spikes
|
|-weather|Sandstorm|[upkeep]
|-damage|p1a: hypnot|73/100|[from] Sandstorm
|-heal|p1a: hypnot|79/100|[from] item: Leftovers
|-heal|p2a: Beyblayd|87/100 brn|[from] item: Leftovers
|-damage|p2a: Beyblayd|74/100 brn|[from] brn
|upkeep
|turn|14
|inactive|swope has 270 seconds left.
|
|t:|1727808951
|switch|p2a: G.O.A.T.|Tyranitar, F|100/100
|-damage|p2a: G.O.A.T.|88/100|[from] Spikes
|move|p1a: hypnot|Fire Punch|p2a: G.O.A.T.
|-resisted|p2a: G.O.A.T.
|-damage|p2a: G.O.A.T.|79/100
|
|-weather|Sandstorm|[upkeep]
|-damage|p1a: hypnot|73/100|[from] Sandstorm
|-heal|p1a: hypnot|79/100|[from] item: Leftovers
|-heal|p2a: G.O.A.T.|85/100|[from] item: Leftovers
|upkeep
|turn|15
|inactive|swope has 270 seconds left.
|
|t:|1727808970
|move|p1a: hypnot|Will-O-Wisp|p2a: G.O.A.T.
|-status|p2a: G.O.A.T.|brn
|move|p2a: G.O.A.T.|Pursuit|p1a: hypnot
|-supereffective|p1a: hypnot
|-damage|p1a: hypnot|36/100
|
|-weather|Sandstorm|[upkeep]
|-damage|p1a: hypnot|30/100|[from] Sandstorm
|-heal|p1a: hypnot|36/100|[from] item: Leftovers
|-heal|p2a: G.O.A.T.|91/100 brn|[from] item: Leftovers
|-damage|p2a: G.O.A.T.|79/100 brn|[from] brn
|upkeep
|turn|16
|inactive|swope has 270 seconds left.
|
|t:|1727808983
|move|p1a: hypnot|Giga Drain|p2a: G.O.A.T.
|-supereffective|p2a: G.O.A.T.
|-damage|p2a: G.O.A.T.|49/100 brn
|-heal|p1a: hypnot|54/100|[from] drain|[of] p2a: G.O.A.T.
|move|p2a: G.O.A.T.|Pursuit|p1a: hypnot
|-supereffective|p1a: hypnot
|-crit|p1a: hypnot
|-damage|p1a: hypnot|0 fnt
|faint|p1a: hypnot
|
|t:|1727808999
|switch|p1a: mohawk|Swampert, F|78/100
|-damage|p1a: mohawk|65/100|[from] Spikes
|
|-weather|Sandstorm|[upkeep]
|-heal|p2a: G.O.A.T.|55/100 brn|[from] item: Leftovers
|-damage|p2a: G.O.A.T.|42/100 brn|[from] brn
|-heal|p1a: mohawk|71/100|[from] item: Leftovers
|upkeep
|turn|17
|
|t:|1727809025
|switch|p2a: Magic Dog|Smeargle, M, shiny|100/100
|-damage|p2a: Magic Dog|88/100|[from] Spikes
|move|p1a: mohawk|Ice Beam|p2a: Magic Dog
|-damage|p2a: Magic Dog|35/100
|
|-weather|Sandstorm|[upkeep]
|-damage|p2a: Magic Dog|29/100|[from] Sandstorm
|-heal|p1a: mohawk|78/100|[from] item: Leftovers
|upkeep
|turn|18
|
|t:|1727809043
|move|p2a: Magic Dog|Aromatherapy|p2a: Magic Dog
|-cureteam|p2a: Magic Dog|[from] move: Aromatherapy
|move|p1a: mohawk|Earthquake|p2a: Magic Dog
|-damage|p2a: Magic Dog|0 fnt
|faint|p2a: Magic Dog
|
|t:|1727809053
|switch|p2a: Minato Namikaze|Jolteon, M|76/100
|-damage|p2a: Minato Namikaze|64/100|[from] Spikes
|
|-weather|Sandstorm|[upkeep]
|-damage|p2a: Minato Namikaze|58/100|[from] Sandstorm
|-heal|p2a: Minato Namikaze|64/100|[from] item: Leftovers
|-heal|p1a: mohawk|84/100|[from] item: Leftovers
|upkeep
|turn|19
|
|t:|1727809062
|move|p2a: Minato Namikaze|Substitute|p2a: Minato Namikaze
|-start|p2a: Minato Namikaze|Substitute
|-damage|p2a: Minato Namikaze|39/100
|move|p1a: mohawk|Earthquake|p2a: Minato Namikaze
|-supereffective|p2a: Minato Namikaze
|-end|p2a: Minato Namikaze|Substitute
|
|-weather|Sandstorm|[upkeep]
|-damage|p2a: Minato Namikaze|33/100|[from] Sandstorm
|-heal|p2a: Minato Namikaze|39/100|[from] item: Leftovers
|-heal|p1a: mohawk|90/100|[from] item: Leftovers
|upkeep
|turn|20
|
|t:|1727809075
|move|p2a: Minato Namikaze|Hidden Power|p1a: mohawk
|-supereffective|p1a: mohawk
|-crit|p1a: mohawk
|-damage|p1a: mohawk|0 fnt
|faint|p1a: mohawk
|
|t:|1727809092
|switch|p1a: defeated|Umbreon, F|100/100
|-damage|p1a: defeated|88/100|[from] Spikes
|
|-weather|Sandstorm|[upkeep]
|-damage|p2a: Minato Namikaze|33/100|[from] Sandstorm
|-damage|p1a: defeated|82/100|[from] Sandstorm
|-heal|p2a: Minato Namikaze|39/100|[from] item: Leftovers
|-heal|p1a: defeated|88/100|[from] item: Leftovers
|upkeep
|turn|21
|
|t:|1727809108
|move|p2a: Minato Namikaze|Baton Pass|p2a: Minato Namikaze
|
|t:|1727809110
|switch|p2a: Bruteroot|Venusaur, M|71/100|[from] Baton Pass
|-damage|p2a: Bruteroot|58/100|[from] Spikes
|move|p1a: defeated|Pursuit|p2a: Bruteroot
|-damage|p2a: Bruteroot|47/100
|
|-weather|Sandstorm|[upkeep]
|-damage|p2a: Bruteroot|41/100|[from] Sandstorm
|-damage|p1a: defeated|82/100|[from] Sandstorm
|-heal|p2a: Bruteroot|47/100|[from] item: Leftovers
|-heal|p1a: defeated|88/100|[from] item: Leftovers
|upkeep
|turn|22
|
|t:|1727809129
|move|p2a: Bruteroot|Leech Seed|p1a: defeated
|-start|p1a: defeated|move: Leech Seed
|move|p1a: defeated|Wish|p1a: defeated
|
|-weather|Sandstorm|[upkeep]
|-damage|p2a: Bruteroot|41/100|[from] Sandstorm
|-damage|p1a: defeated|82/100|[from] Sandstorm
|-heal|p2a: Bruteroot|47/100|[from] item: Leftovers
|-heal|p1a: defeated|88/100|[from] item: Leftovers
|-damage|p1a: defeated|76/100|[from] Leech Seed|[of] p2a: Bruteroot
|-heal|p2a: Bruteroot|61/100|[silent]
|upkeep
|turn|23
|
|t:|1727809144
|switch|p2a: G.O.A.T.|Tyranitar, F|42/100
|-damage|p2a: G.O.A.T.|30/100|[from] Spikes
|switch|p1a: Epic|Forretress, F, shiny|82/100
|-damage|p1a: Epic|69/100|[from] Spikes
|
|-heal|p1a: Epic|100/100|[from] move: Wish|[wisher] defeated
|-weather|Sandstorm|[upkeep]
|-heal|p2a: G.O.A.T.|36/100|[from] item: Leftovers
|upkeep
|turn|24
|
|t:|1727809167
|switch|p1a: defeated|Umbreon, F|76/100
|-damage|p1a: defeated|63/100|[from] Spikes
|move|p2a: G.O.A.T.|Flamethrower|p1a: defeated
|-crit|p1a: defeated
|-damage|p1a: defeated|28/100
|
|-weather|Sandstorm|[upkeep]
|-damage|p1a: defeated|22/100|[from] Sandstorm
|-heal|p2a: G.O.A.T.|42/100|[from] item: Leftovers
|-heal|p1a: defeated|28/100|[from] item: Leftovers
|upkeep
|turn|25
|inactive|Svejk97 has 240 seconds left.
|
|t:|1727809187
|move|p2a: G.O.A.T.|Flamethrower|p1a: defeated
|-damage|p1a: defeated|10/100
|move|p1a: defeated|Wish|p1a: defeated
|
|-weather|Sandstorm|[upkeep]
|-damage|p1a: defeated|4/100|[from] Sandstorm
|-heal|p2a: G.O.A.T.|48/100|[from] item: Leftovers
|-heal|p1a: defeated|10/100|[from] item: Leftovers
|upkeep
|turn|26
|inactive|Svejk97 has 240 seconds left.
|
|t:|1727809205
|move|p1a: defeated|Protect|p1a: defeated
|-singleturn|p1a: defeated|Protect
|move|p2a: G.O.A.T.|Flamethrower|p1a: defeated
|-activate|p1a: defeated|Protect
|
|-heal|p1a: defeated|60/100|[from] move: Wish|[wisher] defeated
|-weather|Sandstorm|[upkeep]
|-damage|p1a: defeated|54/100|[from] Sandstorm
|-heal|p2a: G.O.A.T.|54/100|[from] item: Leftovers
|-heal|p1a: defeated|60/100|[from] item: Leftovers
|upkeep
|turn|27
|
|t:|1727809218
|move|p2a: G.O.A.T.|Ice Beam|p1a: defeated
|-damage|p1a: defeated|42/100
|move|p1a: defeated|Toxic|p2a: G.O.A.T.
|-status|p2a: G.O.A.T.|tox
|
|-weather|Sandstorm|[upkeep]
|-damage|p1a: defeated|36/100|[from] Sandstorm
|-heal|p2a: G.O.A.T.|60/100 tox|[from] item: Leftovers
|-damage|p2a: G.O.A.T.|54/100 tox|[from] psn
|-heal|p1a: defeated|42/100|[from] item: Leftovers
|upkeep
|turn|28
|
|t:|1727809232
|switch|p2a: Beyblayd|Forretress, M, shiny|74/100
|-damage|p2a: Beyblayd|62/100|[from] Spikes
|move|p1a: defeated|Wish|p1a: defeated
|
|-weather|Sandstorm|[upkeep]
|-damage|p1a: defeated|36/100|[from] Sandstorm
|-heal|p1a: defeated|42/100|[from] item: Leftovers
|-heal|p2a: Beyblayd|68/100|[from] item: Leftovers
|upkeep
|turn|29
|
|t:|1727809248
|move|p1a: defeated|Pursuit|p2a: Beyblayd
|-resisted|p2a: Beyblayd
|-damage|p2a: Beyblayd|60/100
|move|p2a: Beyblayd|Rapid Spin|p1a: defeated
|-damage|p1a: defeated|38/100
|-sideend|p2: Svejk97|Spikes|[from] move: Rapid Spin|[of] p2a: Beyblayd
|
|-heal|p1a: defeated|88/100|[from] move: Wish|[wisher] defeated
|-weather|Sandstorm|[upkeep]
|-damage|p1a: defeated|82/100|[from] Sandstorm
|-heal|p1a: defeated|88/100|[from] item: Leftovers
|-heal|p2a: Beyblayd|66/100|[from] item: Leftovers
|upkeep
|turn|30
|
|t:|1727809261
|switch|p1a: Epic|Forretress, F, shiny|100/100
|-damage|p1a: Epic|88/100|[from] Spikes
|move|p2a: Beyblayd|Spikes|p1a: Epic
|-sidestart|p1: swope|Spikes
|
|-weather|Sandstorm|[upkeep]
|-heal|p1a: Epic|94/100|[from] item: Leftovers
|-heal|p2a: Beyblayd|72/100|[from] item: Leftovers
|upkeep
|turn|31
|
|t:|1727809284
|move|p1a: Epic|Earthquake|p2a: Beyblayd
|-damage|p2a: Beyblayd|60/100
|move|p2a: Beyblayd|Spikes|p1a: Epic
|-sidestart|p1: swope|Spikes
|
|-weather|Sandstorm|[upkeep]
|-heal|p1a: Epic|100/100|[from] item: Leftovers
|-heal|p2a: Beyblayd|66/100|[from] item: Leftovers
|upkeep
|turn|32
|
|t:|1727809293
|move|p1a: Epic|Rapid Spin|p2a: Beyblayd
|-resisted|p2a: Beyblayd
|-crit|p2a: Beyblayd
|-damage|p2a: Beyblayd|63/100
|-sideend|p1: swope|Spikes|[from] move: Rapid Spin|[of] p1a: Epic
|move|p2a: Beyblayd|Hidden Power|p1a: Epic
|-resisted|p1a: Epic
|-damage|p1a: Epic|95/100
|
|-weather|Sandstorm|[upkeep]
|-heal|p1a: Epic|100/100|[from] item: Leftovers
|-heal|p2a: Beyblayd|70/100|[from] item: Leftovers
|upkeep
|turn|33
|
|t:|1727809305
|move|p1a: Epic|Spikes|p2a: Beyblayd
|-sidestart|p2: Svejk97|Spikes
|move|p2a: Beyblayd|Spikes|p1a: Epic
|-sidestart|p1: swope|Spikes
|
|-weather|Sandstorm|[upkeep]
|-heal|p2a: Beyblayd|76/100|[from] item: Leftovers
|upkeep
|turn|34
|
|t:|1727809313
|move|p1a: Epic|Spikes|p2a: Beyblayd
|-sidestart|p2: Svejk97|Spikes
|move|p2a: Beyblayd|Spikes|p1a: Epic
|-sidestart|p1: swope|Spikes
|
|-weather|Sandstorm|[upkeep]
|-heal|p2a: Beyblayd|82/100|[from] item: Leftovers
|upkeep
|turn|35
|
|t:|1727809320
|move|p1a: Epic|Rapid Spin|p2a: Beyblayd
|-resisted|p2a: Beyblayd
|-damage|p2a: Beyblayd|81/100
|-sideend|p1: swope|Spikes|[from] move: Rapid Spin|[of] p1a: Epic
|move|p2a: Beyblayd|Rapid Spin|p1a: Epic
|-resisted|p1a: Epic
|-damage|p1a: Epic|99/100
|-sideend|p2: Svejk97|Spikes|[from] move: Rapid Spin|[of] p2a: Beyblayd
|
|-weather|Sandstorm|[upkeep]
|-heal|p1a: Epic|100/100|[from] item: Leftovers
|-heal|p2a: Beyblayd|87/100|[from] item: Leftovers
|upkeep
|turn|36
|inactive|swope has 270 seconds left.
|inactive|Svejk97 has 240 seconds left.
|
|t:|1727809336
|switch|p1a: legendario|Zapdos|100/100 slp
|move|p2a: Beyblayd|Spikes|p1a: legendario
|-sidestart|p1: swope|Spikes
|
|-weather|Sandstorm|[upkeep]
|-damage|p1a: legendario|94/100 slp|[from] Sandstorm
|-heal|p1a: legendario|100/100 slp|[from] item: Leftovers
|-heal|p2a: Beyblayd|93/100|[from] item: Leftovers
|upkeep
|turn|37
|inactive|swope has 270 seconds left.
|
|t:|1727809357
|switch|p2a: Bruteroot|Venusaur, M|61/100
|cant|p1a: legendario|slp
|
|-weather|Sandstorm|[upkeep]
|-damage|p2a: Bruteroot|55/100|[from] Sandstorm
|-damage|p1a: legendario|94/100 slp|[from] Sandstorm
|-heal|p2a: Bruteroot|61/100|[from] item: Leftovers
|-heal|p1a: legendario|100/100 slp|[from] item: Leftovers
|upkeep
|turn|38
|inactive|swope has 270 seconds left.
|
|t:|1727809381
|move|p2a: Bruteroot|Leech Seed|p1a: legendario|[miss]
|-miss|p2a: Bruteroot|p1a: legendario
|cant|p1a: legendario|slp
|
|-weather|Sandstorm|[upkeep]
|-damage|p2a: Bruteroot|55/100|[from] Sandstorm
|-damage|p1a: legendario|94/100 slp|[from] Sandstorm
|-heal|p2a: Bruteroot|61/100|[from] item: Leftovers
|-heal|p1a: legendario|100/100 slp|[from] item: Leftovers
|upkeep
|turn|39
|
|t:|1727809395
|move|p2a: Bruteroot|Leech Seed|p1a: legendario
|-start|p1a: legendario|move: Leech Seed
|cant|p1a: legendario|slp
|
|-weather|Sandstorm|[upkeep]
|-damage|p2a: Bruteroot|55/100|[from] Sandstorm
|-damage|p1a: legendario|94/100 slp|[from] Sandstorm
|-heal|p2a: Bruteroot|61/100|[from] item: Leftovers
|-heal|p1a: legendario|100/100 slp|[from] item: Leftovers
|-damage|p1a: legendario|88/100 slp|[from] Leech Seed|[of] p2a: Bruteroot
|-heal|p2a: Bruteroot|74/100|[silent]
|upkeep
|turn|40
|
|t:|1727809413
|switch|p1a: dd tar|Tyranitar, M|100/100
|-damage|p1a: dd tar|88/100|[from] Spikes
|move|p2a: Bruteroot|Sludge Bomb|p1a: dd tar
|-resisted|p1a: dd tar
|-damage|p1a: dd tar|78/100
|
|-weather|Sandstorm|[upkeep]
|-damage|p2a: Bruteroot|68/100|[from] Sandstorm
|-heal|p2a: Bruteroot|74/100|[from] item: Leftovers
|upkeep
|turn|41
|inactive|swope has 240 seconds left.
|
|t:|1727809438
|move|p1a: dd tar|Rock Slide|p2a: Bruteroot
|-damage|p2a: Bruteroot|0 fnt
|faint|p2a: Bruteroot
|inactive|Svejk97 has 210 seconds left.
|c|☆Svejk97|Oh wow
|c|☆Svejk97|band ?
|c|☆swope|ya
|
|t:|1727809473
|switch|p2a: Fast as F! Boyii|Aerodactyl, F|100/100
|
|-weather|Sandstorm|[upkeep]
|upkeep
|turn|42
|
|t:|1727809485
|move|p2a: Fast as F! Boyii|Earthquake|p1a: dd tar
|-supereffective|p1a: dd tar
|-damage|p1a: dd tar|9/100
|move|p1a: dd tar|Rock Slide|p2a: Fast as F! Boyii
|-supereffective|p2a: Fast as F! Boyii
|-damage|p2a: Fast as F! Boyii|0 fnt
|faint|p2a: Fast as F! Boyii
|
|t:|1727809495
|switch|p2a: Minato Namikaze|Jolteon, M|39/100
|
|-weather|Sandstorm|[upkeep]
|-damage|p2a: Minato Namikaze|33/100|[from] Sandstorm
|-heal|p2a: Minato Namikaze|39/100|[from] item: Leftovers
|upkeep
|turn|43
|
|t:|1727809503
|move|p2a: Minato Namikaze|Thunderbolt|p1a: dd tar
|-damage|p1a: dd tar|0 fnt
|faint|p1a: dd tar
|
|t:|1727809509
|switch|p1a: defeated|Umbreon, F|88/100
|-damage|p1a: defeated|76/100|[from] Spikes
|
|-weather|Sandstorm|[upkeep]
|-damage|p2a: Minato Namikaze|33/100|[from] Sandstorm
|-damage|p1a: defeated|70/100|[from] Sandstorm
|-heal|p2a: Minato Namikaze|39/100|[from] item: Leftovers
|-heal|p1a: defeated|76/100|[from] item: Leftovers
|upkeep
|turn|44
|inactive|Svejk97 has 210 seconds left.
|
|t:|1727809521
|-activate|p2a: Minato Namikaze|move: Pursuit
|move|p1a: defeated|Pursuit|p2a: Minato Namikaze|[from]Pursuit
|-damage|p2a: Minato Namikaze|10/100
|switch|p2a: Beyblayd|Forretress, M, shiny|93/100
|
|-weather|Sandstorm|[upkeep]
|-damage|p1a: defeated|70/100|[from] Sandstorm
|-heal|p1a: defeated|76/100|[from] item: Leftovers
|-heal|p2a: Beyblayd|99/100|[from] item: Leftovers
|upkeep
|turn|45
|inactive|Svejk97 has 210 seconds left.
|
|t:|1727809533
|move|p1a: defeated|Wish|p1a: defeated
|move|p2a: Beyblayd|Explosion|p1a: defeated
|-damage|p1a: defeated|0 fnt
|faint|p2a: Beyblayd
|faint|p1a: defeated
|
|t:|1727809545
|switch|p1a: Epic|Forretress, F, shiny|100/100
|switch|p2a: G.O.A.T.|Tyranitar, F|54/100 tox
|-damage|p1a: Epic|88/100|[from] Spikes
|
|-weather|Sandstorm|[upkeep]
|-heal|p2a: G.O.A.T.|60/100 tox|[from] item: Leftovers
|-damage|p2a: G.O.A.T.|54/100 tox|[from] psn
|-heal|p1a: Epic|94/100|[from] item: Leftovers
|upkeep
|turn|46
|
|t:|1727809557
|switch|p1a: legendario|Zapdos|88/100 slp
|move|p2a: G.O.A.T.|Flamethrower|p1a: legendario
|-damage|p1a: legendario|68/100 slp
|
|-heal|p1a: legendario|100/100 slp|[from] move: Wish|[wisher] defeated
|-weather|Sandstorm|[upkeep]
|-damage|p1a: legendario|94/100 slp|[from] Sandstorm
|-heal|p1a: legendario|100/100 slp|[from] item: Leftovers
|-heal|p2a: G.O.A.T.|60/100 tox|[from] item: Leftovers
|-damage|p2a: G.O.A.T.|48/100 tox|[from] psn
|upkeep
|turn|47
|
|t:|1727809576
|cant|p1a: legendario|slp
|move|p2a: G.O.A.T.|Ice Beam|p1a: legendario
|-supereffective|p1a: legendario
|-damage|p1a: legendario|60/100 slp
|
|-weather|Sandstorm|[upkeep]
|-damage|p1a: legendario|54/100 slp|[from] Sandstorm
|-heal|p1a: legendario|60/100 slp|[from] item: Leftovers
|-heal|p2a: G.O.A.T.|54/100 tox|[from] item: Leftovers
|-damage|p2a: G.O.A.T.|36/100 tox|[from] psn
|upkeep
|turn|48
|
|t:|1727809589
|-curestatus|p1a: legendario|slp|[msg]
|move|p1a: legendario|Rest|p1a: legendario
|-status|p1a: legendario|slp|[from] move: Rest
|-heal|p1a: legendario|100/100 slp|[silent]
|move|p2a: G.O.A.T.|Ice Beam|p1a: legendario
|-supereffective|p1a: legendario
|-damage|p1a: legendario|61/100 slp
|
|-weather|Sandstorm|[upkeep]
|-damage|p1a: legendario|55/100 slp|[from] Sandstorm
|-heal|p1a: legendario|61/100 slp|[from] item: Leftovers
|-heal|p2a: G.O.A.T.|42/100 tox|[from] item: Leftovers
|-damage|p2a: G.O.A.T.|18/100 tox|[from] psn
|upkeep
|turn|49
|inactive|Svejk97 has 210 seconds left.
|
|t:|1727809608
|switch|p2a: Minato Namikaze|Jolteon, M|10/100
|cant|p1a: legendario|slp
|
|-weather|Sandstorm|[upkeep]
|-damage|p2a: Minato Namikaze|4/100|[from] Sandstorm
|-damage|p1a: legendario|55/100 slp|[from] Sandstorm
|-heal|p2a: Minato Namikaze|10/100|[from] item: Leftovers
|-heal|p1a: legendario|61/100 slp|[from] item: Leftovers
|upkeep
|turn|50
|
|t:|1727809618
|switch|p1a: Epic|Forretress, F, shiny|94/100
|-damage|p1a: Epic|82/100|[from] Spikes
|move|p2a: Minato Namikaze|Thunderbolt|p1a: Epic
|-damage|p1a: Epic|43/100
|
|-weather|Sandstorm|[upkeep]
|-damage|p2a: Minato Namikaze|4/100|[from] Sandstorm
|-heal|p2a: Minato Namikaze|10/100|[from] item: Leftovers
|-heal|p1a: Epic|50/100|[from] item: Leftovers
|upkeep
|turn|51
|inactive|Svejk97 has 210 seconds left.
|
|t:|1727809634
|move|p2a: Minato Namikaze|Thunderbolt|p1a: Epic
|-damage|p1a: Epic|6/100
|move|p1a: Epic|Earthquake|p2a: Minato Namikaze
|-supereffective|p2a: Minato Namikaze
|-crit|p2a: Minato Namikaze
|-damage|p2a: Minato Namikaze|0 fnt
|faint|p2a: Minato Namikaze
|inactive|Svejk97 has 210 seconds left.
|
|t:|1727809641
|switch|p2a: G.O.A.T.|Tyranitar, F|18/100 tox
|
|-weather|Sandstorm|[upkeep]
|-heal|p2a: G.O.A.T.|24/100 tox|[from] item: Leftovers
|-damage|p2a: G.O.A.T.|18/100 tox|[from] psn
|-heal|p1a: Epic|12/100|[from] item: Leftovers
|upkeep
|turn|52
|
|t:|1727809649
|move|p2a: G.O.A.T.|Ice Beam|p1a: Epic
|-resisted|p1a: Epic
|-crit|p1a: Epic
|-damage|p1a: Epic|0 fnt
|faint|p1a: Epic
|
|t:|1727809653
|switch|p1a: legendario|Zapdos|61/100 slp
|
|-weather|Sandstorm|[upkeep]
|-damage|p1a: legendario|55/100 slp|[from] Sandstorm
|-heal|p1a: legendario|61/100 slp|[from] item: Leftovers
|-heal|p2a: G.O.A.T.|24/100 tox|[from] item: Leftovers
|-damage|p2a: G.O.A.T.|12/100 tox|[from] psn
|upkeep
|turn|53
|
|t:|1727809662
|cant|p1a: legendario|slp
|move|p2a: G.O.A.T.|Ice Beam|p1a: legendario
|-supereffective|p1a: legendario
|-damage|p1a: legendario|15/100 slp
|
|-weather|Sandstorm|[upkeep]
|-damage|p1a: legendario|9/100 slp|[from] Sandstorm
|-heal|p1a: legendario|15/100 slp|[from] item: Leftovers
|-heal|p2a: G.O.A.T.|18/100 tox|[from] item: Leftovers
|-damage|p2a: G.O.A.T.|0 fnt|[from] psn
|faint|p2a: G.O.A.T.
|
|win|swope
|upkeep
|c|☆swope|gg
|c|☆Svejk97|Gg
|c|☆swope|BO3 right
|c|☆Svejk97|Yeah
|c|☆Svejk97|But save this

</script>
<script type="application/json" class="data" id="replaydata-gen3ou-2213760778-871i4top30wu9d5mle9llaad6xqjhyfpw">
{"id":"gen3ou-2213760778","format":"[Gen 3] OU","players":["swope","Svejk97"],"uploadtime":1727809696,"views":156,"formatid":"gen3ou","rating":null,"private":1,"password":"871i4top30wu9d5mle9llaad6xqjhyf"}
</script>

<script defer src="js/replays.js?9d40a366"></script>
