<!DOCTYPE html>
<meta charset="utf-8" />
<meta name="viewport" content="width=device-width" />

<title>[Gen 3] OU: Skittle_Skity vs. keeping it icy - Replays - Pok&eacute;mon Showdown!</title>

<meta name="description" content="Watch a replay of a Pok&eacute;mon battle between Skittle_Skity and keeping it icy! Format: [Gen 3] OU; Date: Oct 18, 2024" />
<!--

Hey, you! Looking in the source for the replay log?

You can find them in JSON format, just add `.json` at the end of a replay URL.

https://replay.pokemonshowdown.com/gen7randomdoublesbattle-865046831.json

Or, if you only need the log itself, add `.log` instead:

https://replay.pokemonshowdown.com/gen7randomdoublesbattle-865046831.log

-->

<link rel="stylesheet" href="//pokemonshowdown.com/style/global.css?0.767286132409787" />
<link rel="stylesheet" href="//play.pokemonshowdown.com/style/font-awesome.css?0.9266228007934947" />
<link rel="stylesheet" href="//play.pokemonshowdown.com/style/battle.css?0.7924700842790926" />
<link rel="stylesheet" href="//play.pokemonshowdown.com/style/utilichart.css?0.8777417872839479" />

<!-- Global site tag (gtag.js) - Google Analytics -->
<script async src="https://www.googletagmanager.com/gtag/js?id=UA-26211653-1"></script>
<script>
  window.dataLayer = window.dataLayer || [];
  function gtag(){dataLayer.push(arguments);}
  gtag('js', new Date());

  gtag('config', 'UA-26211653-1');
</script>
<!-- End Google Analytics -->
<!-- Venatus Ad Manager - Install in <HEAD> of page -->
	<script src="https://hb.vntsm.com/v3/live/ad-manager.min.js" type="text/javascript" data-site-id="642aba63ec9a7b11c3c9c1be" data-mode="scan" async></script>
<!-- / Venatus Ad Manager -->

<style>
	@media (max-width:820px) {
		.battle {
			margin: 0 auto;
		}
		.battle-log {
			margin: 7px auto 0;
			max-width: 640px;
			height: 300px;
			position: static;
		}
	}
	.optgroup {
		display: inline-block;
		line-height: 22px;
		font-size: 10pt;
	}
	.optgroup .button {
		height: 25px;
		padding-top: 0;
		padding-bottom: 0;
	}
	.optgroup button.button {
		padding-left: 12px;
		padding-right: 12px;
	}
	.linklist {
		list-style: none;
		margin: 0.5em 0;
		padding: 0;
	}
	.linklist li {
		padding: 2px 0;
	}
	.sidebar {
		float: left;
		width: 320px;
	}
	.bar-wrapper {
		max-width: 1100px;
		margin: 0 auto;
	}
	.bar-wrapper.has-sidebar {
		max-width: 1430px;
	}
	.mainbar {
		margin: 0;
		padding-right: 1px;
	}
	.mainbar.has-sidebar {
		margin-left: 330px;
	}
	@media (min-width: 1511px) {
		.sidebar {
			width: 400px;
		}
		.bar-wrapper.has-sidebar {
			max-width: 1510px;
		}
		.mainbar.has-sidebar {
			margin-left: 410px;
		}
	}
	.section.first-section {
		margin-top: 9px;
	}
	.blocklink small {
		white-space: normal;
	}
	.button {
		vertical-align: middle;
	}
	.replay-controls {
		padding-top: 10px;
	}
	.replay-controls h1 {
		font-size: 16pt;
		font-weight: normal;
		color: #CCC;
	}
	.pagelink {
		text-align: center;
	}
	.pagelink a {
		width: 150px;
	}
	.textbox, .button {
		font-size: 11pt;
		vertical-align: middle;
	}
	@media (max-width: 450px) {
		.button {
			font-size: 9pt;
		}
	}
</style>

<div>

	<header>
		<div class="nav-wrapper"><ul class="nav">
			<li><a class="button nav-first" href="//pokemonshowdown.com/"><img src="//pokemonshowdown.com/images/pokemonshowdownbeta.png" srcset="//pokemonshowdown.com/images/pokemonshowdownbeta.png 1x, //pokemonshowdown.com/images/pokemonshowdownbeta@2x.png 2x" alt="Pok&eacute;mon Showdown" width="146" height="44" /> Home</a></li>
			<li><a class="button" href="//pokemonshowdown.com/dex/">Pok&eacute;dex</a></li>
			<li><a class="button cur" href="/">Replays</a></li>
			<li><a class="button" href="//pokemonshowdown.com/ladder/">Ladder</a></li>
			<li><a class="button nav-last" href="//pokemonshowdown.com/forums/">Forum</a></li>
			<li><a class="button greenbutton nav-first nav-last" href="//play.pokemonshowdown.com/">Play</a></li>
		</ul></div>
	</header>

	<div class="main" id="main">

		<noscript><section class="section">You need to enable JavaScript to use this page; sorry!</section></noscript>

	</div>

</div>

<script defer nomodule src="//play.pokemonshowdown.com/js/lib/ps-polyfill.js"></script>
<script defer src="//play.pokemonshowdown.com/js/lib/preact.min.js"></script>

<script defer src="//play.pokemonshowdown.com/config/config.js?6dec07f6"></script>
<script defer src="//play.pokemonshowdown.com/js/lib/jquery-1.11.0.min.js"></script>
<script defer src="//play.pokemonshowdown.com/js/lib/html-sanitizer-minified.js"></script>
<script defer src="//play.pokemonshowdown.com/js/battle-sound.js"></script>
<script defer src="//play.pokemonshowdown.com/js/battledata.js?0.6315294753075389"></script>
<script defer src="//play.pokemonshowdown.com/data/pokedex-mini.js?0.7603743185311358"></script>
<script defer src="//play.pokemonshowdown.com/data/pokedex-mini-bw.js?0.030888842834281283"></script>
<script defer src="//play.pokemonshowdown.com/data/graphics.js?0.05593094747507488"></script>
<script defer src="//play.pokemonshowdown.com/data/pokedex.js?0.47064822249611904"></script>
<script defer src="//play.pokemonshowdown.com/data/moves.js?0.8583693120512459"></script>
<script defer src="//play.pokemonshowdown.com/data/abilities.js?0.16017181182386842"></script>
<script defer src="//play.pokemonshowdown.com/data/items.js?0.4163379185673943"></script>
<script defer src="//play.pokemonshowdown.com/data/teambuilder-tables.js?0.31075597372830477"></script>
<script defer src="//play.pokemonshowdown.com/js/battle-tooltips.js?0.6536193500708172"></script>
<script defer src="//play.pokemonshowdown.com/js/battle.js?0.1916591943277901"></script>

<script defer src="js/utils.js?e31f9a17"></script>
<script defer src="js/replays-battle.js?7008c182"></script>

<!-- don't scrape this data! just add .json or .log after the URL!
Full API docs: https://github.com/smogon/pokemon-showdown-client/blob/master/WEB-API.md -->
<script type="text/plain" class="log" id="replaylog-smogtours-gen3ou-799496">
|inactive|Battle timer is ON: inactive players will automatically lose when time's up.
|t:|1729257816
|gametype|singles
|player|p1|Skittle_Skity|265|
|player|p2|keeping it icy|skier-gen2|
|teamsize|p1|6
|teamsize|p2|6
|gen|3
|tier|[Gen 3] OU
|rule|Sleep Clause Mod: Limit one foe put to sleep
|rule|Switch Priority Clause Mod: Faster Pokémon switch first
|rule|Species Clause: Limit one of each Pokémon
|rule|OHKO Clause: OHKO moves are banned
|rule|Evasion Items Clause: Evasion items are banned
|rule|Evasion Moves Clause: Evasion moves are banned
|rule|Endless Battle Clause: Forcing endless battles is banned
|rule|HP Percentage Mod: HP is shown in percentages
|rule|One Boost Passer Clause: Limit one Baton Passer that has a way to boost its stats
|rule|Freeze Clause Mod: Limit one foe frozen
|
|t:|1729257816
|start
|switch|p1a: BLJ|Zapdos|100/100
|switch|p2a: Salamence|Salamence, M|100/100
|-ability|p2a: Salamence|Intimidate|boost
|-unboost|p1a: BLJ|atk|1
|turn|1
|inactive|keeping it icy has 270 seconds left.
|inactive|Skittle_Skity has 270 seconds left.
|
|t:|1729257858
|switch|p2a: Blissey|Blissey, F|100/100
|move|p1a: BLJ|Hidden Power|p2a: Blissey
|-damage|p2a: Blissey|90/100
|
|-heal|p2a: Blissey|96/100|[from] item: Leftovers
|upkeep
|turn|2
|
|t:|1729257873
|switch|p1a: 1 2 Oatmeal|Hariyama, F|100/100
|move|p2a: Blissey|Seismic Toss|p1a: 1 2 Oatmeal
|-damage|p1a: 1 2 Oatmeal|78/100
|
|-heal|p2a: Blissey|100/100|[from] item: Leftovers
|-heal|p1a: 1 2 Oatmeal|84/100|[from] item: Leftovers
|upkeep
|turn|3
|inactive|keeping it icy has 270 seconds left.
|
|t:|1729257906
|switch|p2a: Metagross|Metagross|100/100
|move|p1a: 1 2 Oatmeal|Cross Chop|p2a: Metagross|[miss]
|-miss|p1a: 1 2 Oatmeal|p2a: Metagross
|
|-heal|p1a: 1 2 Oatmeal|91/100|[from] item: Leftovers
|upkeep
|turn|4
|
|t:|1729257917
|switch|p1a: BLJ|Zapdos|100/100
|move|p2a: Metagross|Meteor Mash|p1a: BLJ
|-resisted|p1a: BLJ
|-damage|p1a: BLJ|67/100
|
|-heal|p1a: BLJ|73/100|[from] item: Leftovers
|upkeep
|turn|5
|
|t:|1729257934
|move|p1a: BLJ|Thunderbolt|p2a: Metagross
|-crit|p2a: Metagross
|-damage|p2a: Metagross|13/100
|move|p2a: Metagross|Rock Slide|p1a: BLJ
|-supereffective|p1a: BLJ
|-damage|p1a: BLJ|3/100
|
|-heal|p1a: BLJ|10/100|[from] item: Leftovers
|-heal|p2a: Metagross|19/100|[from] item: Leftovers
|upkeep
|turn|6
|
|t:|1729257943
|switch|p2a: Blissey|Blissey, F|100/100
|move|p1a: BLJ|Thunderbolt|p2a: Blissey
|-damage|p2a: Blissey|80/100
|
|-heal|p1a: BLJ|16/100|[from] item: Leftovers
|-heal|p2a: Blissey|86/100|[from] item: Leftovers
|upkeep
|turn|7
|
|t:|1729257953
|move|p1a: BLJ|Baton Pass|p1a: BLJ
|
|t:|1729257955
|switch|p1a: TWO|Celebi|100/100|[from] Baton Pass
|move|p2a: Blissey|Ice Beam|p1a: TWO
|-supereffective|p1a: TWO
|-damage|p1a: TWO|61/100
|
|-heal|p1a: TWO|67/100|[from] item: Leftovers
|-heal|p2a: Blissey|93/100|[from] item: Leftovers
|upkeep
|turn|8
|
|t:|1729257970
|move|p1a: TWO|Leech Seed|p2a: Blissey
|-start|p2a: Blissey|move: Leech Seed
|move|p2a: Blissey|Ice Beam|p1a: TWO
|-supereffective|p1a: TWO
|-damage|p1a: TWO|27/100
|
|-heal|p1a: TWO|33/100|[from] item: Leftovers
|-heal|p2a: Blissey|99/100|[from] item: Leftovers
|-damage|p2a: Blissey|86/100|[from] Leech Seed|[of] p1a: TWO
|-heal|p1a: TWO|53/100|[silent]
|upkeep
|turn|9
|
|t:|1729257977
|switch|p2a: Salamence|Salamence, M|100/100
|-ability|p2a: Salamence|Intimidate|boost
|-unboost|p1a: TWO|atk|1
|move|p1a: TWO|Recover|p1a: TWO
|-heal|p1a: TWO|100/100
|
|upkeep
|turn|10
|
|t:|1729257987
|switch|p1a: Meteor Happens|Metagross|100/100
|move|p2a: Salamence|Hidden Power|p1a: Meteor Happens
|-resisted|p1a: Meteor Happens
|-damage|p1a: Meteor Happens|76/100
|
|upkeep
|turn|11
|
|t:|1729258012
|switch|p2a: Suicune|Suicune|100/100
|move|p1a: Meteor Happens|Agility|p1a: Meteor Happens
|-boost|p1a: Meteor Happens|spe|2
|
|upkeep
|turn|12
|
|t:|1729258024
|move|p1a: Meteor Happens|Earthquake|p2a: Suicune
|-damage|p2a: Suicune|71/100
|move|p2a: Suicune|Surf|p1a: Meteor Happens
|-damage|p1a: Meteor Happens|34/100
|
|-heal|p2a: Suicune|77/100|[from] item: Leftovers
|upkeep
|turn|13
|
|t:|1729258040
|switch|p2a: Claydol|Claydol|100/100
|move|p1a: Meteor Happens|Explosion|p2a: Claydol
|-crit|p2a: Claydol
|-damage|p2a: Claydol|0 fnt
|faint|p1a: Meteor Happens
|faint|p2a: Claydol
|
|t:|1729258054
|switch|p1a: BLJ|Zapdos|16/100
|switch|p2a: Salamence|Salamence, M|100/100
|-ability|p2a: Salamence|Intimidate|boost
|-unboost|p1a: BLJ|atk|1
|
|-heal|p1a: BLJ|22/100|[from] item: Leftovers
|upkeep
|turn|14
|
|t:|1729258059
|switch|p2a: Blissey|Blissey, F|86/100
|move|p1a: BLJ|Hidden Power|p2a: Blissey
|-damage|p2a: Blissey|77/100
|
|-heal|p1a: BLJ|28/100|[from] item: Leftovers
|-heal|p2a: Blissey|83/100|[from] item: Leftovers
|upkeep
|turn|15
|
|t:|1729258063
|move|p1a: BLJ|Baton Pass|p1a: BLJ
|
|t:|1729258064
|switch|p1a: TWO|Celebi|100/100|[from] Baton Pass
|move|p2a: Blissey|Ice Beam|p1a: TWO
|-supereffective|p1a: TWO
|-damage|p1a: TWO|59/100
|
|-heal|p1a: TWO|65/100|[from] item: Leftovers
|-heal|p2a: Blissey|89/100|[from] item: Leftovers
|upkeep
|turn|16
|
|t:|1729258067
|move|p1a: TWO|Leech Seed|p2a: Blissey
|-start|p2a: Blissey|move: Leech Seed
|move|p2a: Blissey|Ice Beam|p1a: TWO
|-supereffective|p1a: TWO
|-damage|p1a: TWO|23/100
|
|-heal|p1a: TWO|29/100|[from] item: Leftovers
|-heal|p2a: Blissey|95/100|[from] item: Leftovers
|-damage|p2a: Blissey|83/100|[from] Leech Seed|[of] p1a: TWO
|-heal|p1a: TWO|50/100|[silent]
|upkeep
|turn|17
|
|t:|1729258069
|switch|p2a: Salamence|Salamence, M|100/100
|-ability|p2a: Salamence|Intimidate|boost
|-unboost|p1a: TWO|atk|1
|move|p1a: TWO|Recover|p1a: TWO
|-heal|p1a: TWO|99/100
|
|-heal|p1a: TWO|100/100|[from] item: Leftovers
|upkeep
|turn|18
|
|t:|1729258078
|switch|p1a: Schmoove|Gyarados, M|100/100
|-ability|p1a: Schmoove|Intimidate|boost
|-unboost|p2a: Salamence|atk|1
|move|p2a: Salamence|Hidden Power|p1a: Schmoove
|-crit|p1a: Schmoove
|-damage|p1a: Schmoove|0 fnt
|faint|p1a: Schmoove
|
|t:|1729258091
|switch|p1a: Doubled Penny|Magneton|100/100
|
|upkeep
|turn|19
|
|t:|1729258095
|switch|p2a: Blissey|Blissey, F|83/100
|move|p1a: Doubled Penny|Toxic|p2a: Blissey|[miss]
|-miss|p1a: Doubled Penny|p2a: Blissey
|
|-heal|p2a: Blissey|89/100|[from] item: Leftovers
|upkeep
|turn|20
|
|t:|1729258099
|move|p1a: Doubled Penny|Toxic|p2a: Blissey
|-status|p2a: Blissey|tox
|move|p2a: Blissey|Seismic Toss|p1a: Doubled Penny
|-damage|p1a: Doubled Penny|59/100
|
|-heal|p2a: Blissey|95/100 tox|[from] item: Leftovers
|-damage|p2a: Blissey|89/100 tox|[from] psn
|upkeep
|turn|21
|
|t:|1729258101
|move|p1a: Doubled Penny|Protect|p1a: Doubled Penny
|-singleturn|p1a: Doubled Penny|Protect
|move|p2a: Blissey|Seismic Toss|p1a: Doubled Penny
|-activate|p1a: Doubled Penny|Protect
|
|-heal|p2a: Blissey|95/100 tox|[from] item: Leftovers
|-damage|p2a: Blissey|83/100 tox|[from] psn
|upkeep
|turn|22
|
|t:|1729258103
|switch|p1a: TWO|Celebi|100/100
|move|p2a: Blissey|Seismic Toss|p1a: TWO
|-damage|p1a: TWO|76/100
|
|-heal|p1a: TWO|82/100|[from] item: Leftovers
|-heal|p2a: Blissey|89/100 tox|[from] item: Leftovers
|-damage|p2a: Blissey|70/100 tox|[from] psn
|upkeep
|turn|23
|
|t:|1729258110
|move|p1a: TWO|Swords Dance|p1a: TWO
|-boost|p1a: TWO|atk|2
|move|p2a: Blissey|Wish|p2a: Blissey
|
|-heal|p1a: TWO|88/100|[from] item: Leftovers
|-heal|p2a: Blissey|77/100 tox|[from] item: Leftovers
|-damage|p2a: Blissey|52/100 tox|[from] psn
|upkeep
|turn|24
|
|t:|1729258112
|-curestatus|p2a: Blissey|tox|[from] ability: Natural Cure
|switch|p2a: Salamence|Salamence, M|100/100
|-ability|p2a: Salamence|Intimidate|boost
|-unboost|p1a: TWO|atk|1
|move|p1a: TWO|Swords Dance|p1a: TWO
|-boost|p1a: TWO|atk|2
|
|-heal|p1a: TWO|94/100|[from] item: Leftovers
|upkeep
|turn|25
|
|t:|1729258123
|move|p2a: Salamence|Hidden Power|p1a: TWO
|-supereffective|p1a: TWO
|-damage|p1a: TWO|15/100
|move|p1a: TWO|Baton Pass|p1a: TWO
|
|t:|1729258125
|switch|p1a: BLJ|Zapdos|28/100|[from] Baton Pass
|
|-heal|p1a: BLJ|34/100|[from] item: Leftovers
|upkeep
|turn|26
|
|t:|1729258132
|switch|p2a: Blissey|Blissey, F|52/100
|move|p1a: BLJ|Hidden Power|p2a: Blissey
|-damage|p2a: Blissey|41/100
|
|-heal|p1a: BLJ|41/100|[from] item: Leftovers
|-heal|p2a: Blissey|48/100|[from] item: Leftovers
|upkeep
|turn|27
|
|t:|1729258141
|move|p1a: BLJ|Drill Peck|p2a: Blissey
|-damage|p2a: Blissey|0 fnt
|faint|p2a: Blissey
|
|t:|1729258145
|switch|p2a: Magneton|Magneton|100/100
|
|-heal|p1a: BLJ|47/100|[from] item: Leftovers
|upkeep
|turn|28
|
|t:|1729258160
|move|p1a: BLJ|Baton Pass|p1a: BLJ
|
|t:|1729258161
|switch|p1a: 1 2 Oatmeal|Hariyama, F|91/100|[from] Baton Pass
|move|p2a: Magneton|Thunderbolt|p1a: 1 2 Oatmeal
|-damage|p1a: 1 2 Oatmeal|50/100
|
|-heal|p1a: 1 2 Oatmeal|56/100|[from] item: Leftovers
|upkeep
|turn|29
|
|t:|1729258169
|switch|p2a: Metagross|Metagross|19/100
|move|p1a: 1 2 Oatmeal|Cross Chop|p2a: Metagross
|-damage|p2a: Metagross|0 fnt
|faint|p2a: Metagross
|
|t:|1729258171
|switch|p2a: Salamence|Salamence, M|100/100
|-ability|p2a: Salamence|Intimidate|boost
|-unboost|p1a: 1 2 Oatmeal|atk|1
|
|-heal|p1a: 1 2 Oatmeal|62/100|[from] item: Leftovers
|upkeep
|turn|30
|inactive|Skittle_Skity has 270 seconds left.
|
|t:|1729258203
|move|p2a: Salamence|Hidden Power|p1a: 1 2 Oatmeal
|-supereffective|p1a: 1 2 Oatmeal
|-damage|p1a: 1 2 Oatmeal|0 fnt
|faint|p1a: 1 2 Oatmeal
|
|t:|1729258205
|switch|p1a: BLJ|Zapdos|47/100
|
|-heal|p1a: BLJ|53/100|[from] item: Leftovers
|upkeep
|turn|31
|
|t:|1729258221
|switch|p2a: Magneton|Magneton|100/100
|move|p1a: BLJ|Thunderbolt|p2a: Magneton
|-resisted|p2a: Magneton
|-damage|p2a: Magneton|58/100
|-status|p2a: Magneton|par
|
|-heal|p1a: BLJ|59/100|[from] item: Leftovers
|-heal|p2a: Magneton|64/100 par|[from] item: Leftovers
|upkeep
|turn|32
|
|t:|1729258236
|move|p1a: BLJ|Baton Pass|p1a: BLJ
|
|t:|1729258237
|switch|p1a: Doubled Penny|Magneton|59/100|[from] Baton Pass
|move|p2a: Magneton|Thunderbolt|p1a: Doubled Penny
|-resisted|p1a: Doubled Penny
|-damage|p1a: Doubled Penny|12/100
|
|-heal|p2a: Magneton|70/100 par|[from] item: Leftovers
|upkeep
|turn|33
|
|t:|1729258251
|move|p1a: Doubled Penny|Hidden Power|p2a: Magneton
|-supereffective|p2a: Magneton
|-damage|p2a: Magneton|0 fnt
|faint|p2a: Magneton
|
|t:|1729258264
|switch|p2a: Salamence|Salamence, M|100/100
|-ability|p2a: Salamence|Intimidate|boost
|-unboost|p1a: Doubled Penny|atk|1
|
|upkeep
|turn|34
|inactive|keeping it icy has 270 seconds left.
|
|t:|1729258291
|move|p1a: Doubled Penny|Protect|p1a: Doubled Penny
|-singleturn|p1a: Doubled Penny|Protect
|move|p2a: Salamence|Hidden Power|p1a: Doubled Penny
|-activate|p1a: Doubled Penny|Protect
|
|upkeep
|turn|35
|
|t:|1729258301
|switch|p1a: TWO|Celebi|15/100
|move|p2a: Salamence|Hidden Power|p1a: TWO
|-supereffective|p1a: TWO
|-damage|p1a: TWO|0 fnt
|faint|p1a: TWO
|
|t:|1729258302
|switch|p1a: BLJ|Zapdos|59/100
|
|-heal|p1a: BLJ|66/100|[from] item: Leftovers
|upkeep
|turn|36
|
|t:|1729258308
|move|p1a: BLJ|Thunderbolt|p2a: Salamence
|-damage|p2a: Salamence|42/100
|move|p2a: Salamence|Hidden Power|p1a: BLJ
|-resisted|p1a: BLJ
|-damage|p1a: BLJ|25/100
|
|-heal|p1a: BLJ|31/100|[from] item: Leftovers
|upkeep
|turn|37
|
|t:|1729258313
|move|p1a: BLJ|Thunderbolt|p2a: Salamence
|-damage|p2a: Salamence|0 fnt
|faint|p2a: Salamence
|
|t:|1729258315
|switch|p2a: Suicune|Suicune|77/100
|
|-heal|p1a: BLJ|37/100|[from] item: Leftovers
|-heal|p2a: Suicune|84/100|[from] item: Leftovers
|upkeep
|turn|38
|
|t:|1729258320
|move|p1a: BLJ|Thunderbolt|p2a: Suicune
|-supereffective|p2a: Suicune
|-damage|p2a: Suicune|4/100
|move|p2a: Suicune|Ice Beam|p1a: BLJ
|-supereffective|p1a: BLJ
|-damage|p1a: BLJ|0 fnt
|faint|p1a: BLJ
|
|t:|1729258323
|switch|p1a: Doubled Penny|Magneton|12/100
|
|-heal|p2a: Suicune|10/100|[from] item: Leftovers
|upkeep
|turn|39
|
|t:|1729258326
|move|p1a: Doubled Penny|Thunderbolt|p2a: Suicune
|-supereffective|p2a: Suicune
|-damage|p2a: Suicune|0 fnt
|faint|p2a: Suicune
|
|win|Skittle_Skity
|c|☆Skittle_Skity|gg
|c|☆keeping it icy|Gg

</script>
<script type="application/json" class="data" id="replaydata-smogtours-gen3ou-799496">
{"id":"smogtours-gen3ou-799496","format":"[Gen 3] OU","players":["Skittle_Skity","keeping it icy"],"uploadtime":1729258326,"views":144,"formatid":"gen3ou","rating":null,"private":0,"password":null}
</script>

<script defer src="js/replays.js?9d40a366"></script>
