<!DOCTYPE html>
<meta charset="utf-8" />
<meta name="viewport" content="width=device-width" />

<title>[Gen 3] OU: MeEsSm vs. resen65 - Replays - Pok&eacute;mon Showdown!</title>

<meta name="description" content="Watch a replay of a Pok&eacute;mon battle between MeEsSm and resen65! Format: [Gen 3] OU; Date: Oct 9, 2024" />
<!--

Hey, you! Looking in the source for the replay log?

You can find them in JSON format, just add `.json` at the end of a replay URL.

https://replay.pokemonshowdown.com/gen7randomdoublesbattle-865046831.json

Or, if you only need the log itself, add `.log` instead:

https://replay.pokemonshowdown.com/gen7randomdoublesbattle-865046831.log

-->

<link rel="stylesheet" href="//pokemonshowdown.com/style/global.css?0.767286132409787" />
<link rel="stylesheet" href="//play.pokemonshowdown.com/style/font-awesome.css?0.9266228007934947" />
<link rel="stylesheet" href="//play.pokemonshowdown.com/style/battle.css?0.7924700842790926" />
<link rel="stylesheet" href="//play.pokemonshowdown.com/style/utilichart.css?0.8777417872839479" />

<!-- Global site tag (gtag.js) - Google Analytics -->
<script async src="https://www.googletagmanager.com/gtag/js?id=UA-26211653-1"></script>
<script>
  window.dataLayer = window.dataLayer || [];
  function gtag(){dataLayer.push(arguments);}
  gtag('js', new Date());

  gtag('config', 'UA-26211653-1');
</script>
<!-- End Google Analytics -->
<!-- Venatus Ad Manager - Install in <HEAD> of page -->
	<script src="https://hb.vntsm.com/v3/live/ad-manager.min.js" type="text/javascript" data-site-id="642aba63ec9a7b11c3c9c1be" data-mode="scan" async></script>
<!-- / Venatus Ad Manager -->

<style>
	@media (max-width:820px) {
		.battle {
			margin: 0 auto;
		}
		.battle-log {
			margin: 7px auto 0;
			max-width: 640px;
			height: 300px;
			position: static;
		}
	}
	.optgroup {
		display: inline-block;
		line-height: 22px;
		font-size: 10pt;
	}
	.optgroup .button {
		height: 25px;
		padding-top: 0;
		padding-bottom: 0;
	}
	.optgroup button.button {
		padding-left: 12px;
		padding-right: 12px;
	}
	.linklist {
		list-style: none;
		margin: 0.5em 0;
		padding: 0;
	}
	.linklist li {
		padding: 2px 0;
	}
	.sidebar {
		float: left;
		width: 320px;
	}
	.bar-wrapper {
		max-width: 1100px;
		margin: 0 auto;
	}
	.bar-wrapper.has-sidebar {
		max-width: 1430px;
	}
	.mainbar {
		margin: 0;
		padding-right: 1px;
	}
	.mainbar.has-sidebar {
		margin-left: 330px;
	}
	@media (min-width: 1511px) {
		.sidebar {
			width: 400px;
		}
		.bar-wrapper.has-sidebar {
			max-width: 1510px;
		}
		.mainbar.has-sidebar {
			margin-left: 410px;
		}
	}
	.section.first-section {
		margin-top: 9px;
	}
	.blocklink small {
		white-space: normal;
	}
	.button {
		vertical-align: middle;
	}
	.replay-controls {
		padding-top: 10px;
	}
	.replay-controls h1 {
		font-size: 16pt;
		font-weight: normal;
		color: #CCC;
	}
	.pagelink {
		text-align: center;
	}
	.pagelink a {
		width: 150px;
	}
	.textbox, .button {
		font-size: 11pt;
		vertical-align: middle;
	}
	@media (max-width: 450px) {
		.button {
			font-size: 9pt;
		}
	}
</style>

<div>

	<header>
		<div class="nav-wrapper"><ul class="nav">
			<li><a class="button nav-first" href="//pokemonshowdown.com/"><img src="//pokemonshowdown.com/images/pokemonshowdownbeta.png" srcset="//pokemonshowdown.com/images/pokemonshowdownbeta.png 1x, //pokemonshowdown.com/images/pokemonshowdownbeta@2x.png 2x" alt="Pok&eacute;mon Showdown" width="146" height="44" /> Home</a></li>
			<li><a class="button" href="//pokemonshowdown.com/dex/">Pok&eacute;dex</a></li>
			<li><a class="button cur" href="/">Replays</a></li>
			<li><a class="button" href="//pokemonshowdown.com/ladder/">Ladder</a></li>
			<li><a class="button nav-last" href="//pokemonshowdown.com/forums/">Forum</a></li>
			<li><a class="button greenbutton nav-first nav-last" href="//play.pokemonshowdown.com/">Play</a></li>
		</ul></div>
	</header>

	<div class="main" id="main">

		<noscript><section class="section">You need to enable JavaScript to use this page; sorry!</section></noscript>

	</div>

</div>

<script defer nomodule src="//play.pokemonshowdown.com/js/lib/ps-polyfill.js"></script>
<script defer src="//play.pokemonshowdown.com/js/lib/preact.min.js"></script>

<script defer src="//play.pokemonshowdown.com/config/config.js?6dec07f6"></script>
<script defer src="//play.pokemonshowdown.com/js/lib/jquery-1.11.0.min.js"></script>
<script defer src="//play.pokemonshowdown.com/js/lib/html-sanitizer-minified.js"></script>
<script defer src="//play.pokemonshowdown.com/js/battle-sound.js"></script>
<script defer src="//play.pokemonshowdown.com/js/battledata.js?0.6315294753075389"></script>
<script defer src="//play.pokemonshowdown.com/data/pokedex-mini.js?0.7603743185311358"></script>
<script defer src="//play.pokemonshowdown.com/data/pokedex-mini-bw.js?0.030888842834281283"></script>
<script defer src="//play.pokemonshowdown.com/data/graphics.js?0.05593094747507488"></script>
<script defer src="//play.pokemonshowdown.com/data/pokedex.js?0.47064822249611904"></script>
<script defer src="//play.pokemonshowdown.com/data/moves.js?0.8583693120512459"></script>
<script defer src="//play.pokemonshowdown.com/data/abilities.js?0.16017181182386842"></script>
<script defer src="//play.pokemonshowdown.com/data/items.js?0.4163379185673943"></script>
<script defer src="//play.pokemonshowdown.com/data/teambuilder-tables.js?0.31075597372830477"></script>
<script defer src="//play.pokemonshowdown.com/js/battle-tooltips.js?0.6536193500708172"></script>
<script defer src="//play.pokemonshowdown.com/js/battle.js?0.1916591943277901"></script>

<script defer src="js/utils.js?e31f9a17"></script>
<script defer src="js/replays-battle.js?7008c182"></script>

<!-- don't scrape this data! just add .json or .log after the URL!
Full API docs: https://github.com/smogon/pokemon-showdown-client/blob/master/WEB-API.md -->
<script type="text/plain" class="log" id="replaylog-smogtours-gen3ou-796700">
|inactive|Battle timer is ON: inactive players will automatically lose when time's up.
|t:|1728498630
|gametype|singles
|player|p1|MeEsSm|#roaplxyorknewyanma|
|player|p2|resen65|2|
|teamsize|p1|6
|teamsize|p2|6
|gen|3
|tier|[Gen 3] OU
|rule|Sleep Clause Mod: Limit one foe put to sleep
|rule|Switch Priority Clause Mod: Faster Pokémon switch first
|rule|Species Clause: Limit one of each Pokémon
|rule|OHKO Clause: OHKO moves are banned
|rule|Evasion Items Clause: Evasion items are banned
|rule|Evasion Moves Clause: Evasion moves are banned
|rule|Endless Battle Clause: Forcing endless battles is banned
|rule|HP Percentage Mod: HP is shown in percentages
|rule|One Boost Passer Clause: Limit one Baton Passer that has a way to boost its stats
|rule|Freeze Clause Mod: Limit one foe frozen
|
|t:|1728498630
|start
|switch|p1a: Zapdos|Zapdos|100/100
|switch|p2a: Gengar|Gengar, F|100/100
|turn|1
|c|☆resen65|glhf!
|c|☆MeEsSm|hf
|
|t:|1728498650
|move|p1a: Zapdos|Thunderbolt|p2a: Gengar
|-damage|p2a: Gengar|21/100
|move|p2a: Gengar|Explosion|p1a: Zapdos
|-damage|p1a: Zapdos|0 fnt
|faint|p2a: Gengar
|faint|p1a: Zapdos
|
|t:|1728498662
|switch|p1a: Jirachi|Jirachi|100/100
|switch|p2a: Zapdos|Zapdos|100/100
|
|upkeep
|turn|2
|inactive|resen65 has 270 seconds left.
|
|t:|1728498695
|move|p1a: Jirachi|Psychic|p2a: Zapdos
|-damage|p2a: Zapdos|58/100
|move|p2a: Zapdos|Baton Pass|p2a: Zapdos
|inactive|resen65 has 270 seconds left.
|
|t:|1728498712
|switch|p2a: Tyranitar|Tyranitar, M|100/100|[from] Baton Pass
|-weather|Sandstorm|[from] ability: Sand Stream|[of] p2a: Tyranitar
|
|-weather|Sandstorm|[upkeep]
|upkeep
|turn|3
|
|t:|1728498725
|-singleturn|p2a: Tyranitar|move: Focus Punch
|switch|p1a: Suicune|Suicune|100/100
|move|p2a: Tyranitar|Focus Punch|p1a: Suicune
|-damage|p1a: Suicune|53/100
|
|-weather|Sandstorm|[upkeep]
|-damage|p1a: Suicune|47/100|[from] Sandstorm
|-heal|p1a: Suicune|53/100|[from] item: Leftovers
|upkeep
|turn|4
|inactive|resen65 has 270 seconds left.
|inactive|resen65 has 240 seconds left.
|
|t:|1728498766
|switch|p2a: Celebi|Celebi|100/100
|move|p1a: Suicune|Hydro Pump|p2a: Celebi|[miss]
|-miss|p1a: Suicune|p2a: Celebi
|
|-weather|Sandstorm|[upkeep]
|-damage|p2a: Celebi|94/100|[from] Sandstorm
|-damage|p1a: Suicune|47/100|[from] Sandstorm
|-heal|p2a: Celebi|100/100|[from] item: Leftovers
|-heal|p1a: Suicune|53/100|[from] item: Leftovers
|upkeep
|turn|5
|inactive|resen65 has 240 seconds left.
|
|t:|1728498779
|switch|p1a: Dugtrio|Dugtrio, M|100/100
|move|p2a: Celebi|Leech Seed|p1a: Dugtrio|[miss]
|-miss|p2a: Celebi|p1a: Dugtrio
|
|-weather|Sandstorm|[upkeep]
|-damage|p2a: Celebi|94/100|[from] Sandstorm
|-heal|p2a: Celebi|100/100|[from] item: Leftovers
|upkeep
|turn|6
|
|t:|1728498785
|move|p1a: Dugtrio|Hidden Power|p2a: Celebi
|-supereffective|p2a: Celebi
|-damage|p2a: Celebi|12/100
|move|p2a: Celebi|Giga Drain|p1a: Dugtrio
|-supereffective|p1a: Dugtrio
|-damage|p1a: Dugtrio|11/100
|-heal|p2a: Celebi|41/100|[from] drain|[of] p1a: Dugtrio
|
|-weather|Sandstorm|[upkeep]
|-damage|p2a: Celebi|35/100|[from] Sandstorm
|-heal|p2a: Celebi|41/100|[from] item: Leftovers
|upkeep
|turn|7
|
|t:|1728498791
|move|p1a: Dugtrio|Hidden Power|p2a: Celebi
|-supereffective|p2a: Celebi
|-damage|p2a: Celebi|0 fnt
|faint|p2a: Celebi
|
|t:|1728498805
|switch|p2a: Zapdos|Zapdos|58/100
|
|-weather|Sandstorm|[upkeep]
|-damage|p2a: Zapdos|52/100|[from] Sandstorm
|-heal|p2a: Zapdos|58/100|[from] item: Leftovers
|upkeep
|turn|8
|
|t:|1728498812
|switch|p1a: Tyranitar|Tyranitar, M|100/100
|move|p2a: Zapdos|Agility|p2a: Zapdos
|-boost|p2a: Zapdos|spe|2
|
|-weather|Sandstorm|[upkeep]
|-damage|p2a: Zapdos|52/100|[from] Sandstorm
|-heal|p2a: Zapdos|58/100|[from] item: Leftovers
|upkeep
|turn|9
|
|t:|1728498830
|move|p2a: Zapdos|Baton Pass|p2a: Zapdos
|
|t:|1728498833
|switch|p2a: Metagross|Metagross|100/100|[from] Baton Pass
|move|p1a: Tyranitar|Fire Blast|p2a: Metagross|[miss]
|-miss|p1a: Tyranitar|p2a: Metagross
|
|-weather|Sandstorm|[upkeep]
|upkeep
|turn|10
|inactive|resen65 has 270 seconds left.
|c|☆MeEsSm|.
|c|☆resen65|damn
|c|☆resen65|sorry
|inactive|resen65 has 240 seconds left.
|
|t:|1728498896
|move|p2a: Metagross|Meteor Mash|p1a: Tyranitar
|-supereffective|p1a: Tyranitar
|-damage|p1a: Tyranitar|19/100
|move|p1a: Tyranitar|Fire Blast|p2a: Metagross
|-supereffective|p2a: Metagross
|-damage|p2a: Metagross|18/100
|
|-weather|Sandstorm|[upkeep]
|-heal|p2a: Metagross|24/100|[from] item: Leftovers
|-heal|p1a: Tyranitar|25/100|[from] item: Leftovers
|upkeep
|turn|11
|
|t:|1728498915
|move|p2a: Metagross|Earthquake|p1a: Tyranitar
|-supereffective|p1a: Tyranitar
|-damage|p1a: Tyranitar|0 fnt
|faint|p1a: Tyranitar
|inactive|MeEsSm has 270 seconds left.
|inactive|MeEsSm has 240 seconds left.
|
|t:|1728498966
|switch|p1a: Suicune|Suicune|53/100
|
|-weather|Sandstorm|[upkeep]
|-damage|p1a: Suicune|47/100|[from] Sandstorm
|-heal|p2a: Metagross|30/100|[from] item: Leftovers
|-heal|p1a: Suicune|53/100|[from] item: Leftovers
|upkeep
|turn|12
|inactive|resen65 has 210 seconds left.
|inactive|resen65 has 180 seconds left.
|
|t:|1728499032
|move|p2a: Metagross|Earthquake|p1a: Suicune
|-damage|p1a: Suicune|23/100
|move|p1a: Suicune|Hidden Power|p2a: Metagross
|-damage|p2a: Metagross|4/100
|
|-weather|Sandstorm|[upkeep]
|-damage|p1a: Suicune|17/100|[from] Sandstorm
|-heal|p2a: Metagross|10/100|[from] item: Leftovers
|-heal|p1a: Suicune|23/100|[from] item: Leftovers
|upkeep
|turn|13
|
|t:|1728499045
|move|p2a: Metagross|Earthquake|p1a: Suicune
|-damage|p1a: Suicune|0 fnt
|faint|p1a: Suicune
|
|t:|1728499050
|switch|p1a: Breloom|Breloom, F|100/100
|
|-weather|Sandstorm|[upkeep]
|-damage|p1a: Breloom|94/100|[from] Sandstorm
|-heal|p2a: Metagross|16/100|[from] item: Leftovers
|-heal|p1a: Breloom|100/100|[from] item: Leftovers
|upkeep
|turn|14
|inactive|resen65 has 180 seconds left.
|
|t:|1728499068
|move|p1a: Breloom|Mach Punch|p2a: Metagross
|-damage|p2a: Metagross|0 fnt
|faint|p2a: Metagross
|
|t:|1728499074
|switch|p2a: Zapdos|Zapdos|58/100
|
|-weather|Sandstorm|[upkeep]
|-damage|p2a: Zapdos|52/100|[from] Sandstorm
|-damage|p1a: Breloom|94/100|[from] Sandstorm
|-heal|p2a: Zapdos|58/100|[from] item: Leftovers
|-heal|p1a: Breloom|100/100|[from] item: Leftovers
|upkeep
|turn|15
|inactive|MeEsSm has 270 seconds left.
|inactive|resen65 has 180 seconds left.
|inactive|MeEsSm has 240 seconds left.
|
|t:|1728499118
|move|p2a: Zapdos|Substitute|p2a: Zapdos
|-start|p2a: Zapdos|Substitute
|-damage|p2a: Zapdos|33/100
|move|p1a: Breloom|Spore||[still]
|-fail|p1a: Breloom
|
|-weather|Sandstorm|[upkeep]
|-damage|p2a: Zapdos|27/100|[from] Sandstorm
|-damage|p1a: Breloom|94/100|[from] Sandstorm
|-heal|p2a: Zapdos|33/100|[from] item: Leftovers
|-heal|p1a: Breloom|100/100|[from] item: Leftovers
|upkeep
|turn|16
|inactive|MeEsSm has 240 seconds left.
|
|t:|1728499138
|switch|p1a: Jirachi|Jirachi|100/100
|move|p2a: Zapdos|Thunderbolt|p1a: Jirachi
|-damage|p1a: Jirachi|52/100
|
|-weather|Sandstorm|[upkeep]
|-damage|p2a: Zapdos|27/100|[from] Sandstorm
|-heal|p1a: Jirachi|58/100|[from] item: Leftovers
|-heal|p2a: Zapdos|33/100|[from] item: Leftovers
|upkeep
|turn|17
|inactive|resen65 has 180 seconds left.
|inactive|resen65 has 150 seconds left.
|inactive|resen65 has 120 seconds left.
|
|t:|1728499218
|move|p1a: Jirachi|Psychic|p2a: Zapdos
|-end|p2a: Zapdos|Substitute
|move|p2a: Zapdos|Baton Pass|p2a: Zapdos
|
|t:|1728499241
|switch|p2a: Suicune|Suicune|100/100|[from] Baton Pass
|
|-weather|Sandstorm|[upkeep]
|-damage|p2a: Suicune|94/100|[from] Sandstorm
|-heal|p1a: Jirachi|64/100|[from] item: Leftovers
|-heal|p2a: Suicune|100/100|[from] item: Leftovers
|upkeep
|turn|18
|inactive|MeEsSm has 240 seconds left.
|
|t:|1728499256
|move|p1a: Jirachi|Calm Mind|p1a: Jirachi
|-boost|p1a: Jirachi|spa|1
|-boost|p1a: Jirachi|spd|1
|move|p2a: Suicune|Calm Mind|p2a: Suicune
|-boost|p2a: Suicune|spa|1
|-boost|p2a: Suicune|spd|1
|
|-weather|Sandstorm|[upkeep]
|-damage|p2a: Suicune|94/100|[from] Sandstorm
|-heal|p1a: Jirachi|70/100|[from] item: Leftovers
|-heal|p2a: Suicune|100/100|[from] item: Leftovers
|upkeep
|turn|19
|
|t:|1728499269
|move|p1a: Jirachi|Hidden Power|p2a: Suicune
|-supereffective|p2a: Suicune
|-damage|p2a: Suicune|72/100
|move|p2a: Suicune|Calm Mind|p2a: Suicune
|-boost|p2a: Suicune|spa|1
|-boost|p2a: Suicune|spd|1
|
|-weather|Sandstorm|[upkeep]
|-damage|p2a: Suicune|66/100|[from] Sandstorm
|-heal|p1a: Jirachi|76/100|[from] item: Leftovers
|-heal|p2a: Suicune|72/100|[from] item: Leftovers
|upkeep
|turn|20
|
|t:|1728499279
|move|p1a: Jirachi|Hidden Power|p2a: Suicune
|-supereffective|p2a: Suicune
|-damage|p2a: Suicune|48/100
|move|p2a: Suicune|Surf|p1a: Jirachi
|-damage|p1a: Jirachi|23/100
|
|-weather|Sandstorm|[upkeep]
|-damage|p2a: Suicune|42/100|[from] Sandstorm
|-heal|p1a: Jirachi|29/100|[from] item: Leftovers
|-heal|p2a: Suicune|48/100|[from] item: Leftovers
|upkeep
|turn|21
|inactive|resen65 has 120 seconds left.
|inactive|MeEsSm has 240 seconds left.
|inactive|resen65 has 90 seconds left.
|inactive|MeEsSm has 210 seconds left.
|
|t:|1728499343
|move|p1a: Jirachi|Hidden Power|p2a: Suicune
|-supereffective|p2a: Suicune
|-damage|p2a: Suicune|25/100
|move|p2a: Suicune|Surf|p1a: Jirachi
|-damage|p1a: Jirachi|0 fnt
|faint|p1a: Jirachi
|inactive|MeEsSm has 210 seconds left.
|inactive|MeEsSm has 180 seconds left.
|
|t:|1728499380
|switch|p1a: Dugtrio|Dugtrio, M|11/100
|
|-weather|Sandstorm|[upkeep]
|-damage|p2a: Suicune|19/100|[from] Sandstorm
|-heal|p2a: Suicune|25/100|[from] item: Leftovers
|upkeep
|turn|22
|
|t:|1728499389
|move|p1a: Dugtrio|Hidden Power|p2a: Suicune
|-damage|p2a: Suicune|7/100
|move|p2a: Suicune|Rest|p2a: Suicune
|-status|p2a: Suicune|slp|[from] move: Rest
|-heal|p2a: Suicune|100/100 slp|[silent]
|
|-weather|Sandstorm|[upkeep]
|-damage|p2a: Suicune|94/100 slp|[from] Sandstorm
|-heal|p2a: Suicune|100/100 slp|[from] item: Leftovers
|upkeep
|turn|23
|
|t:|1728499398
|switch|p1a: Breloom|Breloom, F|100/100
|cant|p2a: Suicune|slp
|
|-weather|Sandstorm|[upkeep]
|-damage|p1a: Breloom|94/100|[from] Sandstorm
|-damage|p2a: Suicune|94/100 slp|[from] Sandstorm
|-heal|p1a: Breloom|100/100|[from] item: Leftovers
|-heal|p2a: Suicune|100/100 slp|[from] item: Leftovers
|upkeep
|turn|24
|inactive|resen65 has 90 seconds left.
|
|t:|1728499413
|switch|p1a: Dugtrio|Dugtrio, M|11/100
|cant|p2a: Suicune|slp
|
|-weather|Sandstorm|[upkeep]
|-damage|p2a: Suicune|94/100 slp|[from] Sandstorm
|-heal|p2a: Suicune|100/100 slp|[from] item: Leftovers
|upkeep
|turn|25
|
|t:|1728499421
|move|p1a: Dugtrio|Earthquake|p2a: Suicune
|-damage|p2a: Suicune|60/100 slp
|-curestatus|p2a: Suicune|slp|[msg]
|move|p2a: Suicune|Surf|p1a: Dugtrio
|-supereffective|p1a: Dugtrio
|-damage|p1a: Dugtrio|0 fnt
|faint|p1a: Dugtrio
|
|t:|1728499426
|switch|p1a: Breloom|Breloom, F|100/100
|
|-weather|Sandstorm|[upkeep]
|-damage|p1a: Breloom|94/100|[from] Sandstorm
|-damage|p2a: Suicune|54/100|[from] Sandstorm
|-heal|p1a: Breloom|100/100|[from] item: Leftovers
|-heal|p2a: Suicune|60/100|[from] item: Leftovers
|upkeep
|turn|26
|
|t:|1728499438
|move|p1a: Breloom|Spore|p2a: Suicune
|-status|p2a: Suicune|slp|[from] move: Spore
|cant|p2a: Suicune|slp
|
|-weather|Sandstorm|[upkeep]
|-damage|p1a: Breloom|94/100|[from] Sandstorm
|-damage|p2a: Suicune|54/100 slp|[from] Sandstorm
|-heal|p1a: Breloom|100/100|[from] item: Leftovers
|-heal|p2a: Suicune|60/100 slp|[from] item: Leftovers
|upkeep
|turn|27
|inactive|resen65 has 90 seconds left.
|inactive|resen65 has 60 seconds left.
|
|t:|1728499506
|-singleturn|p1a: Breloom|move: Focus Punch
|cant|p2a: Suicune|slp
|move|p1a: Breloom|Focus Punch|p2a: Suicune
|-damage|p2a: Suicune|0 fnt
|faint|p2a: Suicune
|
|t:|1728499513
|switch|p2a: Zapdos|Zapdos|33/100
|
|-weather|Sandstorm|[upkeep]
|-damage|p2a: Zapdos|27/100|[from] Sandstorm
|-damage|p1a: Breloom|94/100|[from] Sandstorm
|-heal|p2a: Zapdos|33/100|[from] item: Leftovers
|-heal|p1a: Breloom|100/100|[from] item: Leftovers
|upkeep
|turn|28
|
|t:|1728499526
|move|p2a: Zapdos|Thunderbolt|p1a: Breloom
|-resisted|p1a: Breloom
|-damage|p1a: Breloom|47/100
|move|p1a: Breloom|Sky Uppercut|p2a: Zapdos
|-resisted|p2a: Zapdos
|-damage|p2a: Zapdos|8/100
|
|-weather|Sandstorm|[upkeep]
|-damage|p2a: Zapdos|2/100|[from] Sandstorm
|-damage|p1a: Breloom|41/100|[from] Sandstorm
|-heal|p2a: Zapdos|8/100|[from] item: Leftovers
|-heal|p1a: Breloom|47/100|[from] item: Leftovers
|upkeep
|turn|29
|
|t:|1728499534
|move|p1a: Breloom|Mach Punch|p2a: Zapdos
|-resisted|p2a: Zapdos
|-damage|p2a: Zapdos|0 fnt
|faint|p2a: Zapdos
|
|t:|1728499537
|switch|p2a: Tyranitar|Tyranitar, M|100/100
|
|-weather|Sandstorm|[upkeep]
|-damage|p1a: Breloom|41/100|[from] Sandstorm
|-heal|p1a: Breloom|47/100|[from] item: Leftovers
|upkeep
|turn|30
|c|☆resen65|gg
|
|t:|1728499545
|move|p1a: Breloom|Sky Uppercut|p2a: Tyranitar
|-supereffective|p2a: Tyranitar
|-damage|p2a: Tyranitar|0 fnt
|faint|p2a: Tyranitar
|
|win|MeEsSm
|c|☆MeEsSm|ggs

</script>
<script type="application/json" class="data" id="replaydata-smogtours-gen3ou-796700">
{"id":"smogtours-gen3ou-796700","format":"[Gen 3] OU","players":["MeEsSm","resen65"],"uploadtime":1728499545,"views":179,"formatid":"gen3ou","rating":null,"private":1,"password":null}
</script>

<script defer src="js/replays.js?9d40a366"></script>
