<!DOCTYPE html>
<meta charset="utf-8" />
<meta name="viewport" content="width=device-width" />

<title>[Gen 3] OU: Zcarlett vs. emma_emma_emma - Replays - Pok&eacute;mon Showdown!</title>

<meta name="description" content="Watch a replay of a Pok&eacute;mon battle between Zcarlett and emma_emma_emma! Format: [Gen 3] OU; Date: Oct 14, 2024" />
<!--

Hey, you! Looking in the source for the replay log?

You can find them in JSON format, just add `.json` at the end of a replay URL.

https://replay.pokemonshowdown.com/gen7randomdoublesbattle-865046831.json

Or, if you only need the log itself, add `.log` instead:

https://replay.pokemonshowdown.com/gen7randomdoublesbattle-865046831.log

-->

<link rel="stylesheet" href="//pokemonshowdown.com/style/global.css?0.023195364461161105" />
<link rel="stylesheet" href="//play.pokemonshowdown.com/style/font-awesome.css?0.13261647063804238" />
<link rel="stylesheet" href="//play.pokemonshowdown.com/style/battle.css?0.8753245789963631" />
<link rel="stylesheet" href="//play.pokemonshowdown.com/style/utilichart.css?0.8627959624976733" />

<!-- Global site tag (gtag.js) - Google Analytics -->
<script async src="https://www.googletagmanager.com/gtag/js?id=UA-26211653-1"></script>
<script>
  window.dataLayer = window.dataLayer || [];
  function gtag(){dataLayer.push(arguments);}
  gtag('js', new Date());

  gtag('config', 'UA-26211653-1');
</script>
<!-- End Google Analytics -->
<!-- Venatus Ad Manager - Install in <HEAD> of page -->
	<script src="https://hb.vntsm.com/v3/live/ad-manager.min.js" type="text/javascript" data-site-id="642aba63ec9a7b11c3c9c1be" data-mode="scan" async></script>
<!-- / Venatus Ad Manager -->

<style>
	@media (max-width:820px) {
		.battle {
			margin: 0 auto;
		}
		.battle-log {
			margin: 7px auto 0;
			max-width: 640px;
			height: 300px;
			position: static;
		}
	}
	.optgroup {
		display: inline-block;
		line-height: 22px;
		font-size: 10pt;
	}
	.optgroup .button {
		height: 25px;
		padding-top: 0;
		padding-bottom: 0;
	}
	.optgroup button.button {
		padding-left: 12px;
		padding-right: 12px;
	}
	.linklist {
		list-style: none;
		margin: 0.5em 0;
		padding: 0;
	}
	.linklist li {
		padding: 2px 0;
	}
	.sidebar {
		float: left;
		width: 320px;
	}
	.bar-wrapper {
		max-width: 1100px;
		margin: 0 auto;
	}
	.bar-wrapper.has-sidebar {
		max-width: 1430px;
	}
	.mainbar {
		margin: 0;
		padding-right: 1px;
	}
	.mainbar.has-sidebar {
		margin-left: 330px;
	}
	@media (min-width: 1511px) {
		.sidebar {
			width: 400px;
		}
		.bar-wrapper.has-sidebar {
			max-width: 1510px;
		}
		.mainbar.has-sidebar {
			margin-left: 410px;
		}
	}
	.section.first-section {
		margin-top: 9px;
	}
	.blocklink small {
		white-space: normal;
	}
	.button {
		vertical-align: middle;
	}
	.replay-controls {
		padding-top: 10px;
	}
	.replay-controls h1 {
		font-size: 16pt;
		font-weight: normal;
		color: #CCC;
	}
	.pagelink {
		text-align: center;
	}
	.pagelink a {
		width: 150px;
	}
	.textbox, .button {
		font-size: 11pt;
		vertical-align: middle;
	}
	@media (max-width: 450px) {
		.button {
			font-size: 9pt;
		}
	}
</style>

<div>

	<header>
		<div class="nav-wrapper"><ul class="nav">
			<li><a class="button nav-first" href="//pokemonshowdown.com/"><img src="//pokemonshowdown.com/images/pokemonshowdownbeta.png" srcset="//pokemonshowdown.com/images/pokemonshowdownbeta.png 1x, //pokemonshowdown.com/images/pokemonshowdownbeta@2x.png 2x" alt="Pok&eacute;mon Showdown" width="146" height="44" /> Home</a></li>
			<li><a class="button" href="//pokemonshowdown.com/dex/">Pok&eacute;dex</a></li>
			<li><a class="button cur" href="/">Replays</a></li>
			<li><a class="button" href="//pokemonshowdown.com/ladder/">Ladder</a></li>
			<li><a class="button nav-last" href="//pokemonshowdown.com/forums/">Forum</a></li>
			<li><a class="button greenbutton nav-first nav-last" href="//play.pokemonshowdown.com/">Play</a></li>
		</ul></div>
	</header>

	<div class="main" id="main">

		<noscript><section class="section">You need to enable JavaScript to use this page; sorry!</section></noscript>

	</div>

</div>

<script defer nomodule src="//play.pokemonshowdown.com/js/lib/ps-polyfill.js"></script>
<script defer src="//play.pokemonshowdown.com/js/lib/preact.min.js"></script>

<script defer src="//play.pokemonshowdown.com/config/config.js?2bddbc15"></script>
<script defer src="//play.pokemonshowdown.com/js/lib/jquery-1.11.0.min.js"></script>
<script defer src="//play.pokemonshowdown.com/js/lib/html-sanitizer-minified.js"></script>
<script defer src="//play.pokemonshowdown.com/js/battle-sound.js"></script>
<script defer src="//play.pokemonshowdown.com/js/battledata.js?0.7209276989879541"></script>
<script defer src="//play.pokemonshowdown.com/data/pokedex-mini.js?0.6111056340867951"></script>
<script defer src="//play.pokemonshowdown.com/data/pokedex-mini-bw.js?0.3532142036491459"></script>
<script defer src="//play.pokemonshowdown.com/data/graphics.js?0.24223875632456182"></script>
<script defer src="//play.pokemonshowdown.com/data/pokedex.js?0.38839984266356864"></script>
<script defer src="//play.pokemonshowdown.com/data/moves.js?0.21866028504024015"></script>
<script defer src="//play.pokemonshowdown.com/data/abilities.js?0.2005157953846628"></script>
<script defer src="//play.pokemonshowdown.com/data/items.js?0.9894211263848525"></script>
<script defer src="//play.pokemonshowdown.com/data/teambuilder-tables.js?0.6008791140282215"></script>
<script defer src="//play.pokemonshowdown.com/js/battle-tooltips.js?0.7580118955022959"></script>
<script defer src="//play.pokemonshowdown.com/js/battle.js?0.6057722274234274"></script>

<script defer src="js/utils.js?e31f9a17"></script>
<script defer src="js/replays-battle.js?7008c182"></script>

<!-- don't scrape this data! just add .json or .log after the URL!
Full API docs: https://github.com/smogon/pokemon-showdown-client/blob/master/WEB-API.md -->
<script type="text/plain" class="log" id="replaylog-smogtours-gen3ou-798798">
|inactive|Battle timer is ON: inactive players will automatically lose when time's up.
|t:|1728943476
|gametype|singles
|player|p1|Zcarlett|miku-flying|
|player|p2|emma_emma_emma|266|
|teamsize|p1|6
|teamsize|p2|6
|gen|3
|tier|[Gen 3] OU
|rule|Sleep Clause Mod: Limit one foe put to sleep
|rule|Switch Priority Clause Mod: Faster Pokémon switch first
|rule|Species Clause: Limit one of each Pokémon
|rule|OHKO Clause: OHKO moves are banned
|rule|Evasion Items Clause: Evasion items are banned
|rule|Evasion Moves Clause: Evasion moves are banned
|rule|Endless Battle Clause: Forcing endless battles is banned
|rule|HP Percentage Mod: HP is shown in percentages
|rule|One Boost Passer Clause: Limit one Baton Passer that has a way to boost its stats
|rule|Freeze Clause Mod: Limit one foe frozen
|
|t:|1728943476
|start
|switch|p1a: Defender|Hariyama, F|100/100
|switch|p2a: dallas|Aerodactyl, F|100/100
|turn|1
|c|☆emma_emma_emma|glhf!!!
|c|☆Zcarlett|u2'
|
|t:|1728943485
|move|p2a: dallas|Hidden Power|p1a: Defender
|-supereffective|p1a: Defender
|-damage|p1a: Defender|12/100
|move|p1a: Defender|Knock Off|p2a: dallas
|-damage|p2a: dallas|97/100
|-enditem|p2a: dallas|Choice Band|[from] move: Knock Off|[of] p1a: Defender
|-hint|In Gens 3-4, Knock Off only makes the target's item unusable; it cannot obtain a new item.
|
|-heal|p1a: Defender|18/100|[from] item: Leftovers
|upkeep
|turn|2
|
|t:|1728943494
|switch|p1a: Wild Frontier|Skarmory, F|100/100
|move|p2a: dallas|Earthquake|p1a: Wild Frontier
|-immune|p1a: Wild Frontier
|
|upkeep
|turn|3
|
|t:|1728943497
|move|p2a: dallas|Rock Slide|p1a: Wild Frontier
|-damage|p1a: Wild Frontier|73/100
|move|p1a: Wild Frontier|Spikes|p2a: dallas
|-sidestart|p2: emma_emma_emma|Spikes
|
|upkeep
|turn|4
|
|t:|1728943502
|switch|p2a: government cheque|Forretress, F|100/100
|-damage|p2a: government cheque|88/100|[from] Spikes
|move|p1a: Wild Frontier|Protect||[still]
|-fail|p1a: Wild Frontier
|
|-heal|p2a: government cheque|94/100|[from] item: Leftovers
|upkeep
|turn|5
|
|t:|1728943509
|switch|p2a: golden microphone|Tyranitar, M|100/100
|-damage|p2a: golden microphone|88/100|[from] Spikes
|-weather|Sandstorm|[from] ability: Sand Stream|[of] p2a: golden microphone
|move|p1a: Wild Frontier|Thief|p2a: golden microphone
|-resisted|p2a: golden microphone
|-damage|p2a: golden microphone|86/100
|-enditem|p2a: golden microphone|Leftovers|[silent]|[from] move: Thief|[of] p1a: Wild Frontier
|-item|p1a: Wild Frontier|Leftovers|[from] move: Thief|[of] p2a: golden microphone
|
|-weather|Sandstorm|[upkeep]
|-heal|p1a: Wild Frontier|79/100|[from] item: Leftovers
|upkeep
|turn|6
|
|t:|1728943516
|switch|p1a: Supercell|Metagross|100/100
|move|p2a: golden microphone|Flamethrower|p1a: Supercell
|-supereffective|p1a: Supercell
|-damage|p1a: Supercell|39/100
|
|-weather|Sandstorm|[upkeep]
|-heal|p1a: Supercell|46/100|[from] item: Leftovers
|upkeep
|turn|7
|
|t:|1728943531
|switch|p1a: Molecules|Blissey, F|100/100
|switch|p2a: all i want is you|Swampert, F|100/100
|-damage|p2a: all i want is you|88/100|[from] Spikes
|
|-weather|Sandstorm|[upkeep]
|-damage|p1a: Molecules|94/100|[from] Sandstorm
|-heal|p2a: all i want is you|94/100|[from] item: Leftovers
|-heal|p1a: Molecules|100/100|[from] item: Leftovers
|upkeep
|turn|8
|
|t:|1728943536
|move|p2a: all i want is you|Toxic|p1a: Molecules|[miss]
|-miss|p2a: all i want is you|p1a: Molecules
|move|p1a: Molecules|Sing|p2a: all i want is you
|-status|p2a: all i want is you|slp|[from] move: Sing
|
|-weather|Sandstorm|[upkeep]
|-damage|p1a: Molecules|94/100|[from] Sandstorm
|-heal|p2a: all i want is you|100/100 slp|[from] item: Leftovers
|-heal|p1a: Molecules|100/100|[from] item: Leftovers
|upkeep
|turn|9
|
|t:|1728943556
|switch|p2a: government cheque|Forretress, F|94/100
|-damage|p2a: government cheque|82/100|[from] Spikes
|move|p1a: Molecules|Seismic Toss|p2a: government cheque
|-damage|p2a: government cheque|54/100
|
|-weather|Sandstorm|[upkeep]
|-damage|p1a: Molecules|94/100|[from] Sandstorm
|-heal|p1a: Molecules|100/100|[from] item: Leftovers
|-heal|p2a: government cheque|60/100|[from] item: Leftovers
|upkeep
|turn|10
|
|t:|1728943561
|move|p1a: Molecules|Seismic Toss|p2a: government cheque
|-damage|p2a: government cheque|32/100
|move|p2a: government cheque|Rapid Spin|p1a: Molecules
|-damage|p1a: Molecules|96/100
|-sideend|p2: emma_emma_emma|Spikes|[from] move: Rapid Spin|[of] p2a: government cheque
|
|-weather|Sandstorm|[upkeep]
|-damage|p1a: Molecules|90/100|[from] Sandstorm
|-heal|p1a: Molecules|96/100|[from] item: Leftovers
|-heal|p2a: government cheque|38/100|[from] item: Leftovers
|upkeep
|turn|11
|
|t:|1728943564
|move|p1a: Molecules|Seismic Toss|p2a: government cheque
|-damage|p2a: government cheque|10/100
|move|p2a: government cheque|Spikes|p1a: Molecules
|-sidestart|p1: Zcarlett|Spikes
|
|-weather|Sandstorm|[upkeep]
|-damage|p1a: Molecules|90/100|[from] Sandstorm
|-heal|p1a: Molecules|96/100|[from] item: Leftovers
|-heal|p2a: government cheque|16/100|[from] item: Leftovers
|upkeep
|turn|12
|
|t:|1728943572
|switch|p2a: golden microphone|Tyranitar, M|86/100
|move|p1a: Molecules|Seismic Toss|p2a: golden microphone
|-damage|p2a: golden microphone|61/100
|
|-weather|Sandstorm|[upkeep]
|-damage|p1a: Molecules|90/100|[from] Sandstorm
|-heal|p1a: Molecules|96/100|[from] item: Leftovers
|upkeep
|turn|13
|
|t:|1728943577
|switch|p1a: Water Tower|Starmie|100/100
|-damage|p1a: Water Tower|88/100|[from] Spikes
|move|p2a: golden microphone|Brick Break|p1a: Water Tower
|-resisted|p1a: Water Tower
|-damage|p1a: Water Tower|76/100
|
|-weather|Sandstorm|[upkeep]
|-damage|p1a: Water Tower|70/100|[from] Sandstorm
|-heal|p1a: Water Tower|76/100|[from] item: Leftovers
|upkeep
|turn|14
|
|t:|1728943581
|switch|p2a: stone faces|Blissey, F|100/100
|move|p1a: Water Tower|Surf|p2a: stone faces
|-damage|p2a: stone faces|87/100
|
|-weather|Sandstorm|[upkeep]
|-damage|p1a: Water Tower|70/100|[from] Sandstorm
|-damage|p2a: stone faces|80/100|[from] Sandstorm
|-heal|p1a: Water Tower|76/100|[from] item: Leftovers
|-heal|p2a: stone faces|87/100|[from] item: Leftovers
|upkeep
|turn|15
|
|t:|1728943585
|move|p1a: Water Tower|Rapid Spin|p2a: stone faces
|-damage|p2a: stone faces|83/100
|-sideend|p1: Zcarlett|Spikes|[from] move: Rapid Spin|[of] p1a: Water Tower
|move|p2a: stone faces|Thunderbolt|p1a: Water Tower
|-supereffective|p1a: Water Tower
|-crit|p1a: Water Tower
|-damage|p1a: Water Tower|0 fnt
|faint|p1a: Water Tower
|
|t:|1728943597
|switch|p1a: Defender|Hariyama, F|18/100
|
|-weather|Sandstorm|[upkeep]
|-damage|p1a: Defender|12/100|[from] Sandstorm
|-damage|p2a: stone faces|77/100|[from] Sandstorm
|-heal|p1a: Defender|18/100|[from] item: Leftovers
|-heal|p2a: stone faces|83/100|[from] item: Leftovers
|upkeep
|turn|16
|
|t:|1728943604
|switch|p2a: deepest blue|Zapdos|100/100
|move|p1a: Defender|Cross Chop|p2a: deepest blue
|-resisted|p2a: deepest blue
|-crit|p2a: deepest blue
|-damage|p2a: deepest blue|53/100
|
|-weather|Sandstorm|[upkeep]
|-damage|p2a: deepest blue|47/100|[from] Sandstorm
|-damage|p1a: Defender|12/100|[from] Sandstorm
|-heal|p2a: deepest blue|53/100|[from] item: Leftovers
|-heal|p1a: Defender|18/100|[from] item: Leftovers
|upkeep
|turn|17
|
|t:|1728943608
|switch|p1a: Molecules|Blissey, F|96/100
|move|p2a: deepest blue|Thunderbolt|p1a: Molecules
|-damage|p1a: Molecules|79/100
|-status|p1a: Molecules|par
|
|-weather|Sandstorm|[upkeep]
|-damage|p2a: deepest blue|47/100|[from] Sandstorm
|-damage|p1a: Molecules|73/100 par|[from] Sandstorm
|-heal|p2a: deepest blue|53/100|[from] item: Leftovers
|-heal|p1a: Molecules|79/100 par|[from] item: Leftovers
|upkeep
|turn|18
|
|t:|1728943613
|switch|p2a: government cheque|Forretress, F|16/100
|cant|p1a: Molecules|par
|
|-weather|Sandstorm|[upkeep]
|-damage|p1a: Molecules|73/100 par|[from] Sandstorm
|-heal|p2a: government cheque|22/100|[from] item: Leftovers
|-heal|p1a: Molecules|79/100 par|[from] item: Leftovers
|upkeep
|turn|19
|
|t:|1728943617
|-curestatus|p1a: Molecules|par|[from] ability: Natural Cure
|switch|p1a: Supercell|Metagross|46/100
|move|p2a: government cheque|Spikes|p1a: Supercell
|-sidestart|p1: Zcarlett|Spikes
|
|-weather|Sandstorm|[upkeep]
|-heal|p1a: Supercell|52/100|[from] item: Leftovers
|-heal|p2a: government cheque|28/100|[from] item: Leftovers
|upkeep
|turn|20
|
|t:|1728943624
|move|p1a: Supercell|Earthquake|p2a: government cheque
|-damage|p2a: government cheque|7/100
|move|p2a: government cheque|Explosion|p1a: Supercell
|-resisted|p1a: Supercell
|-damage|p1a: Supercell|20/100
|faint|p2a: government cheque
|
|t:|1728943627
|switch|p2a: dallas|Aerodactyl, F|97/100
|
|-weather|Sandstorm|[upkeep]
|-heal|p1a: Supercell|26/100|[from] item: Leftovers
|upkeep
|turn|21
|
|t:|1728943635
|switch|p1a: Wild Frontier|Skarmory, F|79/100
|move|p2a: dallas|Earthquake|p1a: Wild Frontier
|-immune|p1a: Wild Frontier
|
|-weather|Sandstorm|[upkeep]
|-heal|p1a: Wild Frontier|85/100|[from] item: Leftovers
|upkeep
|turn|22
|
|t:|1728943643
|switch|p2a: deepest blue|Zapdos|53/100
|move|p1a: Wild Frontier|Spikes|p2a: deepest blue
|-sidestart|p2: emma_emma_emma|Spikes
|
|-weather|Sandstorm|[upkeep]
|-damage|p2a: deepest blue|47/100|[from] Sandstorm
|-heal|p2a: deepest blue|53/100|[from] item: Leftovers
|-heal|p1a: Wild Frontier|91/100|[from] item: Leftovers
|upkeep
|turn|23
|
|t:|1728943646
|switch|p1a: Molecules|Blissey, F|79/100
|-damage|p1a: Molecules|67/100|[from] Spikes
|move|p2a: deepest blue|Roar|p1a: Molecules
|drag|p1a: Defender|Hariyama, F|18/100
|-damage|p1a: Defender|6/100|[from] Spikes
|
|-weather|Sandstorm|[upkeep]
|-damage|p2a: deepest blue|47/100|[from] Sandstorm
|-damage|p1a: Defender|0 fnt|[from] Sandstorm
|faint|p1a: Defender
|-heal|p2a: deepest blue|53/100|[from] item: Leftovers
|upkeep
|
|t:|1728943649
|switch|p1a: Molecules|Blissey, F|67/100
|-damage|p1a: Molecules|55/100|[from] Spikes
|turn|24
|
|t:|1728943661
|move|p1a: Molecules|Ice Beam|p2a: deepest blue
|-supereffective|p2a: deepest blue
|-damage|p2a: deepest blue|22/100
|move|p2a: deepest blue|Roar|p1a: Molecules
|drag|p1a: Wild Frontier|Skarmory, F|91/100
|
|-weather|Sandstorm|[upkeep]
|-damage|p2a: deepest blue|16/100|[from] Sandstorm
|-heal|p2a: deepest blue|22/100|[from] item: Leftovers
|-heal|p1a: Wild Frontier|97/100|[from] item: Leftovers
|upkeep
|turn|25
|
|t:|1728943668
|switch|p1a: Dorks|Dugtrio, M|100/100
|-damage|p1a: Dorks|88/100|[from] Spikes
|move|p2a: deepest blue|Thunderbolt|p1a: Dorks
|-immune|p1a: Dorks
|
|-weather|Sandstorm|[upkeep]
|-damage|p2a: deepest blue|16/100|[from] Sandstorm
|-heal|p2a: deepest blue|22/100|[from] item: Leftovers
|upkeep
|turn|26
|
|t:|1728943672
|switch|p1a: Molecules|Blissey, F|55/100
|-damage|p1a: Molecules|42/100|[from] Spikes
|move|p2a: deepest blue|Rest|p2a: deepest blue
|-status|p2a: deepest blue|slp|[from] move: Rest
|-heal|p2a: deepest blue|100/100 slp|[silent]
|
|-weather|Sandstorm|[upkeep]
|-damage|p2a: deepest blue|94/100 slp|[from] Sandstorm
|-damage|p1a: Molecules|36/100|[from] Sandstorm
|-heal|p2a: deepest blue|100/100 slp|[from] item: Leftovers
|-heal|p1a: Molecules|42/100|[from] item: Leftovers
|upkeep
|turn|27
|
|t:|1728943675
|cant|p2a: deepest blue|slp
|move|p1a: Molecules|Soft-Boiled|p1a: Molecules
|-heal|p1a: Molecules|92/100
|
|-weather|Sandstorm|[upkeep]
|-damage|p2a: deepest blue|94/100 slp|[from] Sandstorm
|-damage|p1a: Molecules|86/100|[from] Sandstorm
|-heal|p2a: deepest blue|100/100 slp|[from] item: Leftovers
|-heal|p1a: Molecules|92/100|[from] item: Leftovers
|upkeep
|turn|28
|
|t:|1728943682
|cant|p2a: deepest blue|slp
|move|p1a: Molecules|Seismic Toss|p2a: deepest blue
|-damage|p2a: deepest blue|74/100 slp
|
|-weather|Sandstorm|[upkeep]
|-damage|p2a: deepest blue|68/100 slp|[from] Sandstorm
|-damage|p1a: Molecules|86/100|[from] Sandstorm
|-heal|p2a: deepest blue|74/100 slp|[from] item: Leftovers
|-heal|p1a: Molecules|92/100|[from] item: Leftovers
|upkeep
|turn|29
|
|t:|1728943688
|switch|p2a: dallas|Aerodactyl, F|97/100
|move|p1a: Molecules|Ice Beam|p2a: dallas
|-supereffective|p2a: dallas
|-damage|p2a: dallas|36/100
|
|-weather|Sandstorm|[upkeep]
|-damage|p1a: Molecules|86/100|[from] Sandstorm
|-heal|p1a: Molecules|92/100|[from] item: Leftovers
|upkeep
|turn|30
|
|t:|1728943695
|switch|p1a: Wild Frontier|Skarmory, F|97/100
|move|p2a: dallas|Rock Slide|p1a: Wild Frontier|[miss]
|-miss|p2a: dallas|p1a: Wild Frontier
|
|-weather|Sandstorm|[upkeep]
|-heal|p1a: Wild Frontier|100/100|[from] item: Leftovers
|upkeep
|turn|31
|
|t:|1728943698
|move|p2a: dallas|Rock Slide|p1a: Wild Frontier
|-damage|p1a: Wild Frontier|73/100
|move|p1a: Wild Frontier|Roar|p2a: dallas
|drag|p2a: deepest blue|Zapdos|74/100 slp
|
|-weather|Sandstorm|[upkeep]
|-damage|p2a: deepest blue|68/100 slp|[from] Sandstorm
|-heal|p2a: deepest blue|74/100 slp|[from] item: Leftovers
|-heal|p1a: Wild Frontier|79/100|[from] item: Leftovers
|upkeep
|turn|32
|
|t:|1728943701
|switch|p1a: Molecules|Blissey, F|92/100
|-damage|p1a: Molecules|80/100|[from] Spikes
|-curestatus|p2a: deepest blue|slp|[msg]
|move|p2a: deepest blue|Thunderbolt|p1a: Molecules
|-damage|p1a: Molecules|64/100
|
|-weather|Sandstorm|[upkeep]
|-damage|p2a: deepest blue|68/100|[from] Sandstorm
|-damage|p1a: Molecules|58/100|[from] Sandstorm
|-heal|p2a: deepest blue|74/100|[from] item: Leftovers
|-heal|p1a: Molecules|64/100|[from] item: Leftovers
|upkeep
|turn|33
|
|t:|1728943708
|switch|p2a: dallas|Aerodactyl, F|36/100
|move|p1a: Molecules|Ice Beam|p2a: dallas
|-supereffective|p2a: dallas
|-damage|p2a: dallas|0 fnt
|faint|p2a: dallas
|
|t:|1728943712
|switch|p2a: golden microphone|Tyranitar, M|61/100
|-damage|p2a: golden microphone|49/100|[from] Spikes
|
|-weather|Sandstorm|[upkeep]
|-damage|p1a: Molecules|58/100|[from] Sandstorm
|-heal|p1a: Molecules|64/100|[from] item: Leftovers
|upkeep
|turn|34
|
|t:|1728943720
|switch|p1a: Supercell|Metagross|26/100
|-damage|p1a: Supercell|14/100|[from] Spikes
|move|p2a: golden microphone|Crunch|p1a: Supercell
|-damage|p1a: Supercell|0 fnt
|faint|p1a: Supercell
|
|t:|1728943723
|switch|p1a: Dorks|Dugtrio, M|88/100
|-damage|p1a: Dorks|76/100|[from] Spikes
|
|-weather|Sandstorm|[upkeep]
|upkeep
|turn|35
|
|t:|1728943726
|move|p1a: Dorks|Earthquake|p2a: golden microphone
|-supereffective|p2a: golden microphone
|-damage|p2a: golden microphone|0 fnt
|faint|p2a: golden microphone
|
|t:|1728943735
|switch|p2a: deepest blue|Zapdos|74/100
|
|-weather|Sandstorm|[upkeep]
|-damage|p2a: deepest blue|68/100|[from] Sandstorm
|-heal|p2a: deepest blue|74/100|[from] item: Leftovers
|upkeep
|turn|36
|
|t:|1728943738
|switch|p1a: Molecules|Blissey, F|64/100
|-damage|p1a: Molecules|51/100|[from] Spikes
|move|p2a: deepest blue|Hidden Power|p1a: Molecules
|-damage|p1a: Molecules|44/100
|
|-weather|Sandstorm|[upkeep]
|-damage|p2a: deepest blue|68/100|[from] Sandstorm
|-damage|p1a: Molecules|38/100|[from] Sandstorm
|-heal|p2a: deepest blue|74/100|[from] item: Leftovers
|-heal|p1a: Molecules|44/100|[from] item: Leftovers
|upkeep
|turn|37
|
|t:|1728943742
|move|p1a: Molecules|Soft-Boiled|p1a: Molecules
|-heal|p1a: Molecules|94/100
|move|p2a: deepest blue|Roar|p1a: Molecules
|drag|p1a: Dorks|Dugtrio, M|76/100
|-damage|p1a: Dorks|64/100|[from] Spikes
|
|-weather|Sandstorm|[upkeep]
|-damage|p2a: deepest blue|68/100|[from] Sandstorm
|-heal|p2a: deepest blue|74/100|[from] item: Leftovers
|upkeep
|turn|38
|
|t:|1728943745
|switch|p1a: Molecules|Blissey, F|94/100
|-damage|p1a: Molecules|81/100|[from] Spikes
|move|p2a: deepest blue|Hidden Power|p1a: Molecules
|-crit|p1a: Molecules
|-damage|p1a: Molecules|65/100
|
|-weather|Sandstorm|[upkeep]
|-damage|p2a: deepest blue|68/100|[from] Sandstorm
|-damage|p1a: Molecules|58/100|[from] Sandstorm
|-heal|p2a: deepest blue|74/100|[from] item: Leftovers
|-heal|p1a: Molecules|65/100|[from] item: Leftovers
|upkeep
|turn|39
|
|t:|1728943747
|move|p1a: Molecules|Ice Beam|p2a: deepest blue
|-supereffective|p2a: deepest blue
|-damage|p2a: deepest blue|41/100
|move|p2a: deepest blue|Roar|p1a: Molecules
|drag|p1a: Dorks|Dugtrio, M|64/100
|-damage|p1a: Dorks|51/100|[from] Spikes
|
|-weather|Sandstorm|[upkeep]
|-damage|p2a: deepest blue|35/100|[from] Sandstorm
|-heal|p2a: deepest blue|41/100|[from] item: Leftovers
|upkeep
|turn|40
|
|t:|1728943750
|switch|p1a: Molecules|Blissey, F|65/100
|-damage|p1a: Molecules|52/100|[from] Spikes
|move|p2a: deepest blue|Roar|p1a: Molecules
|drag|p1a: Wild Frontier|Skarmory, F|79/100
|
|-weather|Sandstorm|[upkeep]
|-damage|p2a: deepest blue|35/100|[from] Sandstorm
|-heal|p2a: deepest blue|41/100|[from] item: Leftovers
|-heal|p1a: Wild Frontier|85/100|[from] item: Leftovers
|upkeep
|turn|41
|
|t:|1728943753
|switch|p1a: Molecules|Blissey, F|52/100
|-damage|p1a: Molecules|40/100|[from] Spikes
|move|p2a: deepest blue|Thunderbolt|p1a: Molecules
|-damage|p1a: Molecules|25/100
|
|-weather|Sandstorm|[upkeep]
|-damage|p2a: deepest blue|35/100|[from] Sandstorm
|-damage|p1a: Molecules|18/100|[from] Sandstorm
|-heal|p2a: deepest blue|41/100|[from] item: Leftovers
|-heal|p1a: Molecules|25/100|[from] item: Leftovers
|upkeep
|turn|42
|
|t:|1728943755
|move|p2a: deepest blue|Thunderbolt|p1a: Molecules
|-crit|p1a: Molecules
|-damage|p1a: Molecules|0 fnt
|faint|p1a: Molecules
|
|t:|1728943765
|switch|p1a: Dorks|Dugtrio, M|51/100
|-damage|p1a: Dorks|39/100|[from] Spikes
|
|-weather|Sandstorm|[upkeep]
|-damage|p2a: deepest blue|35/100|[from] Sandstorm
|-heal|p2a: deepest blue|41/100|[from] item: Leftovers
|upkeep
|turn|43
|
|t:|1728943769
|move|p1a: Dorks|Aerial Ace|p2a: deepest blue
|-resisted|p2a: deepest blue
|-damage|p2a: deepest blue|29/100
|move|p2a: deepest blue|Hidden Power|p1a: Dorks
|-supereffective|p1a: Dorks
|-damage|p1a: Dorks|0 fnt
|faint|p1a: Dorks
|
|t:|1728943785
|switch|p1a: Wild Frontier|Skarmory, F|85/100
|
|-weather|Sandstorm|[upkeep]
|-damage|p2a: deepest blue|23/100|[from] Sandstorm
|-heal|p2a: deepest blue|29/100|[from] item: Leftovers
|-heal|p1a: Wild Frontier|91/100|[from] item: Leftovers
|upkeep
|turn|44
|
|t:|1728943792
|move|p2a: deepest blue|Thunderbolt|p1a: Wild Frontier
|-supereffective|p1a: Wild Frontier
|-crit|p1a: Wild Frontier
|-damage|p1a: Wild Frontier|0 fnt
|faint|p1a: Wild Frontier
|
|win|emma_emma_emma
|c|☆Zcarlett|gg ig

</script>
<script type="application/json" class="data" id="replaydata-smogtours-gen3ou-798798">
{"id":"smogtours-gen3ou-798798","format":"[Gen 3] OU","players":["Zcarlett","emma_emma_emma"],"uploadtime":1728943792,"views":92,"formatid":"gen3ou","rating":null,"private":0,"password":null}
</script>

<script defer src="js/replays.js?9d40a366"></script>
