<!DOCTYPE html>
<meta charset="utf-8" />
<meta name="viewport" content="width=device-width" />

<title>[Gen 3] OU: TaviTavi vs. theamazingeevee - Replays - Pok&eacute;mon Showdown!</title>

<meta name="description" content="Watch a replay of a Pok&eacute;mon battle between TaviTavi and theamazingeevee! Format: [Gen 3] OU; Date: Oct 10, 2024" />
<!--

Hey, you! Looking in the source for the replay log?

You can find them in JSON format, just add `.json` at the end of a replay URL.

https://replay.pokemonshowdown.com/gen7randomdoublesbattle-865046831.json

Or, if you only need the log itself, add `.log` instead:

https://replay.pokemonshowdown.com/gen7randomdoublesbattle-865046831.log

-->

<link rel="stylesheet" href="//pokemonshowdown.com/style/global.css?0.023195364461161105" />
<link rel="stylesheet" href="//play.pokemonshowdown.com/style/font-awesome.css?0.13261647063804238" />
<link rel="stylesheet" href="//play.pokemonshowdown.com/style/battle.css?0.8753245789963631" />
<link rel="stylesheet" href="//play.pokemonshowdown.com/style/utilichart.css?0.8627959624976733" />

<!-- Global site tag (gtag.js) - Google Analytics -->
<script async src="https://www.googletagmanager.com/gtag/js?id=UA-26211653-1"></script>
<script>
  window.dataLayer = window.dataLayer || [];
  function gtag(){dataLayer.push(arguments);}
  gtag('js', new Date());

  gtag('config', 'UA-26211653-1');
</script>
<!-- End Google Analytics -->
<!-- Venatus Ad Manager - Install in <HEAD> of page -->
	<script src="https://hb.vntsm.com/v3/live/ad-manager.min.js" type="text/javascript" data-site-id="642aba63ec9a7b11c3c9c1be" data-mode="scan" async></script>
<!-- / Venatus Ad Manager -->

<style>
	@media (max-width:820px) {
		.battle {
			margin: 0 auto;
		}
		.battle-log {
			margin: 7px auto 0;
			max-width: 640px;
			height: 300px;
			position: static;
		}
	}
	.optgroup {
		display: inline-block;
		line-height: 22px;
		font-size: 10pt;
	}
	.optgroup .button {
		height: 25px;
		padding-top: 0;
		padding-bottom: 0;
	}
	.optgroup button.button {
		padding-left: 12px;
		padding-right: 12px;
	}
	.linklist {
		list-style: none;
		margin: 0.5em 0;
		padding: 0;
	}
	.linklist li {
		padding: 2px 0;
	}
	.sidebar {
		float: left;
		width: 320px;
	}
	.bar-wrapper {
		max-width: 1100px;
		margin: 0 auto;
	}
	.bar-wrapper.has-sidebar {
		max-width: 1430px;
	}
	.mainbar {
		margin: 0;
		padding-right: 1px;
	}
	.mainbar.has-sidebar {
		margin-left: 330px;
	}
	@media (min-width: 1511px) {
		.sidebar {
			width: 400px;
		}
		.bar-wrapper.has-sidebar {
			max-width: 1510px;
		}
		.mainbar.has-sidebar {
			margin-left: 410px;
		}
	}
	.section.first-section {
		margin-top: 9px;
	}
	.blocklink small {
		white-space: normal;
	}
	.button {
		vertical-align: middle;
	}
	.replay-controls {
		padding-top: 10px;
	}
	.replay-controls h1 {
		font-size: 16pt;
		font-weight: normal;
		color: #CCC;
	}
	.pagelink {
		text-align: center;
	}
	.pagelink a {
		width: 150px;
	}
	.textbox, .button {
		font-size: 11pt;
		vertical-align: middle;
	}
	@media (max-width: 450px) {
		.button {
			font-size: 9pt;
		}
	}
</style>

<div>

	<header>
		<div class="nav-wrapper"><ul class="nav">
			<li><a class="button nav-first" href="//pokemonshowdown.com/"><img src="//pokemonshowdown.com/images/pokemonshowdownbeta.png" srcset="//pokemonshowdown.com/images/pokemonshowdownbeta.png 1x, //pokemonshowdown.com/images/pokemonshowdownbeta@2x.png 2x" alt="Pok&eacute;mon Showdown" width="146" height="44" /> Home</a></li>
			<li><a class="button" href="//pokemonshowdown.com/dex/">Pok&eacute;dex</a></li>
			<li><a class="button cur" href="/">Replays</a></li>
			<li><a class="button" href="//pokemonshowdown.com/ladder/">Ladder</a></li>
			<li><a class="button nav-last" href="//pokemonshowdown.com/forums/">Forum</a></li>
			<li><a class="button greenbutton nav-first nav-last" href="//play.pokemonshowdown.com/">Play</a></li>
		</ul></div>
	</header>

	<div class="main" id="main">

		<noscript><section class="section">You need to enable JavaScript to use this page; sorry!</section></noscript>

	</div>

</div>

<script defer nomodule src="//play.pokemonshowdown.com/js/lib/ps-polyfill.js"></script>
<script defer src="//play.pokemonshowdown.com/js/lib/preact.min.js"></script>

<script defer src="//play.pokemonshowdown.com/config/config.js?2bddbc15"></script>
<script defer src="//play.pokemonshowdown.com/js/lib/jquery-1.11.0.min.js"></script>
<script defer src="//play.pokemonshowdown.com/js/lib/html-sanitizer-minified.js"></script>
<script defer src="//play.pokemonshowdown.com/js/battle-sound.js"></script>
<script defer src="//play.pokemonshowdown.com/js/battledata.js?0.7209276989879541"></script>
<script defer src="//play.pokemonshowdown.com/data/pokedex-mini.js?0.6111056340867951"></script>
<script defer src="//play.pokemonshowdown.com/data/pokedex-mini-bw.js?0.3532142036491459"></script>
<script defer src="//play.pokemonshowdown.com/data/graphics.js?0.24223875632456182"></script>
<script defer src="//play.pokemonshowdown.com/data/pokedex.js?0.38839984266356864"></script>
<script defer src="//play.pokemonshowdown.com/data/moves.js?0.21866028504024015"></script>
<script defer src="//play.pokemonshowdown.com/data/abilities.js?0.2005157953846628"></script>
<script defer src="//play.pokemonshowdown.com/data/items.js?0.9894211263848525"></script>
<script defer src="//play.pokemonshowdown.com/data/teambuilder-tables.js?0.6008791140282215"></script>
<script defer src="//play.pokemonshowdown.com/js/battle-tooltips.js?0.7580118955022959"></script>
<script defer src="//play.pokemonshowdown.com/js/battle.js?0.6057722274234274"></script>

<script defer src="js/utils.js?e31f9a17"></script>
<script defer src="js/replays-battle.js?7008c182"></script>

<!-- don't scrape this data! just add .json or .log after the URL!
Full API docs: https://github.com/smogon/pokemon-showdown-client/blob/master/WEB-API.md -->
<script type="text/plain" class="log" id="replaylog-smogtours-gen3ou-796859">
|inactive|Battle timer is ON: inactive players will automatically lose when time's up.
|t:|1728527421
|gametype|singles
|player|p1|TaviTavi|101|
|player|p2|theamazingeevee|elaine|
|teamsize|p1|6
|teamsize|p2|6
|gen|3
|tier|[Gen 3] OU
|rule|Sleep Clause Mod: Limit one foe put to sleep
|rule|Switch Priority Clause Mod: Faster Pokémon switch first
|rule|Species Clause: Limit one of each Pokémon
|rule|OHKO Clause: OHKO moves are banned
|rule|Evasion Items Clause: Evasion items are banned
|rule|Evasion Moves Clause: Evasion moves are banned
|rule|Endless Battle Clause: Forcing endless battles is banned
|rule|HP Percentage Mod: HP is shown in percentages
|rule|One Boost Passer Clause: Limit one Baton Passer that has a way to boost its stats
|rule|Freeze Clause Mod: Limit one foe frozen
|
|t:|1728527421
|start
|switch|p1a: Zapdos|Zapdos|100/100
|switch|p2a: Skarmory|Skarmory, M|100/100
|turn|1
|
|t:|1728527428
|switch|p2a: Jolteon|Jolteon, M|100/100
|move|p1a: Zapdos|Substitute|p1a: Zapdos
|-start|p1a: Zapdos|Substitute
|-damage|p1a: Zapdos|76/100
|
|-heal|p1a: Zapdos|82/100|[from] item: Leftovers
|upkeep
|turn|2
|
|t:|1728527445
|move|p2a: Jolteon|Substitute|p2a: Jolteon
|-start|p2a: Jolteon|Substitute
|-damage|p2a: Jolteon|75/100
|move|p1a: Zapdos|Baton Pass|p1a: Zapdos
|
|t:|1728527461
|switch|p1a: Tyranitar|Tyranitar, M|100/100|[from] Baton Pass
|-weather|Sandstorm|[from] ability: Sand Stream|[of] p1a: Tyranitar
|
|-weather|Sandstorm|[upkeep]
|-damage|p2a: Jolteon|69/100|[from] Sandstorm
|-heal|p2a: Jolteon|75/100|[from] item: Leftovers
|upkeep
|turn|3
|
|t:|1728527467
|-singleturn|p1a: Tyranitar|move: Focus Punch
|move|p2a: Jolteon|Thunderbolt|p1a: Tyranitar
|-end|p1a: Tyranitar|Substitute
|move|p1a: Tyranitar|Focus Punch|p2a: Jolteon
|-end|p2a: Jolteon|Substitute
|
|-weather|Sandstorm|[upkeep]
|-damage|p2a: Jolteon|69/100|[from] Sandstorm
|-heal|p2a: Jolteon|75/100|[from] item: Leftovers
|upkeep
|turn|4
|
|t:|1728527478
|switch|p1a: Blissey|Blissey, F|100/100
|move|p2a: Jolteon|Baton Pass|p2a: Jolteon
|
|t:|1728527486
|switch|p2a: Skarmory|Skarmory, M|100/100|[from] Baton Pass
|
|-weather|Sandstorm|[upkeep]
|-damage|p1a: Blissey|94/100|[from] Sandstorm
|-heal|p1a: Blissey|100/100|[from] item: Leftovers
|upkeep
|turn|5
|
|t:|1728527498
|move|p2a: Skarmory|Spikes|p1a: Blissey
|-sidestart|p1: TaviTavi|Spikes
|move|p1a: Blissey|Wish|p1a: Blissey
|
|-weather|Sandstorm|[upkeep]
|-damage|p1a: Blissey|94/100|[from] Sandstorm
|-heal|p1a: Blissey|100/100|[from] item: Leftovers
|upkeep
|turn|6
|
|t:|1728527516
|switch|p1a: Starmie|Starmie|100/100
|-damage|p1a: Starmie|88/100|[from] Spikes
|move|p2a: Skarmory|Spikes|p1a: Starmie
|-sidestart|p1: TaviTavi|Spikes
|
|-heal|p1a: Starmie|100/100|[from] move: Wish|[wisher] Blissey
|-weather|Sandstorm|[upkeep]
|-damage|p1a: Starmie|94/100|[from] Sandstorm
|-heal|p1a: Starmie|100/100|[from] item: Leftovers
|upkeep
|turn|7
|
|t:|1728527540
|switch|p2a: Tyranitar|Tyranitar, M|100/100
|move|p1a: Starmie|Thunder Wave|p2a: Tyranitar
|-status|p2a: Tyranitar|par
|
|-weather|Sandstorm|[upkeep]
|-damage|p1a: Starmie|94/100|[from] Sandstorm
|-heal|p1a: Starmie|100/100|[from] item: Leftovers
|upkeep
|turn|8
|
|t:|1728527561
|move|p1a: Starmie|Rapid Spin|p2a: Tyranitar
|-resisted|p2a: Tyranitar
|-damage|p2a: Tyranitar|99/100 par
|-sideend|p1: TaviTavi|Spikes|[from] move: Rapid Spin|[of] p1a: Starmie
|move|p2a: Tyranitar|Hidden Power|p1a: Starmie
|-supereffective|p1a: Starmie
|-damage|p1a: Starmie|30/100
|
|-weather|Sandstorm|[upkeep]
|-damage|p1a: Starmie|24/100|[from] Sandstorm
|-heal|p1a: Starmie|30/100|[from] item: Leftovers
|-heal|p2a: Tyranitar|100/100 par|[from] item: Leftovers
|upkeep
|turn|9
|
|t:|1728527573
|-singleturn|p2a: Tyranitar|move: Focus Punch
|move|p1a: Starmie|Surf|p2a: Tyranitar
|-supereffective|p2a: Tyranitar
|-damage|p2a: Tyranitar|48/100 par
|cant|p2a: Tyranitar|par
|
|-weather|Sandstorm|[upkeep]
|-damage|p1a: Starmie|24/100|[from] Sandstorm
|-heal|p1a: Starmie|30/100|[from] item: Leftovers
|-heal|p2a: Tyranitar|54/100 par|[from] item: Leftovers
|upkeep
|turn|10
|
|t:|1728527587
|switch|p1a: Metagross|Metagross|100/100
|switch|p2a: Jolteon|Jolteon, M|75/100
|
|-weather|Sandstorm|[upkeep]
|-damage|p2a: Jolteon|69/100|[from] Sandstorm
|-heal|p2a: Jolteon|75/100|[from] item: Leftovers
|upkeep
|turn|11
|inactive|TaviTavi has 270 seconds left.
|
|t:|1728527611
|move|p2a: Jolteon|Baton Pass|p2a: Jolteon
|inactive|theamazingeevee has 270 seconds left.
|
|t:|1728527639
|switch|p2a: Skarmory|Skarmory, M|100/100|[from] Baton Pass
|move|p1a: Metagross|Earthquake|p2a: Skarmory
|-immune|p2a: Skarmory
|
|-weather|Sandstorm|[upkeep]
|upkeep
|turn|12
|inactive|TaviTavi has 270 seconds left.
|
|t:|1728527669
|switch|p1a: Starmie|Starmie|30/100
|move|p2a: Skarmory|Roar|p1a: Starmie
|drag|p1a: Tyranitar|Tyranitar, M|100/100
|
|-weather|Sandstorm|[upkeep]
|upkeep
|turn|13
|
|t:|1728527682
|move|p1a: Tyranitar|Fire Blast|p2a: Skarmory
|-supereffective|p2a: Skarmory
|-damage|p2a: Skarmory|38/100
|move|p2a: Skarmory|Toxic|p1a: Tyranitar
|-status|p1a: Tyranitar|tox
|
|-weather|Sandstorm|[upkeep]
|-damage|p1a: Tyranitar|94/100 tox|[from] psn
|-heal|p2a: Skarmory|44/100|[from] item: Leftovers
|upkeep
|turn|14
|
|t:|1728527692
|switch|p1a: Starmie|Starmie|30/100
|move|p2a: Skarmory|Protect||[still]
|-fail|p2a: Skarmory
|
|-weather|Sandstorm|[upkeep]
|-damage|p1a: Starmie|24/100|[from] Sandstorm
|-heal|p1a: Starmie|30/100|[from] item: Leftovers
|-heal|p2a: Skarmory|50/100|[from] item: Leftovers
|upkeep
|turn|15
|
|t:|1728527695
|move|p2a: Skarmory|Protect|p2a: Skarmory
|-singleturn|p2a: Skarmory|Protect
|move|p1a: Starmie|Recover|p1a: Starmie
|-heal|p1a: Starmie|80/100
|
|-weather|Sandstorm|[upkeep]
|-damage|p1a: Starmie|74/100|[from] Sandstorm
|-heal|p1a: Starmie|80/100|[from] item: Leftovers
|-heal|p2a: Skarmory|56/100|[from] item: Leftovers
|upkeep
|turn|16
|
|t:|1728527711
|switch|p2a: Jolteon|Jolteon, M|75/100
|move|p1a: Starmie|Surf|p2a: Jolteon
|-damage|p2a: Jolteon|32/100
|
|-weather|Sandstorm|[upkeep]
|-damage|p2a: Jolteon|26/100|[from] Sandstorm
|-damage|p1a: Starmie|74/100|[from] Sandstorm
|-heal|p2a: Jolteon|32/100|[from] item: Leftovers
|-heal|p1a: Starmie|80/100|[from] item: Leftovers
|upkeep
|turn|17
|inactive|theamazingeevee has 270 seconds left.
|
|t:|1728527753
|switch|p1a: Blissey|Blissey, F|100/100
|move|p2a: Jolteon|Thunderbolt|p1a: Blissey
|-damage|p1a: Blissey|85/100
|-status|p1a: Blissey|par
|
|-weather|Sandstorm|[upkeep]
|-damage|p2a: Jolteon|26/100|[from] Sandstorm
|-damage|p1a: Blissey|79/100 par|[from] Sandstorm
|-heal|p2a: Jolteon|32/100|[from] item: Leftovers
|-heal|p1a: Blissey|85/100 par|[from] item: Leftovers
|upkeep
|turn|18
|
|t:|1728527776
|move|p2a: Jolteon|Baton Pass|p2a: Jolteon
|
|t:|1728527787
|switch|p2a: Metagross|Metagross|100/100|[from] Baton Pass
|move|p1a: Blissey|Seismic Toss|p2a: Metagross
|-damage|p2a: Metagross|69/100
|
|-weather|Sandstorm|[upkeep]
|-damage|p1a: Blissey|79/100 par|[from] Sandstorm
|-heal|p1a: Blissey|85/100 par|[from] item: Leftovers
|upkeep
|turn|19
|
|t:|1728527807
|-curestatus|p1a: Blissey|par|[from] ability: Natural Cure
|switch|p1a: Metagross|Metagross|100/100
|move|p2a: Metagross|Meteor Mash|p1a: Metagross
|-resisted|p1a: Metagross
|-damage|p1a: Metagross|74/100
|
|-weather|Sandstorm|[upkeep]
|-heal|p1a: Metagross|80/100|[from] item: Leftovers
|upkeep
|turn|20
|inactive|theamazingeevee has 270 seconds left.
|inactive|TaviTavi has 270 seconds left.
|
|t:|1728527836
|switch|p2a: Skarmory|Skarmory, M|56/100
|move|p1a: Metagross|Protect||[still]
|-fail|p1a: Metagross
|
|-weather|Sandstorm|[upkeep]
|-heal|p1a: Metagross|86/100|[from] item: Leftovers
|-heal|p2a: Skarmory|62/100|[from] item: Leftovers
|upkeep
|turn|21
|
|t:|1728527854
|switch|p1a: Starmie|Starmie|80/100
|move|p2a: Skarmory|Spikes|p1a: Starmie
|-sidestart|p1: TaviTavi|Spikes
|
|-weather|Sandstorm|[upkeep]
|-damage|p1a: Starmie|74/100|[from] Sandstorm
|-heal|p1a: Starmie|80/100|[from] item: Leftovers
|-heal|p2a: Skarmory|68/100|[from] item: Leftovers
|upkeep
|turn|22
|
|t:|1728527865
|move|p1a: Starmie|Thunder Wave|p2a: Skarmory
|-status|p2a: Skarmory|par
|move|p2a: Skarmory|Toxic|p1a: Starmie|[miss]
|-miss|p2a: Skarmory|p1a: Starmie
|
|-weather|Sandstorm|[upkeep]
|-damage|p1a: Starmie|74/100|[from] Sandstorm
|-heal|p1a: Starmie|80/100|[from] item: Leftovers
|-heal|p2a: Skarmory|74/100 par|[from] item: Leftovers
|upkeep
|turn|23
|
|t:|1728527872
|move|p2a: Skarmory|Protect|p2a: Skarmory
|-singleturn|p2a: Skarmory|Protect
|move|p1a: Starmie|Rapid Spin|p2a: Skarmory
|-activate|p2a: Skarmory|Protect
|
|-weather|Sandstorm|[upkeep]
|-damage|p1a: Starmie|74/100|[from] Sandstorm
|-heal|p1a: Starmie|80/100|[from] item: Leftovers
|-heal|p2a: Skarmory|80/100 par|[from] item: Leftovers
|upkeep
|turn|24
|inactive|theamazingeevee has 270 seconds left.
|
|t:|1728527879
|move|p1a: Starmie|Surf|p2a: Skarmory
|-damage|p2a: Skarmory|49/100 par
|move|p2a: Skarmory|Toxic|p1a: Starmie
|-status|p1a: Starmie|tox
|
|-weather|Sandstorm|[upkeep]
|-damage|p1a: Starmie|74/100 tox|[from] Sandstorm
|-heal|p1a: Starmie|80/100 tox|[from] item: Leftovers
|-damage|p1a: Starmie|74/100 tox|[from] psn
|-heal|p2a: Skarmory|55/100 par|[from] item: Leftovers
|upkeep
|turn|25
|
|t:|1728527887
|cant|p2a: Skarmory|par
|move|p1a: Starmie|Recover|p1a: Starmie
|-heal|p1a: Starmie|100/100 tox
|
|-weather|Sandstorm|[upkeep]
|-damage|p1a: Starmie|94/100 tox|[from] Sandstorm
|-heal|p1a: Starmie|100/100 tox|[from] item: Leftovers
|-damage|p1a: Starmie|88/100 tox|[from] psn
|-heal|p2a: Skarmory|61/100 par|[from] item: Leftovers
|upkeep
|turn|26
|
|t:|1728527892
|-curestatus|p1a: Starmie|tox|[from] ability: Natural Cure
|switch|p1a: Zapdos|Zapdos|82/100
|cant|p2a: Skarmory|par
|
|-weather|Sandstorm|[upkeep]
|-damage|p1a: Zapdos|76/100|[from] Sandstorm
|-heal|p1a: Zapdos|82/100|[from] item: Leftovers
|-heal|p2a: Skarmory|67/100 par|[from] item: Leftovers
|upkeep
|turn|27
|
|t:|1728527906
|switch|p2a: Tyranitar|Tyranitar, M|54/100 par
|move|p1a: Zapdos|Substitute|p1a: Zapdos
|-start|p1a: Zapdos|Substitute
|-damage|p1a: Zapdos|57/100
|
|-weather|Sandstorm|[upkeep]
|-damage|p1a: Zapdos|51/100|[from] Sandstorm
|-heal|p1a: Zapdos|57/100|[from] item: Leftovers
|-heal|p2a: Tyranitar|61/100 par|[from] item: Leftovers
|upkeep
|turn|28
|
|t:|1728527917
|move|p1a: Zapdos|Thunderbolt|p2a: Tyranitar
|-damage|p2a: Tyranitar|19/100 par
|move|p2a: Tyranitar|Earthquake|p1a: Zapdos
|-immune|p1a: Zapdos
|
|-weather|Sandstorm|[upkeep]
|-damage|p1a: Zapdos|51/100|[from] Sandstorm
|-heal|p1a: Zapdos|57/100|[from] item: Leftovers
|-heal|p2a: Tyranitar|25/100 par|[from] item: Leftovers
|upkeep
|turn|29
|
|t:|1728527927
|move|p1a: Zapdos|Baton Pass|p1a: Zapdos
|
|t:|1728527936
|switch|p1a: Metagross|Metagross|86/100|[from] Baton Pass
|-damage|p1a: Metagross|73/100|[from] Spikes
|cant|p2a: Tyranitar|par
|
|-weather|Sandstorm|[upkeep]
|-heal|p1a: Metagross|79/100|[from] item: Leftovers
|-heal|p2a: Tyranitar|32/100 par|[from] item: Leftovers
|upkeep
|turn|30
|
|t:|1728527944
|move|p1a: Metagross|Meteor Mash|p2a: Tyranitar
|-supereffective|p2a: Tyranitar
|-damage|p2a: Tyranitar|0 fnt
|faint|p2a: Tyranitar
|
|t:|1728527953
|switch|p2a: Metagross|Metagross|69/100
|
|-weather|Sandstorm|[upkeep]
|-heal|p1a: Metagross|85/100|[from] item: Leftovers
|upkeep
|turn|31
|
|t:|1728527959
|move|p2a: Metagross|Earthquake|p1a: Metagross
|-supereffective|p1a: Metagross
|-end|p1a: Metagross|Substitute
|move|p1a: Metagross|Earthquake|p2a: Metagross
|-supereffective|p2a: Metagross
|-damage|p2a: Metagross|22/100
|
|-weather|Sandstorm|[upkeep]
|-heal|p1a: Metagross|91/100|[from] item: Leftovers
|upkeep
|turn|32
|
|t:|1728527968
|switch|p2a: Gengar|Gengar, F|100/100
|move|p1a: Metagross|Earthquake|p2a: Gengar
|-immune|p2a: Gengar
|
|-weather|Sandstorm|[upkeep]
|-damage|p2a: Gengar|95/100|[from] Sandstorm
|-heal|p2a: Gengar|100/100|[from] item: Leftovers
|-heal|p1a: Metagross|97/100|[from] item: Leftovers
|upkeep
|turn|33
|
|t:|1728527976
|move|p1a: Metagross|Protect|p1a: Metagross
|-singleturn|p1a: Metagross|Protect
|move|p2a: Gengar|Explosion|p1a: Metagross
|-activate|p1a: Metagross|Protect
|faint|p2a: Gengar
|
|t:|1728527981
|switch|p2a: Skarmory|Skarmory, M|67/100 par
|
|-weather|Sandstorm|[upkeep]
|-heal|p1a: Metagross|100/100|[from] item: Leftovers
|-heal|p2a: Skarmory|73/100 par|[from] item: Leftovers
|upkeep
|turn|34
|
|t:|1728527984
|move|p1a: Metagross|Meteor Mash|p2a: Skarmory|[miss]
|-miss|p1a: Metagross|p2a: Skarmory
|move|p2a: Skarmory|Roar|p1a: Metagross
|drag|p1a: Hariyama|Hariyama, M|100/100
|-damage|p1a: Hariyama|88/100|[from] Spikes
|
|-weather|Sandstorm|[upkeep]
|-damage|p1a: Hariyama|82/100|[from] Sandstorm
|-heal|p1a: Hariyama|88/100|[from] item: Leftovers
|-heal|p2a: Skarmory|79/100 par|[from] item: Leftovers
|upkeep
|turn|35
|
|t:|1728528003
|-singleturn|p1a: Hariyama|move: Focus Punch
|move|p2a: Skarmory|Spikes|p1a: Hariyama
|-sidestart|p1: TaviTavi|Spikes
|move|p1a: Hariyama|Focus Punch|p2a: Skarmory
|-damage|p2a: Skarmory|14/100 par
|
|-weather|Sandstorm|[upkeep]
|-damage|p1a: Hariyama|82/100|[from] Sandstorm
|-heal|p1a: Hariyama|88/100|[from] item: Leftovers
|-heal|p2a: Skarmory|20/100 par|[from] item: Leftovers
|upkeep
|turn|36
|
|t:|1728528014
|-singleturn|p1a: Hariyama|move: Focus Punch
|cant|p2a: Skarmory|par
|move|p1a: Hariyama|Focus Punch|p2a: Skarmory
|-damage|p2a: Skarmory|0 fnt
|faint|p2a: Skarmory
|
|t:|1728528019
|switch|p2a: Metagross|Metagross|22/100
|
|-weather|Sandstorm|[upkeep]
|-damage|p1a: Hariyama|82/100|[from] Sandstorm
|-heal|p1a: Hariyama|88/100|[from] item: Leftovers
|upkeep
|turn|37
|
|t:|1728528027
|move|p2a: Metagross|Explosion|p1a: Hariyama
|-damage|p1a: Hariyama|0 fnt
|faint|p2a: Metagross
|faint|p1a: Hariyama
|
|t:|1728528034
|switch|p2a: Jolteon|Jolteon, M|32/100
|switch|p1a: Metagross|Metagross|100/100
|-damage|p1a: Metagross|84/100|[from] Spikes
|
|-weather|Sandstorm|[upkeep]
|-damage|p2a: Jolteon|26/100|[from] Sandstorm
|-heal|p2a: Jolteon|32/100|[from] item: Leftovers
|-heal|p1a: Metagross|90/100|[from] item: Leftovers
|upkeep
|turn|38
|
|t:|1728528037
|move|p1a: Metagross|Protect|p1a: Metagross
|-singleturn|p1a: Metagross|Protect
|move|p2a: Jolteon|Thunderbolt|p1a: Metagross
|-activate|p1a: Metagross|Protect
|
|-weather|Sandstorm|[upkeep]
|-damage|p2a: Jolteon|26/100|[from] Sandstorm
|-heal|p2a: Jolteon|32/100|[from] item: Leftovers
|-heal|p1a: Metagross|96/100|[from] item: Leftovers
|upkeep
|turn|39
|
|t:|1728528042
|move|p2a: Jolteon|Thunderbolt|p1a: Metagross
|-damage|p1a: Metagross|57/100
|-status|p1a: Metagross|par
|move|p1a: Metagross|Earthquake|p2a: Jolteon
|-supereffective|p2a: Jolteon
|-damage|p2a: Jolteon|0 fnt
|faint|p2a: Jolteon
|
|t:|1728528044
|switch|p2a: Starmie|Starmie|100/100
|
|-weather|Sandstorm|[upkeep]
|-damage|p2a: Starmie|94/100|[from] Sandstorm
|-heal|p2a: Starmie|100/100|[from] item: Leftovers
|-heal|p1a: Metagross|63/100 par|[from] item: Leftovers
|upkeep
|turn|40
|
|t:|1728528050
|move|p2a: Starmie|Hydro Pump|p1a: Metagross|[miss]
|-miss|p2a: Starmie|p1a: Metagross
|move|p1a: Metagross|Explosion|p2a: Starmie
|-damage|p2a: Starmie|0 fnt
|faint|p1a: Metagross
|faint|p2a: Starmie
|
|win|TaviTavi
|c|☆theamazingeevee|gg
|c|☆TaviTavi|gg
|c|☆TaviTavi|good games
|c|☆TaviTavi|gl in bracket
|player|p2|

</script>
<script type="application/json" class="data" id="replaydata-smogtours-gen3ou-796859">
{"id":"smogtours-gen3ou-796859","format":"[Gen 3] OU","players":["TaviTavi","theamazingeevee"],"uploadtime":1728528050,"views":93,"formatid":"gen3ou","rating":null,"private":0,"password":null}
</script>

<script defer src="js/replays.js?9d40a366"></script>
