<!DOCTYPE html>
<meta charset="utf-8" />
<meta name="viewport" content="width=device-width" />

<title>[Gen 3] OU: Deezcastforms vs. Hykari - Replays - Pok&eacute;mon Showdown!</title>

<meta name="description" content="Watch a replay of a Pok&eacute;mon battle between Deezcastforms and Hykari! Format: [Gen 3] OU; Date: Oct 14, 2024" />
<!--

Hey, you! Looking in the source for the replay log?

You can find them in JSON format, just add `.json` at the end of a replay URL.

https://replay.pokemonshowdown.com/gen7randomdoublesbattle-865046831.json

Or, if you only need the log itself, add `.log` instead:

https://replay.pokemonshowdown.com/gen7randomdoublesbattle-865046831.log

-->

<link rel="stylesheet" href="//pokemonshowdown.com/style/global.css?0.767286132409787" />
<link rel="stylesheet" href="//play.pokemonshowdown.com/style/font-awesome.css?0.9266228007934947" />
<link rel="stylesheet" href="//play.pokemonshowdown.com/style/battle.css?0.7924700842790926" />
<link rel="stylesheet" href="//play.pokemonshowdown.com/style/utilichart.css?0.8777417872839479" />

<!-- Global site tag (gtag.js) - Google Analytics -->
<script async src="https://www.googletagmanager.com/gtag/js?id=UA-26211653-1"></script>
<script>
  window.dataLayer = window.dataLayer || [];
  function gtag(){dataLayer.push(arguments);}
  gtag('js', new Date());

  gtag('config', 'UA-26211653-1');
</script>
<!-- End Google Analytics -->
<!-- Venatus Ad Manager - Install in <HEAD> of page -->
	<script src="https://hb.vntsm.com/v3/live/ad-manager.min.js" type="text/javascript" data-site-id="642aba63ec9a7b11c3c9c1be" data-mode="scan" async></script>
<!-- / Venatus Ad Manager -->

<style>
	@media (max-width:820px) {
		.battle {
			margin: 0 auto;
		}
		.battle-log {
			margin: 7px auto 0;
			max-width: 640px;
			height: 300px;
			position: static;
		}
	}
	.optgroup {
		display: inline-block;
		line-height: 22px;
		font-size: 10pt;
	}
	.optgroup .button {
		height: 25px;
		padding-top: 0;
		padding-bottom: 0;
	}
	.optgroup button.button {
		padding-left: 12px;
		padding-right: 12px;
	}
	.linklist {
		list-style: none;
		margin: 0.5em 0;
		padding: 0;
	}
	.linklist li {
		padding: 2px 0;
	}
	.sidebar {
		float: left;
		width: 320px;
	}
	.bar-wrapper {
		max-width: 1100px;
		margin: 0 auto;
	}
	.bar-wrapper.has-sidebar {
		max-width: 1430px;
	}
	.mainbar {
		margin: 0;
		padding-right: 1px;
	}
	.mainbar.has-sidebar {
		margin-left: 330px;
	}
	@media (min-width: 1511px) {
		.sidebar {
			width: 400px;
		}
		.bar-wrapper.has-sidebar {
			max-width: 1510px;
		}
		.mainbar.has-sidebar {
			margin-left: 410px;
		}
	}
	.section.first-section {
		margin-top: 9px;
	}
	.blocklink small {
		white-space: normal;
	}
	.button {
		vertical-align: middle;
	}
	.replay-controls {
		padding-top: 10px;
	}
	.replay-controls h1 {
		font-size: 16pt;
		font-weight: normal;
		color: #CCC;
	}
	.pagelink {
		text-align: center;
	}
	.pagelink a {
		width: 150px;
	}
	.textbox, .button {
		font-size: 11pt;
		vertical-align: middle;
	}
	@media (max-width: 450px) {
		.button {
			font-size: 9pt;
		}
	}
</style>

<div>

	<header>
		<div class="nav-wrapper"><ul class="nav">
			<li><a class="button nav-first" href="//pokemonshowdown.com/"><img src="//pokemonshowdown.com/images/pokemonshowdownbeta.png" srcset="//pokemonshowdown.com/images/pokemonshowdownbeta.png 1x, //pokemonshowdown.com/images/pokemonshowdownbeta@2x.png 2x" alt="Pok&eacute;mon Showdown" width="146" height="44" /> Home</a></li>
			<li><a class="button" href="//pokemonshowdown.com/dex/">Pok&eacute;dex</a></li>
			<li><a class="button cur" href="/">Replays</a></li>
			<li><a class="button" href="//pokemonshowdown.com/ladder/">Ladder</a></li>
			<li><a class="button nav-last" href="//pokemonshowdown.com/forums/">Forum</a></li>
			<li><a class="button greenbutton nav-first nav-last" href="//play.pokemonshowdown.com/">Play</a></li>
		</ul></div>
	</header>

	<div class="main" id="main">

		<noscript><section class="section">You need to enable JavaScript to use this page; sorry!</section></noscript>

	</div>

</div>

<script defer nomodule src="//play.pokemonshowdown.com/js/lib/ps-polyfill.js"></script>
<script defer src="//play.pokemonshowdown.com/js/lib/preact.min.js"></script>

<script defer src="//play.pokemonshowdown.com/config/config.js?6dec07f6"></script>
<script defer src="//play.pokemonshowdown.com/js/lib/jquery-1.11.0.min.js"></script>
<script defer src="//play.pokemonshowdown.com/js/lib/html-sanitizer-minified.js"></script>
<script defer src="//play.pokemonshowdown.com/js/battle-sound.js"></script>
<script defer src="//play.pokemonshowdown.com/js/battledata.js?0.6315294753075389"></script>
<script defer src="//play.pokemonshowdown.com/data/pokedex-mini.js?0.7603743185311358"></script>
<script defer src="//play.pokemonshowdown.com/data/pokedex-mini-bw.js?0.030888842834281283"></script>
<script defer src="//play.pokemonshowdown.com/data/graphics.js?0.05593094747507488"></script>
<script defer src="//play.pokemonshowdown.com/data/pokedex.js?0.47064822249611904"></script>
<script defer src="//play.pokemonshowdown.com/data/moves.js?0.8583693120512459"></script>
<script defer src="//play.pokemonshowdown.com/data/abilities.js?0.16017181182386842"></script>
<script defer src="//play.pokemonshowdown.com/data/items.js?0.4163379185673943"></script>
<script defer src="//play.pokemonshowdown.com/data/teambuilder-tables.js?0.31075597372830477"></script>
<script defer src="//play.pokemonshowdown.com/js/battle-tooltips.js?0.6536193500708172"></script>
<script defer src="//play.pokemonshowdown.com/js/battle.js?0.1916591943277901"></script>

<script defer src="js/utils.js?e31f9a17"></script>
<script defer src="js/replays-battle.js?7008c182"></script>

<!-- don't scrape this data! just add .json or .log after the URL!
Full API docs: https://github.com/smogon/pokemon-showdown-client/blob/master/WEB-API.md -->
<script type="text/plain" class="log" id="replaylog-smogtours-gen3ou-798773">
|inactive|Battle timer is ON: inactive players will automatically lose when time's up.
|t:|1728940394
|gametype|singles
|player|p1|Deezcastforms|veteran-gen4|
|player|p2|Hykari|flannery|
|teamsize|p1|6
|teamsize|p2|6
|gen|3
|tier|[Gen 3] OU
|rule|Sleep Clause Mod: Limit one foe put to sleep
|rule|Switch Priority Clause Mod: Faster Pokémon switch first
|rule|Species Clause: Limit one of each Pokémon
|rule|OHKO Clause: OHKO moves are banned
|rule|Evasion Items Clause: Evasion items are banned
|rule|Evasion Moves Clause: Evasion moves are banned
|rule|Endless Battle Clause: Forcing endless battles is banned
|rule|HP Percentage Mod: HP is shown in percentages
|rule|One Boost Passer Clause: Limit one Baton Passer that has a way to boost its stats
|rule|Freeze Clause Mod: Limit one foe frozen
|
|t:|1728940394
|start
|switch|p1a: DET Red Wings|Salamence, M|100/100
|switch|p2a: Zapdos|Zapdos|100/100
|-ability|p1a: DET Red Wings|Intimidate|boost
|-unboost|p2a: Zapdos|atk|1
|turn|1
|inactive|Deezcastforms has 270 seconds left.
|
|t:|1728940425
|switch|p1a: Tyrannical B.I.G.|Tyranitar, F|100/100
|-weather|Sandstorm|[from] ability: Sand Stream|[of] p1a: Tyrannical B.I.G.
|move|p2a: Zapdos|Thunderbolt|p1a: Tyrannical B.I.G.
|-damage|p1a: Tyrannical B.I.G.|70/100
|
|-weather|Sandstorm|[upkeep]
|-damage|p2a: Zapdos|94/100|[from] Sandstorm
|-heal|p2a: Zapdos|100/100|[from] item: Leftovers
|-heal|p1a: Tyrannical B.I.G.|76/100|[from] item: Leftovers
|upkeep
|turn|2
|
|t:|1728940446
|switch|p2a: Jirachi|Jirachi|100/100
|move|p1a: Tyrannical B.I.G.|Ice Beam|p2a: Jirachi
|-resisted|p2a: Jirachi
|-damage|p2a: Jirachi|88/100
|
|-weather|Sandstorm|[upkeep]
|-heal|p2a: Jirachi|95/100|[from] item: Leftovers
|-heal|p1a: Tyrannical B.I.G.|82/100|[from] item: Leftovers
|upkeep
|turn|3
|
|t:|1728940453
|move|p2a: Jirachi|Toxic|p1a: Tyrannical B.I.G.
|-status|p1a: Tyrannical B.I.G.|tox
|move|p1a: Tyrannical B.I.G.|Fire Blast|p2a: Jirachi
|-supereffective|p2a: Jirachi
|-damage|p2a: Jirachi|27/100
|
|-weather|Sandstorm|[upkeep]
|-heal|p2a: Jirachi|33/100|[from] item: Leftovers
|-heal|p1a: Tyrannical B.I.G.|89/100 tox|[from] item: Leftovers
|-damage|p1a: Tyrannical B.I.G.|82/100 tox|[from] psn
|upkeep
|turn|4
|
|t:|1728940463
|switch|p1a: DET Red Wings|Salamence, M|100/100
|-ability|p1a: DET Red Wings|Intimidate|boost
|-unboost|p2a: Jirachi|atk|1
|move|p2a: Jirachi|Protect||[still]
|-fail|p2a: Jirachi
|
|-weather|Sandstorm|[upkeep]
|-damage|p1a: DET Red Wings|94/100|[from] Sandstorm
|-heal|p1a: DET Red Wings|100/100|[from] item: Leftovers
|-heal|p2a: Jirachi|39/100|[from] item: Leftovers
|upkeep
|turn|5
|
|t:|1728940472
|switch|p2a: Blissey|Blissey, F|100/100
|move|p1a: DET Red Wings|Fire Blast|p2a: Blissey
|-damage|p2a: Blissey|83/100
|
|-weather|Sandstorm|[upkeep]
|-damage|p1a: DET Red Wings|94/100|[from] Sandstorm
|-damage|p2a: Blissey|77/100|[from] Sandstorm
|-heal|p1a: DET Red Wings|100/100|[from] item: Leftovers
|-heal|p2a: Blissey|83/100|[from] item: Leftovers
|upkeep
|turn|6
|
|t:|1728940481
|switch|p1a: SS Tier|Forretress, M|100/100
|move|p2a: Blissey|Ice Beam|p1a: SS Tier
|-resisted|p1a: SS Tier
|-damage|p1a: SS Tier|90/100
|
|-weather|Sandstorm|[upkeep]
|-damage|p2a: Blissey|77/100|[from] Sandstorm
|-heal|p2a: Blissey|83/100|[from] item: Leftovers
|-heal|p1a: SS Tier|97/100|[from] item: Leftovers
|upkeep
|turn|7
|
|t:|1728940486
|move|p2a: Blissey|Thunder Wave|p1a: SS Tier
|-status|p1a: SS Tier|par
|cant|p1a: SS Tier|par
|
|-weather|Sandstorm|[upkeep]
|-damage|p2a: Blissey|77/100|[from] Sandstorm
|-heal|p2a: Blissey|83/100|[from] item: Leftovers
|-heal|p1a: SS Tier|100/100 par|[from] item: Leftovers
|upkeep
|turn|8
|
|t:|1728940491
|switch|p2a: Forretress|Forretress, F|100/100
|cant|p1a: SS Tier|par
|
|-weather|Sandstorm|[upkeep]
|upkeep
|turn|9
|
|t:|1728940494
|move|p2a: Forretress|Spikes|p1a: SS Tier
|-sidestart|p1: Deezcastforms|Spikes
|cant|p1a: SS Tier|par
|
|-weather|Sandstorm|[upkeep]
|upkeep
|turn|10
|
|t:|1728940499
|move|p2a: Forretress|Hidden Power|p1a: SS Tier
|-supereffective|p1a: SS Tier
|-damage|p1a: SS Tier|60/100 par
|cant|p1a: SS Tier|par
|
|-weather|Sandstorm|[upkeep]
|-heal|p1a: SS Tier|66/100 par|[from] item: Leftovers
|upkeep
|turn|11
|c|☆Hykari|mb
|
|t:|1728940516
|switch|p1a: DET Red Wings|Salamence, M|100/100
|-ability|p1a: DET Red Wings|Intimidate|boost
|-unboost|p2a: Forretress|atk|1
|move|p2a: Forretress|Hidden Power|p1a: DET Red Wings
|-resisted|p1a: DET Red Wings
|-damage|p1a: DET Red Wings|93/100
|
|-weather|Sandstorm|[upkeep]
|-damage|p1a: DET Red Wings|87/100|[from] Sandstorm
|-heal|p1a: DET Red Wings|93/100|[from] item: Leftovers
|upkeep
|turn|12
|
|t:|1728940524
|switch|p2a: Zapdos|Zapdos|100/100
|move|p1a: DET Red Wings|Brick Break|p2a: Zapdos
|-resisted|p2a: Zapdos
|-crit|p2a: Zapdos
|-damage|p2a: Zapdos|78/100
|
|-weather|Sandstorm|[upkeep]
|-damage|p1a: DET Red Wings|87/100|[from] Sandstorm
|-damage|p2a: Zapdos|72/100|[from] Sandstorm
|-heal|p1a: DET Red Wings|93/100|[from] item: Leftovers
|-heal|p2a: Zapdos|78/100|[from] item: Leftovers
|upkeep
|turn|13
|
|t:|1728940531
|switch|p1a: Spinblocker?|Blissey, F|100/100
|-damage|p1a: Spinblocker?|88/100|[from] Spikes
|move|p2a: Zapdos|Roar|p1a: Spinblocker?
|drag|p1a: DET Red Wings|Salamence, M|93/100
|-ability|p1a: DET Red Wings|Intimidate|boost
|-unboost|p2a: Zapdos|atk|1
|
|-weather|Sandstorm|[upkeep]
|-damage|p1a: DET Red Wings|87/100|[from] Sandstorm
|-damage|p2a: Zapdos|72/100|[from] Sandstorm
|-heal|p1a: DET Red Wings|93/100|[from] item: Leftovers
|-heal|p2a: Zapdos|78/100|[from] item: Leftovers
|upkeep
|turn|14
|
|t:|1728940539
|switch|p1a: Spinblocker?|Blissey, F|88/100
|-damage|p1a: Spinblocker?|76/100|[from] Spikes
|move|p2a: Zapdos|Thunderbolt|p1a: Spinblocker?
|-damage|p1a: Spinblocker?|59/100
|-status|p1a: Spinblocker?|par
|
|-weather|Sandstorm|[upkeep]
|-damage|p2a: Zapdos|72/100|[from] Sandstorm
|-damage|p1a: Spinblocker?|53/100 par|[from] Sandstorm
|-heal|p2a: Zapdos|78/100|[from] item: Leftovers
|-heal|p1a: Spinblocker?|59/100 par|[from] item: Leftovers
|upkeep
|turn|15
|
|t:|1728940555
|move|p1a: Spinblocker?|Seismic Toss|p2a: Zapdos
|-damage|p2a: Zapdos|52/100
|move|p2a: Zapdos|Roar|p1a: Spinblocker?
|-curestatus|p1a: Spinblocker?|par|[from] ability: Natural Cure
|drag|p1a: SS Tier|Forretress, M|66/100 par
|-damage|p1a: SS Tier|54/100 par|[from] Spikes
|
|-weather|Sandstorm|[upkeep]
|-damage|p2a: Zapdos|46/100|[from] Sandstorm
|-heal|p2a: Zapdos|52/100|[from] item: Leftovers
|-heal|p1a: SS Tier|60/100 par|[from] item: Leftovers
|upkeep
|turn|16
|
|t:|1728940566
|switch|p2a: Forretress|Forretress, F|100/100
|switch|p1a: Spinblocker?|Blissey, F|59/100
|-damage|p1a: Spinblocker?|47/100|[from] Spikes
|
|-weather|Sandstorm|[upkeep]
|-damage|p1a: Spinblocker?|41/100|[from] Sandstorm
|-heal|p1a: Spinblocker?|47/100|[from] item: Leftovers
|upkeep
|turn|17
|
|t:|1728940574
|move|p1a: Spinblocker?|Soft-Boiled|p1a: Spinblocker?
|-heal|p1a: Spinblocker?|97/100
|move|p2a: Forretress|Spikes|p1a: Spinblocker?
|-sidestart|p1: Deezcastforms|Spikes
|
|-weather|Sandstorm|[upkeep]
|-damage|p1a: Spinblocker?|91/100|[from] Sandstorm
|-heal|p1a: Spinblocker?|97/100|[from] item: Leftovers
|upkeep
|turn|18
|
|t:|1728940584
|switch|p1a: DET Red Wings|Salamence, M|93/100
|-ability|p1a: DET Red Wings|Intimidate|boost
|-unboost|p2a: Forretress|atk|1
|switch|p2a: Blissey|Blissey, F|83/100
|
|-weather|Sandstorm|[upkeep]
|-damage|p1a: DET Red Wings|87/100|[from] Sandstorm
|-damage|p2a: Blissey|77/100|[from] Sandstorm
|-heal|p1a: DET Red Wings|93/100|[from] item: Leftovers
|-heal|p2a: Blissey|83/100|[from] item: Leftovers
|upkeep
|turn|19
|
|t:|1728940589
|switch|p1a: SS Tier|Forretress, M|60/100 par
|-damage|p1a: SS Tier|43/100 par|[from] Spikes
|move|p2a: Blissey|Thunder Wave|p1a: SS Tier
|-fail|p1a: SS Tier|par
|
|-weather|Sandstorm|[upkeep]
|-damage|p2a: Blissey|77/100|[from] Sandstorm
|-heal|p2a: Blissey|83/100|[from] item: Leftovers
|-heal|p1a: SS Tier|50/100 par|[from] item: Leftovers
|upkeep
|turn|20
|
|t:|1728940594
|move|p2a: Blissey|Seismic Toss|p1a: SS Tier
|-damage|p1a: SS Tier|21/100 par
|move|p1a: SS Tier|Rapid Spin|p2a: Blissey
|-damage|p2a: Blissey|79/100
|-sideend|p1: Deezcastforms|Spikes|[from] move: Rapid Spin|[of] p1a: SS Tier
|
|-weather|Sandstorm|[upkeep]
|-damage|p2a: Blissey|73/100|[from] Sandstorm
|-heal|p2a: Blissey|79/100|[from] item: Leftovers
|-heal|p1a: SS Tier|28/100 par|[from] item: Leftovers
|upkeep
|turn|21
|
|t:|1728940602
|switch|p1a: Spinblocker?|Blissey, F|97/100
|move|p2a: Blissey|Seismic Toss|p1a: Spinblocker?
|-damage|p1a: Spinblocker?|82/100
|
|-weather|Sandstorm|[upkeep]
|-damage|p2a: Blissey|73/100|[from] Sandstorm
|-damage|p1a: Spinblocker?|76/100|[from] Sandstorm
|-heal|p2a: Blissey|79/100|[from] item: Leftovers
|-heal|p1a: Spinblocker?|82/100|[from] item: Leftovers
|upkeep
|turn|22
|
|t:|1728940612
|switch|p1a: Tyrannical B.I.G.|Tyranitar, F|82/100 tox
|move|p2a: Blissey|Thunder Wave||[still]
|-fail|p2a: Blissey
|
|-weather|Sandstorm|[upkeep]
|-damage|p2a: Blissey|73/100|[from] Sandstorm
|-heal|p1a: Tyrannical B.I.G.|89/100 tox|[from] item: Leftovers
|-damage|p1a: Tyrannical B.I.G.|82/100 tox|[from] psn
|-heal|p2a: Blissey|79/100|[from] item: Leftovers
|upkeep
|turn|23
|
|t:|1728940626
|switch|p1a: Spinblocker?|Blissey, F|82/100
|move|p2a: Blissey|Soft-Boiled|p2a: Blissey
|-heal|p2a: Blissey|100/100
|
|-weather|Sandstorm|[upkeep]
|-damage|p2a: Blissey|94/100|[from] Sandstorm
|-damage|p1a: Spinblocker?|76/100|[from] Sandstorm
|-heal|p2a: Blissey|100/100|[from] item: Leftovers
|-heal|p1a: Spinblocker?|82/100|[from] item: Leftovers
|upkeep
|turn|24
|
|t:|1728940636
|move|p2a: Blissey|Seismic Toss|p1a: Spinblocker?
|-damage|p1a: Spinblocker?|67/100
|move|p1a: Spinblocker?|Toxic|p2a: Blissey
|-status|p2a: Blissey|tox
|
|-weather|Sandstorm|[upkeep]
|-damage|p2a: Blissey|94/100 tox|[from] Sandstorm
|-damage|p1a: Spinblocker?|61/100|[from] Sandstorm
|-heal|p2a: Blissey|100/100 tox|[from] item: Leftovers
|-damage|p2a: Blissey|94/100 tox|[from] psn
|-heal|p1a: Spinblocker?|67/100|[from] item: Leftovers
|upkeep
|turn|25
|
|t:|1728940648
|move|p2a: Blissey|Thunder Wave|p1a: Spinblocker?
|-status|p1a: Spinblocker?|par
|cant|p1a: Spinblocker?|par
|
|-weather|Sandstorm|[upkeep]
|-damage|p2a: Blissey|88/100 tox|[from] Sandstorm
|-damage|p1a: Spinblocker?|61/100 par|[from] Sandstorm
|-heal|p2a: Blissey|94/100 tox|[from] item: Leftovers
|-damage|p2a: Blissey|82/100 tox|[from] psn
|-heal|p1a: Spinblocker?|67/100 par|[from] item: Leftovers
|upkeep
|turn|26
|
|t:|1728940660
|-curestatus|p2a: Blissey|tox|[from] ability: Natural Cure
|switch|p2a: Forretress|Forretress, F|100/100
|move|p1a: Spinblocker?|Seismic Toss|p2a: Forretress
|-damage|p2a: Forretress|72/100
|
|-weather|Sandstorm|[upkeep]
|-damage|p1a: Spinblocker?|61/100 par|[from] Sandstorm
|-heal|p2a: Forretress|78/100|[from] item: Leftovers
|-heal|p1a: Spinblocker?|67/100 par|[from] item: Leftovers
|upkeep
|turn|27
|inactive|Deezcastforms has 270 seconds left.
|
|t:|1728940718
|-curestatus|p1a: Spinblocker?|par|[from] ability: Natural Cure
|switch|p1a: DET Red Wings|Salamence, M|93/100
|-ability|p1a: DET Red Wings|Intimidate|boost
|-unboost|p2a: Forretress|atk|1
|move|p2a: Forretress|Spikes|p1a: DET Red Wings
|-sidestart|p1: Deezcastforms|Spikes
|
|-weather|Sandstorm|[upkeep]
|-damage|p1a: DET Red Wings|87/100|[from] Sandstorm
|-heal|p1a: DET Red Wings|93/100|[from] item: Leftovers
|-heal|p2a: Forretress|85/100|[from] item: Leftovers
|upkeep
|turn|28
|
|t:|1728940728
|switch|p2a: Blissey|Blissey, F|82/100
|move|p1a: DET Red Wings|Brick Break|p2a: Blissey
|-supereffective|p2a: Blissey
|-damage|p2a: Blissey|33/100
|
|-weather|Sandstorm|[upkeep]
|-damage|p1a: DET Red Wings|87/100|[from] Sandstorm
|-damage|p2a: Blissey|27/100|[from] Sandstorm
|-heal|p1a: DET Red Wings|93/100|[from] item: Leftovers
|-heal|p2a: Blissey|33/100|[from] item: Leftovers
|upkeep
|turn|29
|inactive|Deezcastforms has 240 seconds left.
|inactive|Hykari has 270 seconds left.
|inactive|Deezcastforms has 210 seconds left.
|
|t:|1728940784
|switch|p2a: Jirachi|Jirachi|39/100
|move|p1a: DET Red Wings|Brick Break|p2a: Jirachi
|-damage|p2a: Jirachi|23/100
|
|-weather|Sandstorm|[upkeep]
|-damage|p1a: DET Red Wings|87/100|[from] Sandstorm
|-heal|p1a: DET Red Wings|93/100|[from] item: Leftovers
|-heal|p2a: Jirachi|29/100|[from] item: Leftovers
|upkeep
|turn|30
|
|t:|1728940813
|move|p2a: Jirachi|Protect|p2a: Jirachi
|-singleturn|p2a: Jirachi|Protect
|move|p1a: DET Red Wings|Fire Blast|p2a: Jirachi
|-activate|p2a: Jirachi|Protect
|
|-weather|Sandstorm|[upkeep]
|-damage|p1a: DET Red Wings|87/100|[from] Sandstorm
|-heal|p1a: DET Red Wings|93/100|[from] item: Leftovers
|-heal|p2a: Jirachi|36/100|[from] item: Leftovers
|upkeep
|turn|31
|
|t:|1728940821
|switch|p2a: Tyranitar|Tyranitar, F|100/100
|move|p1a: DET Red Wings|Fire Blast|p2a: Tyranitar
|-resisted|p2a: Tyranitar
|-crit|p2a: Tyranitar
|-damage|p2a: Tyranitar|69/100
|
|-weather|Sandstorm|[upkeep]
|-damage|p1a: DET Red Wings|87/100|[from] Sandstorm
|-heal|p1a: DET Red Wings|93/100|[from] item: Leftovers
|-heal|p2a: Tyranitar|75/100|[from] item: Leftovers
|upkeep
|turn|32
|
|t:|1728940828
|move|p1a: DET Red Wings|Brick Break|p2a: Tyranitar
|-supereffective|p2a: Tyranitar
|-crit|p2a: Tyranitar
|-damage|p2a: Tyranitar|0 fnt
|faint|p2a: Tyranitar
|
|t:|1728940837
|switch|p2a: Zapdos|Zapdos|52/100
|
|-weather|Sandstorm|[upkeep]
|-damage|p1a: DET Red Wings|87/100|[from] Sandstorm
|-damage|p2a: Zapdos|46/100|[from] Sandstorm
|-heal|p1a: DET Red Wings|93/100|[from] item: Leftovers
|-heal|p2a: Zapdos|52/100|[from] item: Leftovers
|upkeep
|turn|33
|
|t:|1728940850
|switch|p1a: Spinblocker?|Blissey, F|67/100
|-damage|p1a: Spinblocker?|55/100|[from] Spikes
|move|p2a: Zapdos|Thunderbolt|p1a: Spinblocker?
|-damage|p1a: Spinblocker?|38/100
|
|-weather|Sandstorm|[upkeep]
|-damage|p2a: Zapdos|46/100|[from] Sandstorm
|-damage|p1a: Spinblocker?|32/100|[from] Sandstorm
|-heal|p2a: Zapdos|52/100|[from] item: Leftovers
|-heal|p1a: Spinblocker?|38/100|[from] item: Leftovers
|upkeep
|turn|34
|
|t:|1728940860
|move|p2a: Zapdos|Thunderbolt|p1a: Spinblocker?
|-damage|p1a: Spinblocker?|24/100
|move|p1a: Spinblocker?|Soft-Boiled|p1a: Spinblocker?
|-heal|p1a: Spinblocker?|74/100
|
|-weather|Sandstorm|[upkeep]
|-damage|p2a: Zapdos|46/100|[from] Sandstorm
|-damage|p1a: Spinblocker?|67/100|[from] Sandstorm
|-heal|p2a: Zapdos|52/100|[from] item: Leftovers
|-heal|p1a: Spinblocker?|74/100|[from] item: Leftovers
|upkeep
|turn|35
|inactive|Deezcastforms has 210 seconds left.
|inactive|Deezcastforms has 180 seconds left.
|inactive|Deezcastforms has 150 seconds left.
|
|t:|1728940934
|switch|p2a: Blissey|Blissey, F|33/100
|move|p1a: Spinblocker?|Seismic Toss|p2a: Blissey
|-damage|p2a: Blissey|18/100
|
|-weather|Sandstorm|[upkeep]
|-damage|p2a: Blissey|12/100|[from] Sandstorm
|-damage|p1a: Spinblocker?|67/100|[from] Sandstorm
|-heal|p2a: Blissey|18/100|[from] item: Leftovers
|-heal|p1a: Spinblocker?|74/100|[from] item: Leftovers
|upkeep
|turn|36
|inactive|Deezcastforms has 150 seconds left.
|
|t:|1728940949
|move|p2a: Blissey|Soft-Boiled|p2a: Blissey
|-heal|p2a: Blissey|68/100
|move|p1a: Spinblocker?|Toxic|p2a: Blissey
|-status|p2a: Blissey|tox
|
|-weather|Sandstorm|[upkeep]
|-damage|p2a: Blissey|62/100 tox|[from] Sandstorm
|-damage|p1a: Spinblocker?|67/100|[from] Sandstorm
|-heal|p2a: Blissey|68/100 tox|[from] item: Leftovers
|-damage|p2a: Blissey|62/100 tox|[from] psn
|-heal|p1a: Spinblocker?|74/100|[from] item: Leftovers
|upkeep
|turn|37
|
|t:|1728940960
|move|p2a: Blissey|Soft-Boiled|p2a: Blissey
|-heal|p2a: Blissey|100/100 tox
|move|p1a: Spinblocker?|Seismic Toss|p2a: Blissey
|-damage|p2a: Blissey|85/100 tox
|
|-weather|Sandstorm|[upkeep]
|-damage|p2a: Blissey|79/100 tox|[from] Sandstorm
|-damage|p1a: Spinblocker?|67/100|[from] Sandstorm
|-heal|p2a: Blissey|85/100 tox|[from] item: Leftovers
|-damage|p2a: Blissey|73/100 tox|[from] psn
|-heal|p1a: Spinblocker?|74/100|[from] item: Leftovers
|upkeep
|turn|38
|
|t:|1728940972
|-curestatus|p2a: Blissey|tox|[from] ability: Natural Cure
|switch|p2a: Breloom|Breloom, F|100/100
|move|p1a: Spinblocker?|Seismic Toss|p2a: Breloom
|-damage|p2a: Breloom|62/100
|
|-weather|Sandstorm|[upkeep]
|-damage|p2a: Breloom|56/100|[from] Sandstorm
|-damage|p1a: Spinblocker?|67/100|[from] Sandstorm
|-heal|p2a: Breloom|62/100|[from] item: Leftovers
|-heal|p1a: Spinblocker?|74/100|[from] item: Leftovers
|upkeep
|turn|39
|
|t:|1728940980
|switch|p1a: SS Tier|Forretress, M|28/100 par
|-damage|p1a: SS Tier|15/100 par|[from] Spikes
|move|p2a: Breloom|Spore||[still]
|-fail|p2a: Breloom
|
|-weather|Sandstorm|[upkeep]
|-damage|p2a: Breloom|56/100|[from] Sandstorm
|-heal|p2a: Breloom|62/100|[from] item: Leftovers
|-heal|p1a: SS Tier|21/100 par|[from] item: Leftovers
|upkeep
|turn|40
|
|t:|1728940991
|switch|p1a: DET Red Wings|Salamence, M|93/100
|-ability|p1a: DET Red Wings|Intimidate|boost
|-unboost|p2a: Breloom|atk|1
|move|p2a: Breloom|Sky Uppercut|p1a: DET Red Wings
|-resisted|p1a: DET Red Wings
|-damage|p1a: DET Red Wings|74/100
|
|-weather|Sandstorm|[upkeep]
|-damage|p1a: DET Red Wings|68/100|[from] Sandstorm
|-damage|p2a: Breloom|56/100|[from] Sandstorm
|-heal|p1a: DET Red Wings|74/100|[from] item: Leftovers
|-heal|p2a: Breloom|62/100|[from] item: Leftovers
|upkeep
|turn|41
|
|t:|1728941003
|move|p1a: DET Red Wings|Dragon Claw|p2a: Breloom
|-damage|p2a: Breloom|0 fnt
|faint|p2a: Breloom
|
|t:|1728941008
|switch|p2a: Blissey|Blissey, F|73/100
|
|-weather|Sandstorm|[upkeep]
|-damage|p1a: DET Red Wings|68/100|[from] Sandstorm
|-damage|p2a: Blissey|67/100|[from] Sandstorm
|-heal|p1a: DET Red Wings|74/100|[from] item: Leftovers
|-heal|p2a: Blissey|73/100|[from] item: Leftovers
|upkeep
|turn|42
|
|t:|1728941031
|switch|p1a: Spinblocker?|Blissey, F|74/100
|-damage|p1a: Spinblocker?|61/100|[from] Spikes
|move|p2a: Blissey|Thunder Wave|p1a: Spinblocker?
|-status|p1a: Spinblocker?|par
|
|-weather|Sandstorm|[upkeep]
|-damage|p2a: Blissey|67/100|[from] Sandstorm
|-damage|p1a: Spinblocker?|55/100 par|[from] Sandstorm
|-heal|p2a: Blissey|73/100|[from] item: Leftovers
|-heal|p1a: Spinblocker?|61/100 par|[from] item: Leftovers
|upkeep
|turn|43
|
|t:|1728941040
|switch|p2a: Jirachi|Jirachi|36/100
|move|p1a: Spinblocker?|Soft-Boiled|p1a: Spinblocker?
|-heal|p1a: Spinblocker?|100/100 par
|
|-weather|Sandstorm|[upkeep]
|-damage|p1a: Spinblocker?|94/100 par|[from] Sandstorm
|-heal|p2a: Jirachi|42/100|[from] item: Leftovers
|-heal|p1a: Spinblocker?|100/100 par|[from] item: Leftovers
|upkeep
|turn|44
|inactive|Deezcastforms has 150 seconds left.
|
|t:|1728941067
|move|p2a: Jirachi|Wish|p2a: Jirachi
|move|p1a: Spinblocker?|Ice Beam|p2a: Jirachi
|-resisted|p2a: Jirachi
|-damage|p2a: Jirachi|32/100
|
|-weather|Sandstorm|[upkeep]
|-damage|p1a: Spinblocker?|94/100 par|[from] Sandstorm
|-heal|p2a: Jirachi|38/100|[from] item: Leftovers
|-heal|p1a: Spinblocker?|100/100 par|[from] item: Leftovers
|upkeep
|turn|45
|inactive|Deezcastforms has 150 seconds left.
|
|t:|1728941091
|move|p2a: Jirachi|Toxic||[still]
|-fail|p2a: Jirachi
|cant|p1a: Spinblocker?|par
|
|-heal|p2a: Jirachi|88/100|[from] move: Wish|[wisher] Jirachi
|-weather|Sandstorm|[upkeep]
|-damage|p1a: Spinblocker?|94/100 par|[from] Sandstorm
|-heal|p2a: Jirachi|94/100|[from] item: Leftovers
|-heal|p1a: Spinblocker?|100/100 par|[from] item: Leftovers
|upkeep
|turn|46
|
|t:|1728941100
|move|p2a: Jirachi|Wish|p2a: Jirachi
|move|p1a: Spinblocker?|Seismic Toss|p2a: Jirachi
|-damage|p2a: Jirachi|70/100
|
|-weather|Sandstorm|[upkeep]
|-damage|p1a: Spinblocker?|94/100 par|[from] Sandstorm
|-heal|p2a: Jirachi|76/100|[from] item: Leftovers
|-heal|p1a: Spinblocker?|100/100 par|[from] item: Leftovers
|upkeep
|turn|47
|
|t:|1728941119
|switch|p2a: Zapdos|Zapdos|52/100
|cant|p1a: Spinblocker?|par
|
|-heal|p2a: Zapdos|100/100|[from] move: Wish|[wisher] Jirachi
|-weather|Sandstorm|[upkeep]
|-damage|p2a: Zapdos|94/100|[from] Sandstorm
|-damage|p1a: Spinblocker?|94/100 par|[from] Sandstorm
|-heal|p2a: Zapdos|100/100|[from] item: Leftovers
|-heal|p1a: Spinblocker?|100/100 par|[from] item: Leftovers
|upkeep
|turn|48
|inactive|Deezcastforms has 150 seconds left.
|
|t:|1728941132
|switch|p2a: Jirachi|Jirachi|76/100
|move|p1a: Spinblocker?|Toxic|p2a: Jirachi
|-immune|p2a: Jirachi
|
|-weather|Sandstorm|[upkeep]
|-damage|p1a: Spinblocker?|94/100 par|[from] Sandstorm
|-heal|p2a: Jirachi|82/100|[from] item: Leftovers
|-heal|p1a: Spinblocker?|100/100 par|[from] item: Leftovers
|upkeep
|turn|49
|
|t:|1728941142
|move|p2a: Jirachi|Toxic||[still]
|-fail|p2a: Jirachi
|move|p1a: Spinblocker?|Ice Beam|p2a: Jirachi
|-resisted|p2a: Jirachi
|-damage|p2a: Jirachi|72/100
|
|-weather|Sandstorm|[upkeep]
|-damage|p1a: Spinblocker?|94/100 par|[from] Sandstorm
|-heal|p2a: Jirachi|78/100|[from] item: Leftovers
|-heal|p1a: Spinblocker?|100/100 par|[from] item: Leftovers
|upkeep
|turn|50
|
|t:|1728941153
|move|p2a: Jirachi|Wish|p2a: Jirachi
|move|p1a: Spinblocker?|Seismic Toss|p2a: Jirachi
|-damage|p2a: Jirachi|53/100
|
|-weather|Sandstorm|[upkeep]
|-damage|p1a: Spinblocker?|94/100 par|[from] Sandstorm
|-heal|p2a: Jirachi|59/100|[from] item: Leftovers
|-heal|p1a: Spinblocker?|100/100 par|[from] item: Leftovers
|upkeep
|turn|51
|
|t:|1728941162
|move|p2a: Jirachi|Fire Punch|p1a: Spinblocker?
|-damage|p1a: Spinblocker?|94/100 par
|move|p1a: Spinblocker?|Ice Beam|p2a: Jirachi
|-resisted|p2a: Jirachi
|-damage|p2a: Jirachi|49/100
|
|-heal|p2a: Jirachi|99/100|[from] move: Wish|[wisher] Jirachi
|-weather|Sandstorm|[upkeep]
|-damage|p1a: Spinblocker?|88/100 par|[from] Sandstorm
|-heal|p2a: Jirachi|100/100|[from] item: Leftovers
|-heal|p1a: Spinblocker?|94/100 par|[from] item: Leftovers
|upkeep
|turn|52
|
|t:|1728941183
|switch|p2a: Forretress|Forretress, F|85/100
|move|p1a: Spinblocker?|Ice Beam|p2a: Forretress
|-resisted|p2a: Forretress
|-crit|p2a: Forretress
|-damage|p2a: Forretress|61/100
|
|-weather|Sandstorm|[upkeep]
|-damage|p1a: Spinblocker?|88/100 par|[from] Sandstorm
|-heal|p2a: Forretress|67/100|[from] item: Leftovers
|-heal|p1a: Spinblocker?|94/100 par|[from] item: Leftovers
|upkeep
|turn|53
|inactive|Deezcastforms has 150 seconds left.
|
|t:|1728941209
|switch|p2a: Blissey|Blissey, F|73/100
|move|p1a: Spinblocker?|Seismic Toss|p2a: Blissey
|-damage|p2a: Blissey|57/100
|
|-weather|Sandstorm|[upkeep]
|-damage|p2a: Blissey|51/100|[from] Sandstorm
|-damage|p1a: Spinblocker?|88/100 par|[from] Sandstorm
|-heal|p2a: Blissey|57/100|[from] item: Leftovers
|-heal|p1a: Spinblocker?|94/100 par|[from] item: Leftovers
|upkeep
|turn|54
|
|t:|1728941214
|move|p2a: Blissey|Soft-Boiled|p2a: Blissey
|-heal|p2a: Blissey|100/100
|move|p1a: Spinblocker?|Toxic|p2a: Blissey
|-status|p2a: Blissey|tox
|
|-weather|Sandstorm|[upkeep]
|-damage|p2a: Blissey|94/100 tox|[from] Sandstorm
|-damage|p1a: Spinblocker?|88/100 par|[from] Sandstorm
|-heal|p2a: Blissey|100/100 tox|[from] item: Leftovers
|-damage|p2a: Blissey|94/100 tox|[from] psn
|-heal|p1a: Spinblocker?|94/100 par|[from] item: Leftovers
|upkeep
|turn|55
|inactive|Deezcastforms has 150 seconds left.
|
|t:|1728941248
|-curestatus|p1a: Spinblocker?|par|[from] ability: Natural Cure
|switch|p1a: Posted Up|Swampert, F|100/100
|-damage|p1a: Posted Up|88/100|[from] Spikes
|move|p2a: Blissey|Seismic Toss|p1a: Posted Up
|-damage|p1a: Posted Up|63/100
|
|-weather|Sandstorm|[upkeep]
|-damage|p2a: Blissey|88/100 tox|[from] Sandstorm
|-heal|p2a: Blissey|94/100 tox|[from] item: Leftovers
|-damage|p2a: Blissey|82/100 tox|[from] psn
|-heal|p1a: Posted Up|70/100|[from] item: Leftovers
|upkeep
|turn|56
|
|t:|1728941264
|-curestatus|p2a: Blissey|tox|[from] ability: Natural Cure
|switch|p2a: Zapdos|Zapdos|100/100
|move|p1a: Posted Up|Earthquake|p2a: Zapdos
|-immune|p2a: Zapdos
|
|-weather|Sandstorm|[upkeep]
|-damage|p2a: Zapdos|94/100|[from] Sandstorm
|-heal|p2a: Zapdos|100/100|[from] item: Leftovers
|-heal|p1a: Posted Up|76/100|[from] item: Leftovers
|upkeep
|turn|57
|
|t:|1728941272
|switch|p2a: Jirachi|Jirachi|100/100
|move|p1a: Posted Up|Protect||[still]
|-fail|p1a: Posted Up
|
|-weather|Sandstorm|[upkeep]
|-heal|p1a: Posted Up|82/100|[from] item: Leftovers
|upkeep
|turn|58
|
|t:|1728941280
|move|p1a: Posted Up|Protect|p1a: Posted Up
|-singleturn|p1a: Posted Up|Protect
|move|p2a: Jirachi|Toxic|p1a: Posted Up
|-activate|p1a: Posted Up|Protect
|
|-weather|Sandstorm|[upkeep]
|-heal|p1a: Posted Up|88/100|[from] item: Leftovers
|upkeep
|turn|59
|inactive|Deezcastforms has 150 seconds left.
|inactive|Deezcastforms has 120 seconds left.
|
|t:|1728941322
|switch|p1a: Spinblocker?|Blissey, F|94/100
|-damage|p1a: Spinblocker?|82/100|[from] Spikes
|move|p2a: Jirachi|Toxic|p1a: Spinblocker?
|-status|p1a: Spinblocker?|tox
|
|-weather|Sandstorm|[upkeep]
|-damage|p1a: Spinblocker?|76/100 tox|[from] Sandstorm
|-heal|p1a: Spinblocker?|82/100 tox|[from] item: Leftovers
|-damage|p1a: Spinblocker?|76/100 tox|[from] psn
|upkeep
|turn|60
|inactive|Deezcastforms has 120 seconds left.
|
|t:|1728941335
|switch|p2a: Forretress|Forretress, F|67/100
|-curestatus|p1a: Spinblocker?|tox|[from] ability: Natural Cure
|switch|p1a: Tyrannical B.I.G.|Tyranitar, F|82/100 tox
|-damage|p1a: Tyrannical B.I.G.|70/100 tox|[from] Spikes
|
|-weather|Sandstorm|[upkeep]
|-heal|p1a: Tyrannical B.I.G.|76/100 tox|[from] item: Leftovers
|-damage|p1a: Tyrannical B.I.G.|70/100 tox|[from] psn
|-heal|p2a: Forretress|74/100|[from] item: Leftovers
|upkeep
|turn|61
|inactive|Deezcastforms has 120 seconds left.
|inactive|Deezcastforms has 90 seconds left.
|
|t:|1728941387
|switch|p1a: Spinblocker?|Blissey, F|76/100
|-damage|p1a: Spinblocker?|63/100|[from] Spikes
|switch|p2a: Blissey|Blissey, F|82/100
|
|-weather|Sandstorm|[upkeep]
|-damage|p2a: Blissey|76/100|[from] Sandstorm
|-damage|p1a: Spinblocker?|57/100|[from] Sandstorm
|-heal|p2a: Blissey|82/100|[from] item: Leftovers
|-heal|p1a: Spinblocker?|63/100|[from] item: Leftovers
|upkeep
|turn|62
|
|t:|1728941399
|switch|p2a: Forretress|Forretress, F|74/100
|move|p1a: Spinblocker?|Soft-Boiled|p1a: Spinblocker?
|-heal|p1a: Spinblocker?|100/100
|
|-weather|Sandstorm|[upkeep]
|-damage|p1a: Spinblocker?|94/100|[from] Sandstorm
|-heal|p1a: Spinblocker?|100/100|[from] item: Leftovers
|-heal|p2a: Forretress|80/100|[from] item: Leftovers
|upkeep
|turn|63
|inactive|Deezcastforms has 90 seconds left.
|
|t:|1728941408
|move|p1a: Spinblocker?|Seismic Toss|p2a: Forretress
|-damage|p2a: Forretress|52/100
|move|p2a: Forretress|Spikes|p1a: Spinblocker?
|-sidestart|p1: Deezcastforms|Spikes
|
|-weather|Sandstorm|[upkeep]
|-damage|p1a: Spinblocker?|94/100|[from] Sandstorm
|-heal|p1a: Spinblocker?|100/100|[from] item: Leftovers
|-heal|p2a: Forretress|58/100|[from] item: Leftovers
|upkeep
|turn|64
|inactive|Deezcastforms has 90 seconds left.
|
|t:|1728941420
|switch|p1a: SS Tier|Forretress, M|21/100 par
|-damage|p1a: SS Tier|5/100 par|[from] Spikes
|move|p2a: Forretress|Spikes|p1a: SS Tier
|-sidestart|p1: Deezcastforms|Spikes
|
|-weather|Sandstorm|[upkeep]
|-heal|p2a: Forretress|64/100|[from] item: Leftovers
|-heal|p1a: SS Tier|11/100 par|[from] item: Leftovers
|upkeep
|turn|65
|
|t:|1728941429
|switch|p1a: DET Red Wings|Salamence, M|74/100
|-ability|p1a: DET Red Wings|Intimidate|boost
|-unboost|p2a: Forretress|atk|1
|move|p2a: Forretress|Hidden Power|p1a: DET Red Wings
|-resisted|p1a: DET Red Wings
|-damage|p1a: DET Red Wings|66/100
|
|-weather|Sandstorm|[upkeep]
|-damage|p1a: DET Red Wings|60/100|[from] Sandstorm
|-heal|p1a: DET Red Wings|66/100|[from] item: Leftovers
|-heal|p2a: Forretress|70/100|[from] item: Leftovers
|upkeep
|turn|66
|inactive|Deezcastforms has 90 seconds left.
|
|t:|1728941446
|switch|p2a: Zapdos|Zapdos|100/100
|move|p1a: DET Red Wings|Fire Blast|p2a: Zapdos
|-damage|p2a: Zapdos|74/100
|
|-weather|Sandstorm|[upkeep]
|-damage|p1a: DET Red Wings|60/100|[from] Sandstorm
|-damage|p2a: Zapdos|68/100|[from] Sandstorm
|-heal|p1a: DET Red Wings|66/100|[from] item: Leftovers
|-heal|p2a: Zapdos|74/100|[from] item: Leftovers
|upkeep
|turn|67
|inactive|Deezcastforms has 90 seconds left.
|
|t:|1728941459
|switch|p1a: SS Tier|Forretress, M|11/100 par
|-damage|p1a: SS Tier|0 fnt|[from] Spikes
|faint|p1a: SS Tier
|
|t:|1728941461
|switch|p1a: In the Bactyl|Aerodactyl, F|100/100
|
|-weather|Sandstorm|[upkeep]
|-damage|p2a: Zapdos|68/100|[from] Sandstorm
|-heal|p2a: Zapdos|74/100|[from] item: Leftovers
|upkeep
|turn|68
|inactive|Deezcastforms has 90 seconds left.
|
|t:|1728941486
|switch|p2a: Forretress|Forretress, F|70/100
|move|p1a: In the Bactyl|Earthquake|p2a: Forretress
|-damage|p2a: Forretress|36/100
|
|-weather|Sandstorm|[upkeep]
|-heal|p2a: Forretress|42/100|[from] item: Leftovers
|upkeep
|turn|69
|inactive|Deezcastforms has 60 seconds left.
|inactive|Hykari has 270 seconds left.
|
|t:|1728941564
|switch|p2a: Zapdos|Zapdos|74/100
|move|p1a: In the Bactyl|Earthquake|p2a: Zapdos
|-immune|p2a: Zapdos
|
|-weather|Sandstorm|[upkeep]
|-damage|p2a: Zapdos|68/100|[from] Sandstorm
|-heal|p2a: Zapdos|74/100|[from] item: Leftovers
|upkeep
|turn|70
|
|t:|1728941575
|switch|p1a: Posted Up|Swampert, F|88/100
|-damage|p1a: Posted Up|63/100|[from] Spikes
|move|p2a: Zapdos|Roar|p1a: Posted Up
|drag|p1a: Spinblocker?|Blissey, F|100/100
|-damage|p1a: Spinblocker?|76/100|[from] Spikes
|
|-weather|Sandstorm|[upkeep]
|-damage|p2a: Zapdos|68/100|[from] Sandstorm
|-damage|p1a: Spinblocker?|70/100|[from] Sandstorm
|-heal|p2a: Zapdos|74/100|[from] item: Leftovers
|-heal|p1a: Spinblocker?|76/100|[from] item: Leftovers
|upkeep
|turn|71
|inactive|Hykari has 270 seconds left.
|
|t:|1728941586
|switch|p2a: Jirachi|Jirachi|100/100
|move|p1a: Spinblocker?|Ice Beam|p2a: Jirachi
|-resisted|p2a: Jirachi
|-damage|p2a: Jirachi|90/100
|-status|p2a: Jirachi|frz
|
|-weather|Sandstorm|[upkeep]
|-damage|p1a: Spinblocker?|70/100|[from] Sandstorm
|-heal|p2a: Jirachi|97/100 frz|[from] item: Leftovers
|-heal|p1a: Spinblocker?|76/100|[from] item: Leftovers
|upkeep
|turn|72
|inactive|Hykari has 270 seconds left.
|inactive|Deezcastforms has 30 seconds left.
|
|t:|1728941608
|switch|p1a: Posted Up|Swampert, F|63/100
|-damage|p1a: Posted Up|38/100|[from] Spikes
|cant|p2a: Jirachi|frz
|
|-weather|Sandstorm|[upkeep]
|-heal|p2a: Jirachi|100/100 frz|[from] item: Leftovers
|-heal|p1a: Posted Up|44/100|[from] item: Leftovers
|upkeep
|turn|73
|
|t:|1728941617
|cant|p2a: Jirachi|frz
|move|p1a: Posted Up|Earthquake|p2a: Jirachi
|-supereffective|p2a: Jirachi
|-damage|p2a: Jirachi|53/100 frz
|
|-weather|Sandstorm|[upkeep]
|-heal|p2a: Jirachi|59/100 frz|[from] item: Leftovers
|-heal|p1a: Posted Up|50/100|[from] item: Leftovers
|upkeep
|turn|74
|
|t:|1728941621
|cant|p2a: Jirachi|frz
|move|p1a: Posted Up|Earthquake|p2a: Jirachi
|-supereffective|p2a: Jirachi
|-damage|p2a: Jirachi|15/100 frz
|
|-weather|Sandstorm|[upkeep]
|-heal|p2a: Jirachi|21/100 frz|[from] item: Leftovers
|-heal|p1a: Posted Up|57/100|[from] item: Leftovers
|upkeep
|turn|75
|
|t:|1728941626
|switch|p2a: Zapdos|Zapdos|74/100
|move|p1a: Posted Up|Earthquake|p2a: Zapdos
|-immune|p2a: Zapdos
|
|-weather|Sandstorm|[upkeep]
|-damage|p2a: Zapdos|68/100|[from] Sandstorm
|-heal|p2a: Zapdos|74/100|[from] item: Leftovers
|-heal|p1a: Posted Up|63/100|[from] item: Leftovers
|upkeep
|turn|76
|
|t:|1728941632
|move|p1a: Posted Up|Protect|p1a: Posted Up
|-singleturn|p1a: Posted Up|Protect
|move|p2a: Zapdos|Roar|p1a: Posted Up
|-activate|p1a: Posted Up|Protect
|
|-weather|Sandstorm|[upkeep]
|-damage|p2a: Zapdos|68/100|[from] Sandstorm
|-heal|p2a: Zapdos|74/100|[from] item: Leftovers
|-heal|p1a: Posted Up|69/100|[from] item: Leftovers
|upkeep
|turn|77
|
|t:|1728941643
|move|p1a: Posted Up|Ice Beam|p2a: Zapdos
|-supereffective|p2a: Zapdos
|-damage|p2a: Zapdos|49/100
|move|p2a: Zapdos|Roar|p1a: Posted Up
|drag|p1a: DET Red Wings|Salamence, M|66/100
|-ability|p1a: DET Red Wings|Intimidate|boost
|-unboost|p2a: Zapdos|atk|1
|
|-weather|Sandstorm|[upkeep]
|-damage|p1a: DET Red Wings|60/100|[from] Sandstorm
|-damage|p2a: Zapdos|43/100|[from] Sandstorm
|-heal|p1a: DET Red Wings|66/100|[from] item: Leftovers
|-heal|p2a: Zapdos|49/100|[from] item: Leftovers
|upkeep
|turn|78
|inactive|Deezcastforms has 60 seconds left.
|
|t:|1728941664
|switch|p1a: Spinblocker?|Blissey, F|76/100
|-damage|p1a: Spinblocker?|51/100|[from] Spikes
|move|p2a: Zapdos|Thunderbolt|p1a: Spinblocker?
|-damage|p1a: Spinblocker?|35/100
|
|-weather|Sandstorm|[upkeep]
|-damage|p2a: Zapdos|43/100|[from] Sandstorm
|-damage|p1a: Spinblocker?|29/100|[from] Sandstorm
|-heal|p2a: Zapdos|49/100|[from] item: Leftovers
|-heal|p1a: Spinblocker?|35/100|[from] item: Leftovers
|upkeep
|turn|79
|
|t:|1728941673
|move|p1a: Spinblocker?|Soft-Boiled|p1a: Spinblocker?
|-heal|p1a: Spinblocker?|85/100
|move|p2a: Zapdos|Roar|p1a: Spinblocker?
|drag|p1a: Posted Up|Swampert, F|69/100
|-damage|p1a: Posted Up|44/100|[from] Spikes
|
|-weather|Sandstorm|[upkeep]
|-damage|p2a: Zapdos|43/100|[from] Sandstorm
|-heal|p2a: Zapdos|49/100|[from] item: Leftovers
|-heal|p1a: Posted Up|50/100|[from] item: Leftovers
|upkeep
|turn|80
|
|t:|1728941686
|switch|p2a: Blissey|Blissey, F|82/100
|move|p1a: Posted Up|Ice Beam|p2a: Blissey
|-damage|p2a: Blissey|74/100
|-message|Freeze Clause activated.
|
|-weather|Sandstorm|[upkeep]
|-damage|p2a: Blissey|68/100|[from] Sandstorm
|-heal|p2a: Blissey|74/100|[from] item: Leftovers
|-heal|p1a: Posted Up|56/100|[from] item: Leftovers
|upkeep
|turn|81
|
|t:|1728941697
|move|p1a: Posted Up|Protect|p1a: Posted Up
|-singleturn|p1a: Posted Up|Protect
|move|p2a: Blissey|Ice Beam|p1a: Posted Up
|-activate|p1a: Posted Up|Protect
|
|-weather|Sandstorm|[upkeep]
|-damage|p2a: Blissey|68/100|[from] Sandstorm
|-heal|p2a: Blissey|74/100|[from] item: Leftovers
|-heal|p1a: Posted Up|63/100|[from] item: Leftovers
|upkeep
|turn|82
|
|t:|1728941703
|switch|p1a: Spinblocker?|Blissey, F|85/100
|-damage|p1a: Spinblocker?|60/100|[from] Spikes
|move|p2a: Blissey|Ice Beam|p1a: Spinblocker?
|-damage|p1a: Spinblocker?|51/100
|
|-weather|Sandstorm|[upkeep]
|-damage|p2a: Blissey|68/100|[from] Sandstorm
|-damage|p1a: Spinblocker?|45/100|[from] Sandstorm
|-heal|p2a: Blissey|74/100|[from] item: Leftovers
|-heal|p1a: Spinblocker?|51/100|[from] item: Leftovers
|upkeep
|turn|83
|
|t:|1728941717
|switch|p2a: Jirachi|Jirachi|21/100 frz
|move|p1a: Spinblocker?|Seismic Toss|p2a: Jirachi
|-damage|p2a: Jirachi|0 fnt
|faint|p2a: Jirachi
|
|t:|1728941735
|switch|p2a: Blissey|Blissey, F|74/100
|
|-weather|Sandstorm|[upkeep]
|-damage|p2a: Blissey|68/100|[from] Sandstorm
|-damage|p1a: Spinblocker?|45/100|[from] Sandstorm
|-heal|p2a: Blissey|74/100|[from] item: Leftovers
|-heal|p1a: Spinblocker?|51/100|[from] item: Leftovers
|upkeep
|turn|84
|
|t:|1728941738
|move|p2a: Blissey|Thunder Wave|p1a: Spinblocker?
|-status|p1a: Spinblocker?|par
|cant|p1a: Spinblocker?|par
|
|-weather|Sandstorm|[upkeep]
|-damage|p2a: Blissey|68/100|[from] Sandstorm
|-damage|p1a: Spinblocker?|45/100 par|[from] Sandstorm
|-heal|p2a: Blissey|74/100|[from] item: Leftovers
|-heal|p1a: Spinblocker?|51/100 par|[from] item: Leftovers
|upkeep
|turn|85
|c|☆Hykari|That freeze was big
|
|t:|1728941748
|move|p2a: Blissey|Seismic Toss|p1a: Spinblocker?
|-damage|p1a: Spinblocker?|36/100 par
|move|p1a: Spinblocker?|Soft-Boiled|p1a: Spinblocker?
|-heal|p1a: Spinblocker?|86/100 par
|
|-weather|Sandstorm|[upkeep]
|-damage|p2a: Blissey|68/100|[from] Sandstorm
|-damage|p1a: Spinblocker?|80/100 par|[from] Sandstorm
|-heal|p2a: Blissey|74/100|[from] item: Leftovers
|-heal|p1a: Spinblocker?|86/100 par|[from] item: Leftovers
|upkeep
|turn|86
|c|☆Deezcastforms|so was everything you got on my hp fire forretress
|c|☆Hykari|true
|inactive|Deezcastforms has 90 seconds left.
|
|t:|1728941779
|move|p2a: Blissey|Seismic Toss|p1a: Spinblocker?
|-damage|p1a: Spinblocker?|71/100 par
|move|p1a: Spinblocker?|Seismic Toss|p2a: Blissey
|-damage|p2a: Blissey|59/100
|
|-weather|Sandstorm|[upkeep]
|-damage|p2a: Blissey|52/100|[from] Sandstorm
|-damage|p1a: Spinblocker?|65/100 par|[from] Sandstorm
|-heal|p2a: Blissey|59/100|[from] item: Leftovers
|-heal|p1a: Spinblocker?|71/100 par|[from] item: Leftovers
|upkeep
|turn|87
|c|☆Hykari|My forre still could have spun away the spikes without the paras
|
|t:|1728941795
|move|p2a: Blissey|Soft-Boiled|p2a: Blissey
|-heal|p2a: Blissey|100/100
|cant|p1a: Spinblocker?|par
|
|-weather|Sandstorm|[upkeep]
|-damage|p2a: Blissey|94/100|[from] Sandstorm
|-damage|p1a: Spinblocker?|65/100 par|[from] Sandstorm
|-heal|p2a: Blissey|100/100|[from] item: Leftovers
|-heal|p1a: Spinblocker?|71/100 par|[from] item: Leftovers
|upkeep
|turn|88
|inactive|Deezcastforms has 90 seconds left.
|
|t:|1728941820
|move|p2a: Blissey|Seismic Toss|p1a: Spinblocker?
|-damage|p1a: Spinblocker?|56/100 par
|cant|p1a: Spinblocker?|par
|
|-weather|Sandstorm|[upkeep]
|-damage|p2a: Blissey|94/100|[from] Sandstorm
|-damage|p1a: Spinblocker?|50/100 par|[from] Sandstorm
|-heal|p2a: Blissey|100/100|[from] item: Leftovers
|-heal|p1a: Spinblocker?|56/100 par|[from] item: Leftovers
|upkeep
|turn|89
|
|t:|1728941826
|move|p2a: Blissey|Seismic Toss|p1a: Spinblocker?
|-damage|p1a: Spinblocker?|41/100 par
|move|p1a: Spinblocker?|Soft-Boiled|p1a: Spinblocker?
|-heal|p1a: Spinblocker?|91/100 par
|
|-weather|Sandstorm|[upkeep]
|-damage|p2a: Blissey|94/100|[from] Sandstorm
|-damage|p1a: Spinblocker?|85/100 par|[from] Sandstorm
|-heal|p2a: Blissey|100/100|[from] item: Leftovers
|-heal|p1a: Spinblocker?|91/100 par|[from] item: Leftovers
|upkeep
|turn|90
|
|t:|1728941833
|move|p2a: Blissey|Seismic Toss|p1a: Spinblocker?
|-damage|p1a: Spinblocker?|76/100 par
|move|p1a: Spinblocker?|Seismic Toss|p2a: Blissey
|-damage|p2a: Blissey|85/100
|
|-weather|Sandstorm|[upkeep]
|-damage|p2a: Blissey|79/100|[from] Sandstorm
|-damage|p1a: Spinblocker?|70/100 par|[from] Sandstorm
|-heal|p2a: Blissey|85/100|[from] item: Leftovers
|-heal|p1a: Spinblocker?|76/100 par|[from] item: Leftovers
|upkeep
|turn|91
|
|t:|1728941840
|move|p2a: Blissey|Seismic Toss|p1a: Spinblocker?
|-damage|p1a: Spinblocker?|61/100 par
|move|p1a: Spinblocker?|Soft-Boiled|p1a: Spinblocker?
|-heal|p1a: Spinblocker?|100/100 par
|
|-weather|Sandstorm|[upkeep]
|-damage|p2a: Blissey|79/100|[from] Sandstorm
|-damage|p1a: Spinblocker?|94/100 par|[from] Sandstorm
|-heal|p2a: Blissey|85/100|[from] item: Leftovers
|-heal|p1a: Spinblocker?|100/100 par|[from] item: Leftovers
|upkeep
|turn|92
|
|t:|1728941847
|move|p2a: Blissey|Seismic Toss|p1a: Spinblocker?
|-damage|p1a: Spinblocker?|86/100 par
|move|p1a: Spinblocker?|Toxic|p2a: Blissey|[miss]
|-miss|p1a: Spinblocker?|p2a: Blissey
|
|-weather|Sandstorm|[upkeep]
|-damage|p2a: Blissey|79/100|[from] Sandstorm
|-damage|p1a: Spinblocker?|79/100 par|[from] Sandstorm
|-heal|p2a: Blissey|85/100|[from] item: Leftovers
|-heal|p1a: Spinblocker?|86/100 par|[from] item: Leftovers
|upkeep
|turn|93
|
|t:|1728941854
|switch|p2a: Forretress|Forretress, F|42/100
|cant|p1a: Spinblocker?|par
|
|-weather|Sandstorm|[upkeep]
|-damage|p1a: Spinblocker?|79/100 par|[from] Sandstorm
|-heal|p2a: Forretress|48/100|[from] item: Leftovers
|-heal|p1a: Spinblocker?|86/100 par|[from] item: Leftovers
|upkeep
|turn|94
|inactive|Deezcastforms has 120 seconds left.
|
|t:|1728941870
|switch|p2a: Blissey|Blissey, F|85/100
|-curestatus|p1a: Spinblocker?|par|[from] ability: Natural Cure
|switch|p1a: In the Bactyl|Aerodactyl, F|100/100
|
|-weather|Sandstorm|[upkeep]
|-damage|p2a: Blissey|79/100|[from] Sandstorm
|-heal|p2a: Blissey|85/100|[from] item: Leftovers
|upkeep
|turn|95
|
|t:|1728941882
|switch|p1a: Spinblocker?|Blissey, F|86/100
|-damage|p1a: Spinblocker?|61/100|[from] Spikes
|move|p2a: Blissey|Thunder Wave|p1a: Spinblocker?
|-status|p1a: Spinblocker?|par
|
|-weather|Sandstorm|[upkeep]
|-damage|p2a: Blissey|79/100|[from] Sandstorm
|-damage|p1a: Spinblocker?|55/100 par|[from] Sandstorm
|-heal|p2a: Blissey|85/100|[from] item: Leftovers
|-heal|p1a: Spinblocker?|61/100 par|[from] item: Leftovers
|upkeep
|turn|96
|inactive|Deezcastforms has 120 seconds left.
|
|t:|1728941892
|move|p2a: Blissey|Seismic Toss|p1a: Spinblocker?
|-damage|p1a: Spinblocker?|46/100 par
|move|p1a: Spinblocker?|Soft-Boiled|p1a: Spinblocker?
|-heal|p1a: Spinblocker?|96/100 par
|
|-weather|Sandstorm|[upkeep]
|-damage|p2a: Blissey|79/100|[from] Sandstorm
|-damage|p1a: Spinblocker?|90/100 par|[from] Sandstorm
|-heal|p2a: Blissey|85/100|[from] item: Leftovers
|-heal|p1a: Spinblocker?|96/100 par|[from] item: Leftovers
|upkeep
|turn|97
|
|t:|1728941898
|move|p2a: Blissey|Seismic Toss|p1a: Spinblocker?
|-damage|p1a: Spinblocker?|81/100 par
|cant|p1a: Spinblocker?|par
|
|-weather|Sandstorm|[upkeep]
|-damage|p2a: Blissey|79/100|[from] Sandstorm
|-damage|p1a: Spinblocker?|75/100 par|[from] Sandstorm
|-heal|p2a: Blissey|85/100|[from] item: Leftovers
|-heal|p1a: Spinblocker?|81/100 par|[from] item: Leftovers
|upkeep
|turn|98
|
|t:|1728941902
|move|p2a: Blissey|Seismic Toss|p1a: Spinblocker?
|-damage|p1a: Spinblocker?|66/100 par
|move|p1a: Spinblocker?|Toxic|p2a: Blissey
|-status|p2a: Blissey|tox
|
|-weather|Sandstorm|[upkeep]
|-damage|p2a: Blissey|79/100 tox|[from] Sandstorm
|-damage|p1a: Spinblocker?|60/100 par|[from] Sandstorm
|-heal|p2a: Blissey|85/100 tox|[from] item: Leftovers
|-damage|p2a: Blissey|79/100 tox|[from] psn
|-heal|p1a: Spinblocker?|66/100 par|[from] item: Leftovers
|upkeep
|turn|99
|
|t:|1728941911
|-curestatus|p2a: Blissey|tox|[from] ability: Natural Cure
|switch|p2a: Forretress|Forretress, F|48/100
|cant|p1a: Spinblocker?|par
|
|-weather|Sandstorm|[upkeep]
|-damage|p1a: Spinblocker?|60/100 par|[from] Sandstorm
|-heal|p2a: Forretress|54/100|[from] item: Leftovers
|-heal|p1a: Spinblocker?|66/100 par|[from] item: Leftovers
|upkeep
|turn|100
|
|t:|1728941926
|switch|p2a: Zapdos|Zapdos|49/100
|-curestatus|p1a: Spinblocker?|par|[from] ability: Natural Cure
|switch|p1a: In the Bactyl|Aerodactyl, F|100/100
|
|-weather|Sandstorm|[upkeep]
|-damage|p2a: Zapdos|43/100|[from] Sandstorm
|-heal|p2a: Zapdos|49/100|[from] item: Leftovers
|upkeep
|turn|101
|
|t:|1728941944
|switch|p2a: Forretress|Forretress, F|54/100
|move|p1a: In the Bactyl|Rock Slide|p2a: Forretress
|-damage|p2a: Forretress|21/100
|
|-weather|Sandstorm|[upkeep]
|-heal|p2a: Forretress|27/100|[from] item: Leftovers
|upkeep
|turn|102
|
|t:|1728941953
|move|p1a: In the Bactyl|Rock Slide|p2a: Forretress
|-damage|p2a: Forretress|0 fnt
|faint|p2a: Forretress
|
|t:|1728941954
|switch|p2a: Blissey|Blissey, F|79/100
|
|-weather|Sandstorm|[upkeep]
|-damage|p2a: Blissey|73/100|[from] Sandstorm
|-heal|p2a: Blissey|79/100|[from] item: Leftovers
|upkeep
|turn|103
|inactive|Deezcastforms has 150 seconds left.
|
|t:|1728941968
|switch|p1a: Spinblocker?|Blissey, F|66/100
|-damage|p1a: Spinblocker?|41/100|[from] Spikes
|move|p2a: Blissey|Thunder Wave|p1a: Spinblocker?
|-status|p1a: Spinblocker?|par
|
|-weather|Sandstorm|[upkeep]
|-damage|p2a: Blissey|73/100|[from] Sandstorm
|-damage|p1a: Spinblocker?|35/100 par|[from] Sandstorm
|-heal|p2a: Blissey|79/100|[from] item: Leftovers
|-heal|p1a: Spinblocker?|41/100 par|[from] item: Leftovers
|upkeep
|turn|104
|
|t:|1728941972
|move|p2a: Blissey|Seismic Toss|p1a: Spinblocker?
|-damage|p1a: Spinblocker?|26/100 par
|move|p1a: Spinblocker?|Soft-Boiled|p1a: Spinblocker?
|-heal|p1a: Spinblocker?|76/100 par
|
|-weather|Sandstorm|[upkeep]
|-damage|p2a: Blissey|73/100|[from] Sandstorm
|-damage|p1a: Spinblocker?|70/100 par|[from] Sandstorm
|-heal|p2a: Blissey|79/100|[from] item: Leftovers
|-heal|p1a: Spinblocker?|76/100 par|[from] item: Leftovers
|upkeep
|turn|105
|
|t:|1728941982
|move|p2a: Blissey|Seismic Toss|p1a: Spinblocker?
|-damage|p1a: Spinblocker?|61/100 par
|move|p1a: Spinblocker?|Toxic|p2a: Blissey
|-status|p2a: Blissey|tox
|
|-weather|Sandstorm|[upkeep]
|-damage|p2a: Blissey|73/100 tox|[from] Sandstorm
|-damage|p1a: Spinblocker?|55/100 par|[from] Sandstorm
|-heal|p2a: Blissey|79/100 tox|[from] item: Leftovers
|-damage|p2a: Blissey|73/100 tox|[from] psn
|-heal|p1a: Spinblocker?|61/100 par|[from] item: Leftovers
|upkeep
|turn|106
|
|t:|1728941992
|move|p2a: Blissey|Ice Beam|p1a: Spinblocker?
|-damage|p1a: Spinblocker?|53/100 par
|cant|p1a: Spinblocker?|par
|
|-weather|Sandstorm|[upkeep]
|-damage|p2a: Blissey|67/100 tox|[from] Sandstorm
|-damage|p1a: Spinblocker?|47/100 par|[from] Sandstorm
|-heal|p2a: Blissey|73/100 tox|[from] item: Leftovers
|-damage|p2a: Blissey|61/100 tox|[from] psn
|-heal|p1a: Spinblocker?|53/100 par|[from] item: Leftovers
|upkeep
|turn|107
|
|t:|1728941999
|move|p2a: Blissey|Soft-Boiled|p2a: Blissey
|-heal|p2a: Blissey|100/100 tox
|move|p1a: Spinblocker?|Soft-Boiled|p1a: Spinblocker?
|-heal|p1a: Spinblocker?|100/100 par
|
|-weather|Sandstorm|[upkeep]
|-damage|p2a: Blissey|94/100 tox|[from] Sandstorm
|-damage|p1a: Spinblocker?|94/100 par|[from] Sandstorm
|-heal|p2a: Blissey|100/100 tox|[from] item: Leftovers
|-damage|p2a: Blissey|82/100 tox|[from] psn
|-heal|p1a: Spinblocker?|100/100 par|[from] item: Leftovers
|upkeep
|turn|108
|
|t:|1728942007
|-curestatus|p2a: Blissey|tox|[from] ability: Natural Cure
|switch|p2a: Zapdos|Zapdos|49/100
|move|p1a: Spinblocker?|Seismic Toss|p2a: Zapdos
|-damage|p2a: Zapdos|23/100
|
|-weather|Sandstorm|[upkeep]
|-damage|p2a: Zapdos|17/100|[from] Sandstorm
|-damage|p1a: Spinblocker?|94/100 par|[from] Sandstorm
|-heal|p2a: Zapdos|23/100|[from] item: Leftovers
|-heal|p1a: Spinblocker?|100/100 par|[from] item: Leftovers
|upkeep
|turn|109
|
|t:|1728942028
|move|p2a: Zapdos|Rest|p2a: Zapdos
|-status|p2a: Zapdos|slp|[from] move: Rest
|-heal|p2a: Zapdos|100/100 slp|[silent]
|cant|p1a: Spinblocker?|par
|
|-weather|Sandstorm|[upkeep]
|-damage|p2a: Zapdos|94/100 slp|[from] Sandstorm
|-damage|p1a: Spinblocker?|94/100 par|[from] Sandstorm
|-heal|p2a: Zapdos|100/100 slp|[from] item: Leftovers
|-heal|p1a: Spinblocker?|100/100 par|[from] item: Leftovers
|upkeep
|turn|110
|
|t:|1728942035
|cant|p2a: Zapdos|slp
|move|p2a: Zapdos|Sleep Talk|p2a: Zapdos
|move|p2a: Zapdos|Roar|p1a: Spinblocker?|[from]Sleep Talk
|-curestatus|p1a: Spinblocker?|par|[from] ability: Natural Cure
|drag|p1a: Tyrannical B.I.G.|Tyranitar, F|70/100 tox
|-damage|p1a: Tyrannical B.I.G.|45/100 tox|[from] Spikes
|
|-weather|Sandstorm|[upkeep]
|-damage|p2a: Zapdos|94/100 slp|[from] Sandstorm
|-heal|p2a: Zapdos|100/100 slp|[from] item: Leftovers
|-heal|p1a: Tyrannical B.I.G.|51/100 tox|[from] item: Leftovers
|-damage|p1a: Tyrannical B.I.G.|45/100 tox|[from] psn
|upkeep
|turn|111
|
|t:|1728942054
|cant|p2a: Zapdos|slp
|move|p2a: Zapdos|Sleep Talk|p2a: Zapdos
|move|p2a: Zapdos|Rest|p2a: Zapdos|[from]Sleep Talk
|move|p1a: Tyrannical B.I.G.|Pursuit|p2a: Zapdos
|-damage|p2a: Zapdos|88/100 slp
|
|-weather|Sandstorm|[upkeep]
|-damage|p2a: Zapdos|81/100 slp|[from] Sandstorm
|-heal|p2a: Zapdos|88/100 slp|[from] item: Leftovers
|-heal|p1a: Tyrannical B.I.G.|51/100 tox|[from] item: Leftovers
|-damage|p1a: Tyrannical B.I.G.|39/100 tox|[from] psn
|upkeep
|turn|112
|
|t:|1728942063
|-curestatus|p2a: Zapdos|slp|[msg]
|move|p2a: Zapdos|Thunderbolt|p1a: Tyrannical B.I.G.
|-damage|p1a: Tyrannical B.I.G.|6/100 tox
|move|p1a: Tyrannical B.I.G.|Ice Beam|p2a: Zapdos
|-supereffective|p2a: Zapdos
|-damage|p2a: Zapdos|46/100
|
|-weather|Sandstorm|[upkeep]
|-damage|p2a: Zapdos|39/100|[from] Sandstorm
|-heal|p2a: Zapdos|46/100|[from] item: Leftovers
|-heal|p1a: Tyrannical B.I.G.|12/100 tox|[from] item: Leftovers
|-damage|p1a: Tyrannical B.I.G.|0 fnt|[from] psn
|faint|p1a: Tyrannical B.I.G.
|upkeep
|
|t:|1728942069
|switch|p1a: In the Bactyl|Aerodactyl, F|100/100
|turn|113
|
|t:|1728942076
|move|p1a: In the Bactyl|Double-Edge|p2a: Zapdos
|-damage|p2a: Zapdos|0 fnt
|faint|p2a: Zapdos
|
|t:|1728942078
|switch|p2a: Blissey|Blissey, F|82/100
|
|-weather|Sandstorm|[upkeep]
|-damage|p2a: Blissey|76/100|[from] Sandstorm
|-heal|p2a: Blissey|82/100|[from] item: Leftovers
|upkeep
|turn|114
|inactive|Deezcastforms has 180 seconds left.
|
|t:|1728942085
|switch|p1a: Posted Up|Swampert, F|63/100
|-damage|p1a: Posted Up|38/100|[from] Spikes
|move|p2a: Blissey|Ice Beam|p1a: Posted Up
|-damage|p1a: Posted Up|16/100
|
|-weather|Sandstorm|[upkeep]
|-damage|p2a: Blissey|76/100|[from] Sandstorm
|-heal|p2a: Blissey|82/100|[from] item: Leftovers
|-heal|p1a: Posted Up|22/100|[from] item: Leftovers
|upkeep
|turn|115
|c|☆Deezcastforms|ggs
|
|t:|1728942094
|move|p2a: Blissey|Ice Beam|p1a: Posted Up
|-crit|p1a: Posted Up
|-damage|p1a: Posted Up|0 fnt
|faint|p1a: Posted Up
|
|t:|1728942097
|switch|p1a: Spinblocker?|Blissey, F|100/100
|-damage|p1a: Spinblocker?|76/100|[from] Spikes
|
|-weather|Sandstorm|[upkeep]
|-damage|p2a: Blissey|76/100|[from] Sandstorm
|-damage|p1a: Spinblocker?|70/100|[from] Sandstorm
|-heal|p2a: Blissey|82/100|[from] item: Leftovers
|-heal|p1a: Spinblocker?|76/100|[from] item: Leftovers
|upkeep
|turn|116
|c|☆Hykari|gg
|c|☆Hykari|wp
|
|t:|1728942107
|move|p2a: Blissey|Thunder Wave|p1a: Spinblocker?
|-status|p1a: Spinblocker?|par
|move|p1a: Spinblocker?|Toxic|p2a: Blissey
|-status|p2a: Blissey|tox
|
|-weather|Sandstorm|[upkeep]
|-damage|p2a: Blissey|76/100 tox|[from] Sandstorm
|-damage|p1a: Spinblocker?|70/100 par|[from] Sandstorm
|-heal|p2a: Blissey|82/100 tox|[from] item: Leftovers
|-damage|p2a: Blissey|76/100 tox|[from] psn
|-heal|p1a: Spinblocker?|76/100 par|[from] item: Leftovers
|upkeep
|turn|117
|c|☆Deezcastforms|wp
|inactive|Deezcastforms has 210 seconds left.
|
|t:|1728942113
|move|p2a: Blissey|Seismic Toss|p1a: Spinblocker?
|-damage|p1a: Spinblocker?|61/100 par
|cant|p1a: Spinblocker?|par
|
|-weather|Sandstorm|[upkeep]
|-damage|p2a: Blissey|70/100 tox|[from] Sandstorm
|-damage|p1a: Spinblocker?|55/100 par|[from] Sandstorm
|-heal|p2a: Blissey|76/100 tox|[from] item: Leftovers
|-damage|p2a: Blissey|64/100 tox|[from] psn
|-heal|p1a: Spinblocker?|61/100 par|[from] item: Leftovers
|upkeep
|turn|118
|
|t:|1728942117
|move|p2a: Blissey|Seismic Toss|p1a: Spinblocker?
|-damage|p1a: Spinblocker?|46/100 par
|move|p1a: Spinblocker?|Soft-Boiled|p1a: Spinblocker?
|-heal|p1a: Spinblocker?|96/100 par
|
|-weather|Sandstorm|[upkeep]
|-damage|p2a: Blissey|57/100 tox|[from] Sandstorm
|-damage|p1a: Spinblocker?|90/100 par|[from] Sandstorm
|-heal|p2a: Blissey|64/100 tox|[from] item: Leftovers
|-damage|p2a: Blissey|45/100 tox|[from] psn
|-heal|p1a: Spinblocker?|96/100 par|[from] item: Leftovers
|upkeep
|turn|119
|
|t:|1728942122
|move|p2a: Blissey|Soft-Boiled|p2a: Blissey
|-heal|p2a: Blissey|95/100 tox
|move|p1a: Spinblocker?|Soft-Boiled|p1a: Spinblocker?
|-heal|p1a: Spinblocker?|100/100 par
|
|-weather|Sandstorm|[upkeep]
|-damage|p2a: Blissey|89/100 tox|[from] Sandstorm
|-damage|p1a: Spinblocker?|94/100 par|[from] Sandstorm
|-heal|p2a: Blissey|95/100 tox|[from] item: Leftovers
|-damage|p2a: Blissey|71/100 tox|[from] psn
|-heal|p1a: Spinblocker?|100/100 par|[from] item: Leftovers
|upkeep
|turn|120
|
|t:|1728942129
|move|p2a: Blissey|Seismic Toss|p1a: Spinblocker?
|-damage|p1a: Spinblocker?|86/100 par
|move|p1a: Spinblocker?|Seismic Toss|p2a: Blissey
|-damage|p2a: Blissey|55/100 tox
|
|-weather|Sandstorm|[upkeep]
|-damage|p2a: Blissey|49/100 tox|[from] Sandstorm
|-damage|p1a: Spinblocker?|79/100 par|[from] Sandstorm
|-heal|p2a: Blissey|55/100 tox|[from] item: Leftovers
|-damage|p2a: Blissey|24/100 tox|[from] psn
|-heal|p1a: Spinblocker?|86/100 par|[from] item: Leftovers
|upkeep
|turn|121
|
|t:|1728942135
|move|p2a: Blissey|Soft-Boiled|p2a: Blissey
|-heal|p2a: Blissey|74/100 tox
|move|p1a: Spinblocker?|Seismic Toss|p2a: Blissey
|-damage|p2a: Blissey|59/100 tox
|
|-weather|Sandstorm|[upkeep]
|-damage|p2a: Blissey|53/100 tox|[from] Sandstorm
|-damage|p1a: Spinblocker?|79/100 par|[from] Sandstorm
|-heal|p2a: Blissey|59/100 tox|[from] item: Leftovers
|-damage|p2a: Blissey|22/100 tox|[from] psn
|-heal|p1a: Spinblocker?|86/100 par|[from] item: Leftovers
|upkeep
|turn|122
|
|t:|1728942144
|move|p2a: Blissey|Soft-Boiled|p2a: Blissey
|-heal|p2a: Blissey|72/100 tox
|move|p1a: Spinblocker?|Seismic Toss|p2a: Blissey
|-damage|p2a: Blissey|57/100 tox
|
|-weather|Sandstorm|[upkeep]
|-damage|p2a: Blissey|51/100 tox|[from] Sandstorm
|-damage|p1a: Spinblocker?|79/100 par|[from] Sandstorm
|-heal|p2a: Blissey|57/100 tox|[from] item: Leftovers
|-damage|p2a: Blissey|14/100 tox|[from] psn
|-heal|p1a: Spinblocker?|86/100 par|[from] item: Leftovers
|upkeep
|turn|123
|
|t:|1728942150
|move|p2a: Blissey|Soft-Boiled|p2a: Blissey
|-heal|p2a: Blissey|64/100 tox
|cant|p1a: Spinblocker?|par
|
|-weather|Sandstorm|[upkeep]
|-damage|p2a: Blissey|57/100 tox|[from] Sandstorm
|-damage|p1a: Spinblocker?|79/100 par|[from] Sandstorm
|-heal|p2a: Blissey|64/100 tox|[from] item: Leftovers
|-damage|p2a: Blissey|14/100 tox|[from] psn
|-heal|p1a: Spinblocker?|86/100 par|[from] item: Leftovers
|upkeep
|turn|124
|
|t:|1728942156
|move|p2a: Blissey|Soft-Boiled|p2a: Blissey
|-heal|p2a: Blissey|64/100 tox
|move|p1a: Spinblocker?|Seismic Toss|p2a: Blissey
|-damage|p2a: Blissey|49/100 tox
|
|-weather|Sandstorm|[upkeep]
|-damage|p2a: Blissey|43/100 tox|[from] Sandstorm
|-damage|p1a: Spinblocker?|79/100 par|[from] Sandstorm
|-heal|p2a: Blissey|49/100 tox|[from] item: Leftovers
|-damage|p2a: Blissey|0 fnt|[from] psn
|faint|p2a: Blissey
|
|win|Deezcastforms
|upkeep
|c|☆Hykari|Did you get the replays for all of the games?
|c|☆Hykari|I just checked the calc. Tar would have lived Mence's BB without both crits and killed with counter
|c|☆Hykari|That was a close game
|c|☆Hykari|gg

</script>
<script type="application/json" class="data" id="replaydata-smogtours-gen3ou-798773">
{"id":"smogtours-gen3ou-798773","format":"[Gen 3] OU","players":["Deezcastforms","Hykari"],"uploadtime":1728942156,"views":169,"formatid":"gen3ou","rating":null,"private":0,"password":null}
</script>

<script defer src="js/replays.js?9d40a366"></script>
