<!DOCTYPE html>
<meta charset="utf-8" />
<meta name="viewport" content="width=device-width" />

<title>[Gen 3] OU: RaskaPork vs. Sotina - Replays - Pok&eacute;mon Showdown!</title>

<meta name="description" content="Watch a replay of a Pok&eacute;mon battle between RaskaPork and Sotina! Format: [Gen 3] OU; Date: Oct 6, 2024" />
<!--

Hey, you! Looking in the source for the replay log?

You can find them in JSON format, just add `.json` at the end of a replay URL.

https://replay.pokemonshowdown.com/gen7randomdoublesbattle-865046831.json

Or, if you only need the log itself, add `.log` instead:

https://replay.pokemonshowdown.com/gen7randomdoublesbattle-865046831.log

-->

<link rel="stylesheet" href="//pokemonshowdown.com/style/global.css?0.767286132409787" />
<link rel="stylesheet" href="//play.pokemonshowdown.com/style/font-awesome.css?0.9266228007934947" />
<link rel="stylesheet" href="//play.pokemonshowdown.com/style/battle.css?0.7924700842790926" />
<link rel="stylesheet" href="//play.pokemonshowdown.com/style/utilichart.css?0.8777417872839479" />

<!-- Global site tag (gtag.js) - Google Analytics -->
<script async src="https://www.googletagmanager.com/gtag/js?id=UA-26211653-1"></script>
<script>
  window.dataLayer = window.dataLayer || [];
  function gtag(){dataLayer.push(arguments);}
  gtag('js', new Date());

  gtag('config', 'UA-26211653-1');
</script>
<!-- End Google Analytics -->
<!-- Venatus Ad Manager - Install in <HEAD> of page -->
	<script src="https://hb.vntsm.com/v3/live/ad-manager.min.js" type="text/javascript" data-site-id="642aba63ec9a7b11c3c9c1be" data-mode="scan" async></script>
<!-- / Venatus Ad Manager -->

<style>
	@media (max-width:820px) {
		.battle {
			margin: 0 auto;
		}
		.battle-log {
			margin: 7px auto 0;
			max-width: 640px;
			height: 300px;
			position: static;
		}
	}
	.optgroup {
		display: inline-block;
		line-height: 22px;
		font-size: 10pt;
	}
	.optgroup .button {
		height: 25px;
		padding-top: 0;
		padding-bottom: 0;
	}
	.optgroup button.button {
		padding-left: 12px;
		padding-right: 12px;
	}
	.linklist {
		list-style: none;
		margin: 0.5em 0;
		padding: 0;
	}
	.linklist li {
		padding: 2px 0;
	}
	.sidebar {
		float: left;
		width: 320px;
	}
	.bar-wrapper {
		max-width: 1100px;
		margin: 0 auto;
	}
	.bar-wrapper.has-sidebar {
		max-width: 1430px;
	}
	.mainbar {
		margin: 0;
		padding-right: 1px;
	}
	.mainbar.has-sidebar {
		margin-left: 330px;
	}
	@media (min-width: 1511px) {
		.sidebar {
			width: 400px;
		}
		.bar-wrapper.has-sidebar {
			max-width: 1510px;
		}
		.mainbar.has-sidebar {
			margin-left: 410px;
		}
	}
	.section.first-section {
		margin-top: 9px;
	}
	.blocklink small {
		white-space: normal;
	}
	.button {
		vertical-align: middle;
	}
	.replay-controls {
		padding-top: 10px;
	}
	.replay-controls h1 {
		font-size: 16pt;
		font-weight: normal;
		color: #CCC;
	}
	.pagelink {
		text-align: center;
	}
	.pagelink a {
		width: 150px;
	}
	.textbox, .button {
		font-size: 11pt;
		vertical-align: middle;
	}
	@media (max-width: 450px) {
		.button {
			font-size: 9pt;
		}
	}
</style>

<div>

	<header>
		<div class="nav-wrapper"><ul class="nav">
			<li><a class="button nav-first" href="//pokemonshowdown.com/"><img src="//pokemonshowdown.com/images/pokemonshowdownbeta.png" srcset="//pokemonshowdown.com/images/pokemonshowdownbeta.png 1x, //pokemonshowdown.com/images/pokemonshowdownbeta@2x.png 2x" alt="Pok&eacute;mon Showdown" width="146" height="44" /> Home</a></li>
			<li><a class="button" href="//pokemonshowdown.com/dex/">Pok&eacute;dex</a></li>
			<li><a class="button cur" href="/">Replays</a></li>
			<li><a class="button" href="//pokemonshowdown.com/ladder/">Ladder</a></li>
			<li><a class="button nav-last" href="//pokemonshowdown.com/forums/">Forum</a></li>
			<li><a class="button greenbutton nav-first nav-last" href="//play.pokemonshowdown.com/">Play</a></li>
		</ul></div>
	</header>

	<div class="main" id="main">

		<noscript><section class="section">You need to enable JavaScript to use this page; sorry!</section></noscript>

	</div>

</div>

<script defer nomodule src="//play.pokemonshowdown.com/js/lib/ps-polyfill.js"></script>
<script defer src="//play.pokemonshowdown.com/js/lib/preact.min.js"></script>

<script defer src="//play.pokemonshowdown.com/config/config.js?6dec07f6"></script>
<script defer src="//play.pokemonshowdown.com/js/lib/jquery-1.11.0.min.js"></script>
<script defer src="//play.pokemonshowdown.com/js/lib/html-sanitizer-minified.js"></script>
<script defer src="//play.pokemonshowdown.com/js/battle-sound.js"></script>
<script defer src="//play.pokemonshowdown.com/js/battledata.js?0.6315294753075389"></script>
<script defer src="//play.pokemonshowdown.com/data/pokedex-mini.js?0.7603743185311358"></script>
<script defer src="//play.pokemonshowdown.com/data/pokedex-mini-bw.js?0.030888842834281283"></script>
<script defer src="//play.pokemonshowdown.com/data/graphics.js?0.05593094747507488"></script>
<script defer src="//play.pokemonshowdown.com/data/pokedex.js?0.47064822249611904"></script>
<script defer src="//play.pokemonshowdown.com/data/moves.js?0.8583693120512459"></script>
<script defer src="//play.pokemonshowdown.com/data/abilities.js?0.16017181182386842"></script>
<script defer src="//play.pokemonshowdown.com/data/items.js?0.4163379185673943"></script>
<script defer src="//play.pokemonshowdown.com/data/teambuilder-tables.js?0.31075597372830477"></script>
<script defer src="//play.pokemonshowdown.com/js/battle-tooltips.js?0.6536193500708172"></script>
<script defer src="//play.pokemonshowdown.com/js/battle.js?0.1916591943277901"></script>

<script defer src="js/utils.js?e31f9a17"></script>
<script defer src="js/replays-battle.js?7008c182"></script>

<!-- don't scrape this data! just add .json or .log after the URL!
Full API docs: https://github.com/smogon/pokemon-showdown-client/blob/master/WEB-API.md -->
<script type="text/plain" class="log" id="replaylog-smogtours-gen3ou-795428">
|inactive|Battle timer is ON: inactive players will automatically lose when time's up.
|t:|1728187136
|gametype|singles
|player|p1|RaskaPork|ingo|
|player|p2|Sotina|furisodegirl-black|
|teamsize|p1|6
|teamsize|p2|6
|gen|3
|tier|[Gen 3] OU
|rule|Sleep Clause Mod: Limit one foe put to sleep
|rule|Switch Priority Clause Mod: Faster Pokémon switch first
|rule|Species Clause: Limit one of each Pokémon
|rule|OHKO Clause: OHKO moves are banned
|rule|Evasion Items Clause: Evasion items are banned
|rule|Evasion Moves Clause: Evasion moves are banned
|rule|Endless Battle Clause: Forcing endless battles is banned
|rule|HP Percentage Mod: HP is shown in percentages
|rule|One Boost Passer Clause: Limit one Baton Passer that has a way to boost its stats
|rule|Freeze Clause Mod: Limit one foe frozen
|
|t:|1728187136
|start
|switch|p1a: Suicune|Suicune|100/100
|switch|p2a: Skarmory|Skarmory, M|100/100
|turn|1
|
|t:|1728187143
|switch|p1a: Magneton|Magneton|100/100
|switch|p2a: Celebi|Celebi|100/100
|
|upkeep
|turn|2
|
|t:|1728187152
|switch|p1a: Snorlax|Snorlax, F|100/100
|move|p2a: Celebi|Leech Seed|p1a: Snorlax
|-start|p1a: Snorlax|move: Leech Seed
|
|-damage|p1a: Snorlax|88/100|[from] Leech Seed|[of] p2a: Celebi
|upkeep
|turn|3
|
|t:|1728187159
|switch|p2a: Swampert|Swampert, M|100/100
|move|p1a: Snorlax|Body Slam|p2a: Swampert
|-damage|p2a: Swampert|75/100
|
|-heal|p2a: Swampert|81/100|[from] item: Leftovers
|-heal|p1a: Snorlax|94/100|[from] item: Leftovers
|-damage|p1a: Snorlax|82/100|[from] Leech Seed|[of] p2a: Swampert
|-heal|p2a: Swampert|96/100|[silent]
|upkeep
|turn|4
|
|t:|1728187169
|switch|p1a: Suicune|Suicune|100/100
|move|p2a: Swampert|Earthquake|p1a: Suicune
|-damage|p1a: Suicune|73/100
|
|-heal|p1a: Suicune|79/100|[from] item: Leftovers
|-heal|p2a: Swampert|100/100|[from] item: Leftovers
|upkeep
|turn|5
|
|t:|1728187177
|switch|p2a: Celebi|Celebi|100/100
|move|p1a: Suicune|Ice Beam|p2a: Celebi
|-supereffective|p2a: Celebi
|-damage|p2a: Celebi|60/100
|
|-heal|p1a: Suicune|85/100|[from] item: Leftovers
|-heal|p2a: Celebi|66/100|[from] item: Leftovers
|upkeep
|turn|6
|
|t:|1728187185
|move|p1a: Suicune|Substitute|p1a: Suicune
|-start|p1a: Suicune|Substitute
|-damage|p1a: Suicune|60/100
|move|p2a: Celebi|Recover|p2a: Celebi
|-heal|p2a: Celebi|100/100
|
|-heal|p1a: Suicune|66/100|[from] item: Leftovers
|upkeep
|turn|7
|
|t:|1728187195
|move|p1a: Suicune|Calm Mind|p1a: Suicune
|-boost|p1a: Suicune|spa|1
|-boost|p1a: Suicune|spd|1
|move|p2a: Celebi|Perish Song|p2a: Celebi
|-start|p1a: Suicune|perish3|[silent]
|-start|p2a: Celebi|perish3|[silent]
|-fieldactivate|move: Perish Song
|
|-heal|p1a: Suicune|72/100|[from] item: Leftovers
|-start|p1a: Suicune|perish3
|-start|p2a: Celebi|perish3
|upkeep
|turn|8
|
|t:|1728187213
|switch|p2a: Blissey|Blissey, F|100/100
|move|p1a: Suicune|Surf|p2a: Blissey
|-damage|p2a: Blissey|79/100
|
|-heal|p1a: Suicune|78/100|[from] item: Leftovers
|-heal|p2a: Blissey|85/100|[from] item: Leftovers
|-start|p1a: Suicune|perish2
|upkeep
|turn|9
|
|t:|1728187228
|switch|p1a: Metagross|Metagross|100/100
|move|p2a: Blissey|Seismic Toss|p1a: Metagross
|-damage|p1a: Metagross|70/100
|
|-heal|p2a: Blissey|91/100|[from] item: Leftovers
|upkeep
|turn|10
|
|t:|1728187240
|switch|p2a: Skarmory|Skarmory, M|100/100
|move|p1a: Metagross|Meteor Mash|p2a: Skarmory
|-resisted|p2a: Skarmory
|-damage|p2a: Skarmory|67/100
|
|-heal|p2a: Skarmory|73/100|[from] item: Leftovers
|upkeep
|turn|11
|
|t:|1728187250
|switch|p1a: Magneton|Magneton|100/100
|move|p2a: Skarmory|Roar|p1a: Magneton
|drag|p1a: Heracross|Heracross, F|100/100
|
|-heal|p2a: Skarmory|79/100|[from] item: Leftovers
|upkeep
|turn|12
|
|t:|1728187258
|switch|p1a: Magneton|Magneton|100/100
|switch|p2a: Swampert|Swampert, M|100/100
|
|upkeep
|turn|13
|
|t:|1728187271
|switch|p1a: Heracross|Heracross, F|100/100
|switch|p2a: Celebi|Celebi|100/100
|
|upkeep
|turn|14
|
|t:|1728187283
|switch|p2a: Swampert|Swampert, M|100/100
|move|p1a: Heracross|Substitute|p1a: Heracross
|-start|p1a: Heracross|Substitute
|-damage|p1a: Heracross|75/100
|
|upkeep
|turn|15
|
|t:|1728187290
|move|p1a: Heracross|Swords Dance|p1a: Heracross
|-boost|p1a: Heracross|atk|2
|move|p2a: Swampert|Curse|p2a: Swampert
|-unboost|p2a: Swampert|spe|1
|-boost|p2a: Swampert|atk|1
|-boost|p2a: Swampert|def|1
|
|upkeep
|turn|16
|
|t:|1728187294
|move|p1a: Heracross|Swords Dance|p1a: Heracross
|-boost|p1a: Heracross|atk|2
|move|p2a: Swampert|Curse|p2a: Swampert
|-unboost|p2a: Swampert|spe|1
|-boost|p2a: Swampert|atk|1
|-boost|p2a: Swampert|def|1
|
|upkeep
|turn|17
|
|t:|1728187300
|move|p1a: Heracross|Megahorn|p2a: Swampert
|-damage|p2a: Swampert|31/100
|move|p2a: Swampert|Curse|p2a: Swampert
|-unboost|p2a: Swampert|spe|1
|-boost|p2a: Swampert|atk|1
|-boost|p2a: Swampert|def|1
|
|-heal|p2a: Swampert|37/100|[from] item: Leftovers
|upkeep
|turn|18
|
|t:|1728187309
|move|p1a: Heracross|Megahorn|p2a: Swampert
|-damage|p2a: Swampert|0 fnt
|faint|p2a: Swampert
|
|t:|1728187312
|switch|p2a: Skarmory|Skarmory, M|79/100
|
|-heal|p2a: Skarmory|85/100|[from] item: Leftovers
|upkeep
|turn|19
|
|t:|1728187315
|move|p2a: Skarmory|Protect|p2a: Skarmory
|-singleturn|p2a: Skarmory|Protect
|move|p1a: Heracross|Rock Slide|p2a: Skarmory
|-activate|p2a: Skarmory|Protect
|
|-heal|p2a: Skarmory|91/100|[from] item: Leftovers
|upkeep
|turn|20
|
|t:|1728187320
|move|p1a: Heracross|Rock Slide|p2a: Skarmory
|-damage|p2a: Skarmory|31/100
|move|p2a: Skarmory|Roar|p1a: Heracross
|drag|p1a: Salamence|Salamence, M|100/100
|-ability|p1a: Salamence|Intimidate|boost
|-unboost|p2a: Skarmory|atk|1
|
|-heal|p2a: Skarmory|37/100|[from] item: Leftovers
|upkeep
|turn|21
|
|t:|1728187343
|switch|p2a: Blissey|Blissey, F|91/100
|move|p1a: Salamence|Brick Break|p2a: Blissey
|-supereffective|p2a: Blissey
|-damage|p2a: Blissey|54/100
|
|-heal|p2a: Blissey|61/100|[from] item: Leftovers
|upkeep
|turn|22
|
|t:|1728187352
|switch|p1a: Snorlax|Snorlax, F|82/100
|move|p2a: Blissey|Soft-Boiled|p2a: Blissey
|-heal|p2a: Blissey|100/100
|
|-heal|p1a: Snorlax|88/100|[from] item: Leftovers
|upkeep
|turn|23
|
|t:|1728187359
|-singleturn|p1a: Snorlax|move: Focus Punch
|move|p2a: Blissey|Thunder Wave|p1a: Snorlax
|-status|p1a: Snorlax|par
|move|p1a: Snorlax|Focus Punch|p2a: Blissey
|-supereffective|p2a: Blissey
|-crit|p2a: Blissey
|-damage|p2a: Blissey|0 fnt
|faint|p2a: Blissey
|
|t:|1728187368
|switch|p2a: Celebi|Celebi|100/100
|
|-heal|p1a: Snorlax|94/100 par|[from] item: Leftovers
|upkeep
|turn|24
|
|t:|1728187382
|move|p2a: Celebi|Leech Seed|p1a: Snorlax
|-start|p1a: Snorlax|move: Leech Seed
|cant|p1a: Snorlax|par
|
|-heal|p1a: Snorlax|100/100 par|[from] item: Leftovers
|-damage|p1a: Snorlax|88/100 par|[from] Leech Seed|[of] p2a: Celebi
|upkeep
|turn|25
|
|t:|1728187388
|switch|p1a: Heracross|Heracross, F|75/100
|move|p2a: Celebi|Hidden Power|p1a: Heracross
|-resisted|p1a: Heracross
|-crit|p1a: Heracross
|-damage|p1a: Heracross|46/100
|
|upkeep
|turn|26
|
|t:|1728187398
|switch|p1a: Magneton|Magneton|100/100
|switch|p2a: Skarmory|Skarmory, M|37/100
|
|-heal|p2a: Skarmory|43/100|[from] item: Leftovers
|upkeep
|turn|27
|
|t:|1728187402
|move|p2a: Skarmory|Protect|p2a: Skarmory
|-singleturn|p2a: Skarmory|Protect
|move|p1a: Magneton|Thunderbolt|p2a: Skarmory
|-activate|p2a: Skarmory|Protect
|
|-heal|p2a: Skarmory|49/100|[from] item: Leftovers
|upkeep
|turn|28
|
|t:|1728187410
|move|p1a: Magneton|Thunderbolt|p2a: Skarmory
|-supereffective|p2a: Skarmory
|-damage|p2a: Skarmory|0 fnt
|faint|p2a: Skarmory
|
|t:|1728187414
|switch|p2a: Aerodactyl|Aerodactyl, M|100/100
|
|upkeep
|turn|29
|
|t:|1728187420
|move|p2a: Aerodactyl|Earthquake|p1a: Magneton
|-supereffective|p1a: Magneton
|-damage|p1a: Magneton|0 fnt
|faint|p1a: Magneton
|
|t:|1728187424
|switch|p1a: Salamence|Salamence, M|100/100
|-ability|p1a: Salamence|Intimidate|boost
|-unboost|p2a: Aerodactyl|atk|1
|
|upkeep
|turn|30
|
|t:|1728187432
|switch|p2a: Celebi|Celebi|100/100
|move|p1a: Salamence|Fire Blast|p2a: Celebi
|-supereffective|p2a: Celebi
|-damage|p2a: Celebi|32/100
|
|-heal|p2a: Celebi|38/100|[from] item: Leftovers
|upkeep
|turn|31
|
|t:|1728187438
|move|p1a: Salamence|Fire Blast|p2a: Celebi
|-supereffective|p2a: Celebi
|-damage|p2a: Celebi|0 fnt
|faint|p2a: Celebi
|
|t:|1728187441
|switch|p2a: Aerodactyl|Aerodactyl, M|100/100
|
|upkeep
|turn|32
|
|t:|1728187450
|switch|p1a: Heracross|Heracross, F|46/100
|move|p2a: Aerodactyl|Rock Slide|p1a: Heracross
|-damage|p1a: Heracross|0 fnt
|faint|p1a: Heracross
|
|t:|1728187454
|switch|p1a: Snorlax|Snorlax, F|88/100 par
|
|-heal|p1a: Snorlax|94/100 par|[from] item: Leftovers
|upkeep
|turn|33
|
|t:|1728187460
|move|p2a: Aerodactyl|Rock Slide|p1a: Snorlax
|-damage|p1a: Snorlax|50/100 par
|move|p1a: Snorlax|Self-Destruct|p2a: Aerodactyl
|-resisted|p2a: Aerodactyl
|-damage|p2a: Aerodactyl|0 fnt
|faint|p1a: Snorlax
|faint|p2a: Aerodactyl
|
|t:|1728187468
|switch|p2a: Magneton|Magneton|100/100
|switch|p1a: Metagross|Metagross|70/100
|
|upkeep
|turn|34
|
|t:|1728187472
|move|p2a: Magneton|Substitute|p2a: Magneton
|-start|p2a: Magneton|Substitute
|-damage|p2a: Magneton|76/100
|move|p1a: Metagross|Earthquake|p2a: Magneton
|-supereffective|p2a: Magneton
|-end|p2a: Magneton|Substitute
|
|upkeep
|turn|35
|
|t:|1728187475
|move|p2a: Magneton|Thunderbolt|p1a: Metagross
|-crit|p1a: Metagross
|-damage|p1a: Metagross|0 fnt
|faint|p1a: Metagross
|
|t:|1728187478
|switch|p1a: Salamence|Salamence, M|100/100
|-ability|p1a: Salamence|Intimidate|boost
|-unboost|p2a: Magneton|atk|1
|
|upkeep
|turn|36
|
|t:|1728187482
|move|p1a: Salamence|Fire Blast|p2a: Magneton|[miss]
|-miss|p1a: Salamence|p2a: Magneton
|move|p2a: Magneton|Thunderbolt|p1a: Salamence
|-damage|p1a: Salamence|23/100
|
|-heal|p1a: Salamence|29/100|[from] item: Leftovers
|upkeep
|turn|37
|
|t:|1728187488
|move|p1a: Salamence|Fire Blast|p2a: Magneton
|-supereffective|p2a: Magneton
|-damage|p2a: Magneton|0 fnt
|faint|p2a: Magneton
|
|win|RaskaPork
|c|☆Sotina|gg
|c|☆RaskaPork|gg
|player|p1|
|player|p1|RaskaPork|ingo|

</script>
<script type="application/json" class="data" id="replaydata-smogtours-gen3ou-795428">
{"id":"smogtours-gen3ou-795428","format":"[Gen 3] OU","players":["RaskaPork","Sotina"],"uploadtime":1728187488,"views":109,"formatid":"gen3ou","rating":null,"private":0,"password":null}
</script>

<script defer src="js/replays.js?9d40a366"></script>
