<!DOCTYPE html>
<meta charset="utf-8" />
<meta name="viewport" content="width=device-width" />

<title>[Gen 3] OU: BL0X vs. 13ased - Replays - Pok&eacute;mon Showdown!</title>

<meta name="description" content="Watch a replay of a Pok&eacute;mon battle between BL0X and 13ased! Format: [Gen 3] OU; Date: Oct 3, 2024" />
<!--

Hey, you! Looking in the source for the replay log?

You can find them in JSON format, just add `.json` at the end of a replay URL.

https://replay.pokemonshowdown.com/gen7randomdoublesbattle-865046831.json

Or, if you only need the log itself, add `.log` instead:

https://replay.pokemonshowdown.com/gen7randomdoublesbattle-865046831.log

-->

<link rel="stylesheet" href="//pokemonshowdown.com/style/global.css?0.023195364461161105" />
<link rel="stylesheet" href="//play.pokemonshowdown.com/style/font-awesome.css?0.13261647063804238" />
<link rel="stylesheet" href="//play.pokemonshowdown.com/style/battle.css?0.8753245789963631" />
<link rel="stylesheet" href="//play.pokemonshowdown.com/style/utilichart.css?0.8627959624976733" />

<!-- Global site tag (gtag.js) - Google Analytics -->
<script async src="https://www.googletagmanager.com/gtag/js?id=UA-26211653-1"></script>
<script>
  window.dataLayer = window.dataLayer || [];
  function gtag(){dataLayer.push(arguments);}
  gtag('js', new Date());

  gtag('config', 'UA-26211653-1');
</script>
<!-- End Google Analytics -->
<!-- Venatus Ad Manager - Install in <HEAD> of page -->
	<script src="https://hb.vntsm.com/v3/live/ad-manager.min.js" type="text/javascript" data-site-id="642aba63ec9a7b11c3c9c1be" data-mode="scan" async></script>
<!-- / Venatus Ad Manager -->

<style>
	@media (max-width:820px) {
		.battle {
			margin: 0 auto;
		}
		.battle-log {
			margin: 7px auto 0;
			max-width: 640px;
			height: 300px;
			position: static;
		}
	}
	.optgroup {
		display: inline-block;
		line-height: 22px;
		font-size: 10pt;
	}
	.optgroup .button {
		height: 25px;
		padding-top: 0;
		padding-bottom: 0;
	}
	.optgroup button.button {
		padding-left: 12px;
		padding-right: 12px;
	}
	.linklist {
		list-style: none;
		margin: 0.5em 0;
		padding: 0;
	}
	.linklist li {
		padding: 2px 0;
	}
	.sidebar {
		float: left;
		width: 320px;
	}
	.bar-wrapper {
		max-width: 1100px;
		margin: 0 auto;
	}
	.bar-wrapper.has-sidebar {
		max-width: 1430px;
	}
	.mainbar {
		margin: 0;
		padding-right: 1px;
	}
	.mainbar.has-sidebar {
		margin-left: 330px;
	}
	@media (min-width: 1511px) {
		.sidebar {
			width: 400px;
		}
		.bar-wrapper.has-sidebar {
			max-width: 1510px;
		}
		.mainbar.has-sidebar {
			margin-left: 410px;
		}
	}
	.section.first-section {
		margin-top: 9px;
	}
	.blocklink small {
		white-space: normal;
	}
	.button {
		vertical-align: middle;
	}
	.replay-controls {
		padding-top: 10px;
	}
	.replay-controls h1 {
		font-size: 16pt;
		font-weight: normal;
		color: #CCC;
	}
	.pagelink {
		text-align: center;
	}
	.pagelink a {
		width: 150px;
	}
	.textbox, .button {
		font-size: 11pt;
		vertical-align: middle;
	}
	@media (max-width: 450px) {
		.button {
			font-size: 9pt;
		}
	}
</style>

<div>

	<header>
		<div class="nav-wrapper"><ul class="nav">
			<li><a class="button nav-first" href="//pokemonshowdown.com/"><img src="//pokemonshowdown.com/images/pokemonshowdownbeta.png" srcset="//pokemonshowdown.com/images/pokemonshowdownbeta.png 1x, //pokemonshowdown.com/images/pokemonshowdownbeta@2x.png 2x" alt="Pok&eacute;mon Showdown" width="146" height="44" /> Home</a></li>
			<li><a class="button" href="//pokemonshowdown.com/dex/">Pok&eacute;dex</a></li>
			<li><a class="button cur" href="/">Replays</a></li>
			<li><a class="button" href="//pokemonshowdown.com/ladder/">Ladder</a></li>
			<li><a class="button nav-last" href="//pokemonshowdown.com/forums/">Forum</a></li>
			<li><a class="button greenbutton nav-first nav-last" href="//play.pokemonshowdown.com/">Play</a></li>
		</ul></div>
	</header>

	<div class="main" id="main">

		<noscript><section class="section">You need to enable JavaScript to use this page; sorry!</section></noscript>

	</div>

</div>

<script defer nomodule src="//play.pokemonshowdown.com/js/lib/ps-polyfill.js"></script>
<script defer src="//play.pokemonshowdown.com/js/lib/preact.min.js"></script>

<script defer src="//play.pokemonshowdown.com/config/config.js?2bddbc15"></script>
<script defer src="//play.pokemonshowdown.com/js/lib/jquery-1.11.0.min.js"></script>
<script defer src="//play.pokemonshowdown.com/js/lib/html-sanitizer-minified.js"></script>
<script defer src="//play.pokemonshowdown.com/js/battle-sound.js"></script>
<script defer src="//play.pokemonshowdown.com/js/battledata.js?0.7209276989879541"></script>
<script defer src="//play.pokemonshowdown.com/data/pokedex-mini.js?0.6111056340867951"></script>
<script defer src="//play.pokemonshowdown.com/data/pokedex-mini-bw.js?0.3532142036491459"></script>
<script defer src="//play.pokemonshowdown.com/data/graphics.js?0.24223875632456182"></script>
<script defer src="//play.pokemonshowdown.com/data/pokedex.js?0.38839984266356864"></script>
<script defer src="//play.pokemonshowdown.com/data/moves.js?0.21866028504024015"></script>
<script defer src="//play.pokemonshowdown.com/data/abilities.js?0.2005157953846628"></script>
<script defer src="//play.pokemonshowdown.com/data/items.js?0.9894211263848525"></script>
<script defer src="//play.pokemonshowdown.com/data/teambuilder-tables.js?0.6008791140282215"></script>
<script defer src="//play.pokemonshowdown.com/js/battle-tooltips.js?0.7580118955022959"></script>
<script defer src="//play.pokemonshowdown.com/js/battle.js?0.6057722274234274"></script>

<script defer src="js/utils.js?e31f9a17"></script>
<script defer src="js/replays-battle.js?7008c182"></script>

<!-- don't scrape this data! just add .json or .log after the URL!
Full API docs: https://github.com/smogon/pokemon-showdown-client/blob/master/WEB-API.md -->
<script type="text/plain" class="log" id="replaylog-smogtours-gen3ou-794385">
|inactive|Battle timer is ON: inactive players will automatically lose when time's up.
|t:|1727989967
|gametype|singles
|player|p1|BL0X|koga|
|player|p2|13ased|ltsurge|
|teamsize|p1|6
|teamsize|p2|6
|gen|3
|tier|[Gen 3] OU
|rule|Sleep Clause Mod: Limit one foe put to sleep
|rule|Switch Priority Clause Mod: Faster Pokémon switch first
|rule|Species Clause: Limit one of each Pokémon
|rule|OHKO Clause: OHKO moves are banned
|rule|Evasion Items Clause: Evasion items are banned
|rule|Evasion Moves Clause: Evasion moves are banned
|rule|Endless Battle Clause: Forcing endless battles is banned
|rule|HP Percentage Mod: HP is shown in percentages
|rule|One Boost Passer Clause: Limit one Baton Passer that has a way to boost its stats
|rule|Freeze Clause Mod: Limit one foe frozen
|
|t:|1727989967
|start
|switch|p1a: Salamence|Salamence, F|100/100
|switch|p2a: Skarmory|Skarmory, M|100/100
|-ability|p1a: Salamence|Intimidate|boost
|-unboost|p2a: Skarmory|atk|1
|turn|1
|inactive|BL0X also wants the timer to be on.
|
|t:|1727989978
|switch|p1a: Skarmory|Skarmory, F|100/100
|move|p2a: Skarmory|Spikes|p1a: Skarmory
|-sidestart|p1: BL0X|Spikes
|
|upkeep
|turn|2
|
|t:|1727989983
|move|p2a: Skarmory|Spikes|p1a: Skarmory
|-sidestart|p1: BL0X|Spikes
|move|p1a: Skarmory|Spikes|p2a: Skarmory
|-sidestart|p2: 13ased|Spikes
|
|upkeep
|turn|3
|
|t:|1727989986
|move|p2a: Skarmory|Spikes|p1a: Skarmory
|-sidestart|p1: BL0X|Spikes
|move|p1a: Skarmory|Spikes|p2a: Skarmory
|-sidestart|p2: 13ased|Spikes
|
|upkeep
|turn|4
|
|t:|1727989988
|move|p1a: Skarmory|Spikes|p2a: Skarmory
|-sidestart|p2: 13ased|Spikes
|move|p2a: Skarmory|Roar|p1a: Skarmory
|drag|p1a: Blissey|Blissey, F|100/100
|-damage|p1a: Blissey|76/100|[from] Spikes
|
|-heal|p1a: Blissey|82/100|[from] item: Leftovers
|upkeep
|turn|5
|
|t:|1727989992
|move|p1a: Blissey|Flamethrower|p2a: Skarmory
|-supereffective|p2a: Skarmory
|-damage|p2a: Skarmory|53/100
|move|p2a: Skarmory|Roar|p1a: Blissey
|drag|p1a: Flygon|Flygon, M|100/100
|
|-heal|p2a: Skarmory|59/100|[from] item: Leftovers
|upkeep
|turn|6
|
|t:|1727989997
|switch|p1a: Skarmory|Skarmory, F|100/100
|move|p2a: Skarmory|Protect||[still]
|-fail|p2a: Skarmory
|
|-heal|p2a: Skarmory|65/100|[from] item: Leftovers
|upkeep
|turn|7
|
|t:|1727990000
|move|p2a: Skarmory|Protect|p2a: Skarmory
|-singleturn|p2a: Skarmory|Protect
|move|p1a: Skarmory|Whirlwind|p2a: Skarmory
|-activate|p2a: Skarmory|Protect
|
|-heal|p2a: Skarmory|71/100|[from] item: Leftovers
|upkeep
|turn|8
|
|t:|1727990004
|move|p2a: Skarmory|Roar|p1a: Skarmory
|drag|p1a: Aerodactyl|Aerodactyl, M|100/100
|
|-heal|p2a: Skarmory|77/100|[from] item: Leftovers
|upkeep
|turn|9
|
|t:|1727990009
|switch|p1a: Skarmory|Skarmory, F|100/100
|move|p2a: Skarmory|Protect||[still]
|-fail|p2a: Skarmory
|
|-heal|p2a: Skarmory|83/100|[from] item: Leftovers
|upkeep
|turn|10
|
|t:|1727990013
|move|p2a: Skarmory|Roar|p1a: Skarmory
|drag|p1a: Blissey|Blissey, F|82/100
|-damage|p1a: Blissey|57/100|[from] Spikes
|
|-heal|p2a: Skarmory|89/100|[from] item: Leftovers
|-heal|p1a: Blissey|63/100|[from] item: Leftovers
|upkeep
|turn|11
|
|t:|1727990017
|move|p1a: Blissey|Soft-Boiled|p1a: Blissey
|-heal|p1a: Blissey|100/100
|move|p2a: Skarmory|Roar|p1a: Blissey
|drag|p1a: Salamence|Salamence, F|100/100
|-ability|p1a: Salamence|Intimidate|boost
|-unboost|p2a: Skarmory|atk|1
|
|-heal|p2a: Skarmory|95/100|[from] item: Leftovers
|upkeep
|turn|12
|
|t:|1727990027
|switch|p1a: Skarmory|Skarmory, F|100/100
|move|p2a: Skarmory|Roar|p1a: Skarmory
|drag|p1a: Blissey|Blissey, F|100/100
|-damage|p1a: Blissey|76/100|[from] Spikes
|
|-heal|p2a: Skarmory|100/100|[from] item: Leftovers
|-heal|p1a: Blissey|82/100|[from] item: Leftovers
|upkeep
|turn|13
|
|t:|1727990029
|move|p1a: Blissey|Flamethrower|p2a: Skarmory
|-supereffective|p2a: Skarmory
|-damage|p2a: Skarmory|49/100
|move|p2a: Skarmory|Roar|p1a: Blissey
|drag|p1a: Aerodactyl|Aerodactyl, M|100/100
|
|-heal|p2a: Skarmory|55/100|[from] item: Leftovers
|upkeep
|turn|14
|
|t:|1727990034
|switch|p2a: Claydol|Claydol|100/100
|move|p1a: Aerodactyl|Rock Slide|p2a: Claydol
|-resisted|p2a: Claydol
|-damage|p2a: Claydol|75/100
|
|-heal|p2a: Claydol|82/100|[from] item: Leftovers
|upkeep
|turn|15
|
|t:|1727990040
|switch|p1a: Gengar|Gengar, F|100/100
|move|p2a: Claydol|Rapid Spin|p1a: Gengar
|-immune|p1a: Gengar
|
|-heal|p2a: Claydol|88/100|[from] item: Leftovers
|upkeep
|turn|16
|
|t:|1727990044
|move|p1a: Gengar|Hypnosis|p2a: Claydol
|-status|p2a: Claydol|slp|[from] move: Hypnosis
|cant|p2a: Claydol|slp
|
|-heal|p2a: Claydol|94/100 slp|[from] item: Leftovers
|upkeep
|turn|17
|
|t:|1727990046
|move|p1a: Gengar|Ice Punch|p2a: Claydol
|-supereffective|p2a: Claydol
|-crit|p2a: Claydol
|-damage|p2a: Claydol|0 fnt
|faint|p2a: Claydol
|
|t:|1727990051
|switch|p2a: Blissey|Blissey, F|100/100
|-damage|p2a: Blissey|76/100|[from] Spikes
|
|-heal|p2a: Blissey|82/100|[from] item: Leftovers
|upkeep
|turn|18
|
|t:|1727990060
|switch|p1a: Blissey|Blissey, F|82/100
|-damage|p1a: Blissey|57/100|[from] Spikes
|switch|p2a: Dugtrio|Dugtrio, M|100/100
|-damage|p2a: Dugtrio|76/100|[from] Spikes
|
|-heal|p1a: Blissey|63/100|[from] item: Leftovers
|upkeep
|turn|19
|
|t:|1727990064
|move|p2a: Dugtrio|Earthquake|p1a: Blissey
|-damage|p1a: Blissey|6/100
|move|p1a: Blissey|Soft-Boiled|p1a: Blissey
|-heal|p1a: Blissey|55/100
|
|-heal|p1a: Blissey|62/100|[from] item: Leftovers
|upkeep
|turn|20
|
|t:|1727990068
|move|p2a: Dugtrio|Earthquake|p1a: Blissey
|-damage|p1a: Blissey|0 fnt
|faint|p1a: Blissey
|
|t:|1727990071
|switch|p1a: Salamence|Salamence, F|100/100
|-ability|p1a: Salamence|Intimidate|boost
|-unboost|p2a: Dugtrio|atk|1
|
|upkeep
|turn|21
|
|t:|1727990076
|switch|p2a: Skarmory|Skarmory, M|55/100
|move|p1a: Salamence|Dragon Dance|p1a: Salamence
|-boost|p1a: Salamence|atk|1
|-boost|p1a: Salamence|spe|1
|
|-heal|p2a: Skarmory|61/100|[from] item: Leftovers
|upkeep
|turn|22
|
|t:|1727990081
|move|p1a: Salamence|Rock Slide|p2a: Skarmory|[miss]
|-miss|p1a: Salamence|p2a: Skarmory
|move|p2a: Skarmory|Roar|p1a: Salamence
|drag|p1a: Flygon|Flygon, M|100/100
|
|-heal|p2a: Skarmory|67/100|[from] item: Leftovers
|upkeep
|turn|23
|
|t:|1727990086
|move|p2a: Skarmory|Protect|p2a: Skarmory
|-singleturn|p2a: Skarmory|Protect
|move|p1a: Flygon|Rock Slide|p2a: Skarmory
|-activate|p2a: Skarmory|Protect
|
|-heal|p2a: Skarmory|73/100|[from] item: Leftovers
|upkeep
|turn|24
|
|t:|1727990093
|switch|p1a: Skarmory|Skarmory, F|100/100
|move|p2a: Skarmory|Drill Peck|p1a: Skarmory
|-resisted|p1a: Skarmory
|-damage|p1a: Skarmory|92/100
|
|-heal|p1a: Skarmory|98/100|[from] item: Leftovers
|-heal|p2a: Skarmory|79/100|[from] item: Leftovers
|upkeep
|turn|25
|
|t:|1727990099
|move|p2a: Skarmory|Protect|p2a: Skarmory
|-singleturn|p2a: Skarmory|Protect
|move|p1a: Skarmory|Whirlwind|p2a: Skarmory
|-activate|p2a: Skarmory|Protect
|
|-heal|p1a: Skarmory|100/100|[from] item: Leftovers
|-heal|p2a: Skarmory|85/100|[from] item: Leftovers
|upkeep
|turn|26
|
|t:|1727990102
|move|p1a: Skarmory|Whirlwind|p2a: Skarmory
|drag|p2a: Dugtrio|Dugtrio, M|76/100
|-damage|p2a: Dugtrio|51/100|[from] Spikes
|
|upkeep
|turn|27
|
|t:|1727990106
|switch|p2a: Gengar|Gengar, M|100/100
|move|p1a: Skarmory|Whirlwind|p2a: Gengar
|drag|p2a: Blissey|Blissey, F|82/100
|-damage|p2a: Blissey|57/100|[from] Spikes
|
|-heal|p2a: Blissey|63/100|[from] item: Leftovers
|upkeep
|turn|28
|
|t:|1727990109
|move|p2a: Blissey|Soft-Boiled|p2a: Blissey
|-heal|p2a: Blissey|100/100
|move|p1a: Skarmory|Whirlwind|p2a: Blissey
|drag|p2a: Gengar|Gengar, M|100/100
|
|upkeep
|turn|29
|
|t:|1727990117
|move|p1a: Skarmory|Protect|p1a: Skarmory
|-singleturn|p1a: Skarmory|Protect
|move|p2a: Gengar|Will-O-Wisp|p1a: Skarmory
|-activate|p1a: Skarmory|Protect
|
|upkeep
|turn|30
|
|t:|1727990120
|move|p2a: Gengar|Will-O-Wisp|p1a: Skarmory
|-status|p1a: Skarmory|brn
|move|p1a: Skarmory|Whirlwind|p2a: Gengar
|drag|p2a: Dugtrio|Dugtrio, M|51/100
|-damage|p2a: Dugtrio|27/100|[from] Spikes
|
|-damage|p1a: Skarmory|88/100 brn|[from] brn
|upkeep
|turn|31
|
|t:|1727990127
|move|p2a: Dugtrio|Rock Slide|p1a: Skarmory
|-damage|p1a: Skarmory|68/100 brn
|move|p1a: Skarmory|Whirlwind|p2a: Dugtrio
|drag|p2a: Blissey|Blissey, F|100/100
|-damage|p2a: Blissey|76/100|[from] Spikes
|
|-heal|p1a: Skarmory|74/100 brn|[from] item: Leftovers
|-damage|p1a: Skarmory|62/100 brn|[from] brn
|-heal|p2a: Blissey|82/100|[from] item: Leftovers
|upkeep
|turn|32
|
|t:|1727990135
|switch|p1a: Flygon|Flygon, M|100/100
|move|p2a: Blissey|Thunderbolt|p1a: Flygon
|-immune|p1a: Flygon
|
|-heal|p2a: Blissey|88/100|[from] item: Leftovers
|upkeep
|turn|33
|
|t:|1727990138
|switch|p1a: Gengar|Gengar, F|100/100
|switch|p2a: Gengar|Gengar, M|100/100
|
|upkeep
|turn|34
|
|t:|1727990145
|switch|p2a: Blissey|Blissey, F|88/100
|-damage|p2a: Blissey|63/100|[from] Spikes
|move|p1a: Gengar|Hypnosis|p2a: Blissey|[miss]
|-miss|p1a: Gengar|p2a: Blissey
|
|-heal|p2a: Blissey|69/100|[from] item: Leftovers
|upkeep
|turn|35
|
|t:|1727990152
|switch|p1a: Flygon|Flygon, M|100/100
|move|p2a: Blissey|Ice Beam|p1a: Flygon
|-supereffective|p1a: Flygon
|-damage|p1a: Flygon|0 fnt
|faint|p1a: Flygon
|
|t:|1727990155
|switch|p1a: Aerodactyl|Aerodactyl, M|100/100
|
|-heal|p2a: Blissey|75/100|[from] item: Leftovers
|upkeep
|turn|36
|
|t:|1727990169
|switch|p2a: Dugtrio|Dugtrio, M|27/100
|-damage|p2a: Dugtrio|2/100|[from] Spikes
|move|p1a: Aerodactyl|Rock Slide|p2a: Dugtrio
|-resisted|p2a: Dugtrio
|-damage|p2a: Dugtrio|0 fnt
|faint|p2a: Dugtrio
|
|t:|1727990182
|switch|p2a: Suicune|Suicune|100/100
|-damage|p2a: Suicune|75/100|[from] Spikes
|
|-heal|p2a: Suicune|82/100|[from] item: Leftovers
|upkeep
|turn|37
|
|t:|1727990194
|switch|p1a: Skarmory|Skarmory, F|62/100 brn
|move|p2a: Suicune|Calm Mind|p2a: Suicune
|-boost|p2a: Suicune|spa|1
|-boost|p2a: Suicune|spd|1
|
|-heal|p2a: Suicune|88/100|[from] item: Leftovers
|-heal|p1a: Skarmory|68/100 brn|[from] item: Leftovers
|-damage|p1a: Skarmory|55/100 brn|[from] brn
|upkeep
|turn|38
|
|t:|1727990197
|move|p2a: Suicune|Surf|p1a: Skarmory
|-damage|p1a: Skarmory|0 fnt
|faint|p1a: Skarmory
|
|t:|1727990200
|switch|p1a: Gengar|Gengar, F|100/100
|
|-heal|p2a: Suicune|94/100|[from] item: Leftovers
|upkeep
|turn|39
|
|t:|1727990208
|move|p1a: Gengar|Hypnosis|p2a: Suicune|[miss]
|-miss|p1a: Gengar|p2a: Suicune
|move|p2a: Suicune|Surf|p1a: Gengar
|-damage|p1a: Gengar|0 fnt
|faint|p1a: Gengar
|
|t:|1727990221
|switch|p1a: Salamence|Salamence, F|100/100
|-ability|p1a: Salamence|Intimidate|boost
|-unboost|p2a: Suicune|atk|1
|
|-heal|p2a: Suicune|99/100|[from] item: Leftovers
|upkeep
|turn|40
|
|t:|1727990230
|move|p1a: Salamence|Hidden Power|p2a: Suicune
|-damage|p2a: Suicune|66/100
|move|p2a: Suicune|Ice Beam|p1a: Salamence
|-supereffective|p1a: Salamence
|-damage|p1a: Salamence|0 fnt
|faint|p1a: Salamence
|
|t:|1727990232
|switch|p1a: Aerodactyl|Aerodactyl, M|100/100
|
|-heal|p2a: Suicune|72/100|[from] item: Leftovers
|upkeep
|turn|41
|
|t:|1727990234
|move|p1a: Aerodactyl|Rock Slide|p2a: Suicune
|-damage|p2a: Suicune|25/100
|move|p2a: Suicune|Surf|p1a: Aerodactyl
|-supereffective|p1a: Aerodactyl
|-crit|p1a: Aerodactyl
|-damage|p1a: Aerodactyl|0 fnt
|faint|p1a: Aerodactyl
|
|win|13ased

</script>
<script type="application/json" class="data" id="replaydata-smogtours-gen3ou-794385">
{"id":"smogtours-gen3ou-794385","format":"[Gen 3] OU","players":["BL0X","13ased"],"uploadtime":1727990234,"views":103,"formatid":"gen3ou","rating":null,"private":0,"password":null}
</script>

<script defer src="js/replays.js?9d40a366"></script>
