<!DOCTYPE html>
<meta charset="utf-8" />
<meta name="viewport" content="width=device-width" />

<title>[Gen 3] OU: tub69 vs. msoft_j - Replays - Pok&eacute;mon Showdown!</title>

<meta name="description" content="Watch a replay of a Pok&eacute;mon battle between tub69 and msoft_j! Format: [Gen 3] OU; Date: Oct 25, 2024" />
<!--

Hey, you! Looking in the source for the replay log?

You can find them in JSON format, just add `.json` at the end of a replay URL.

https://replay.pokemonshowdown.com/gen7randomdoublesbattle-865046831.json

Or, if you only need the log itself, add `.log` instead:

https://replay.pokemonshowdown.com/gen7randomdoublesbattle-865046831.log

-->

<link rel="stylesheet" href="//pokemonshowdown.com/style/global.css?0.767286132409787" />
<link rel="stylesheet" href="//play.pokemonshowdown.com/style/font-awesome.css?0.9266228007934947" />
<link rel="stylesheet" href="//play.pokemonshowdown.com/style/battle.css?0.7924700842790926" />
<link rel="stylesheet" href="//play.pokemonshowdown.com/style/utilichart.css?0.8777417872839479" />

<!-- Global site tag (gtag.js) - Google Analytics -->
<script async src="https://www.googletagmanager.com/gtag/js?id=UA-26211653-1"></script>
<script>
  window.dataLayer = window.dataLayer || [];
  function gtag(){dataLayer.push(arguments);}
  gtag('js', new Date());

  gtag('config', 'UA-26211653-1');
</script>
<!-- End Google Analytics -->
<!-- Venatus Ad Manager - Install in <HEAD> of page -->
	<script src="https://hb.vntsm.com/v3/live/ad-manager.min.js" type="text/javascript" data-site-id="642aba63ec9a7b11c3c9c1be" data-mode="scan" async></script>
<!-- / Venatus Ad Manager -->

<style>
	@media (max-width:820px) {
		.battle {
			margin: 0 auto;
		}
		.battle-log {
			margin: 7px auto 0;
			max-width: 640px;
			height: 300px;
			position: static;
		}
	}
	.optgroup {
		display: inline-block;
		line-height: 22px;
		font-size: 10pt;
	}
	.optgroup .button {
		height: 25px;
		padding-top: 0;
		padding-bottom: 0;
	}
	.optgroup button.button {
		padding-left: 12px;
		padding-right: 12px;
	}
	.linklist {
		list-style: none;
		margin: 0.5em 0;
		padding: 0;
	}
	.linklist li {
		padding: 2px 0;
	}
	.sidebar {
		float: left;
		width: 320px;
	}
	.bar-wrapper {
		max-width: 1100px;
		margin: 0 auto;
	}
	.bar-wrapper.has-sidebar {
		max-width: 1430px;
	}
	.mainbar {
		margin: 0;
		padding-right: 1px;
	}
	.mainbar.has-sidebar {
		margin-left: 330px;
	}
	@media (min-width: 1511px) {
		.sidebar {
			width: 400px;
		}
		.bar-wrapper.has-sidebar {
			max-width: 1510px;
		}
		.mainbar.has-sidebar {
			margin-left: 410px;
		}
	}
	.section.first-section {
		margin-top: 9px;
	}
	.blocklink small {
		white-space: normal;
	}
	.button {
		vertical-align: middle;
	}
	.replay-controls {
		padding-top: 10px;
	}
	.replay-controls h1 {
		font-size: 16pt;
		font-weight: normal;
		color: #CCC;
	}
	.pagelink {
		text-align: center;
	}
	.pagelink a {
		width: 150px;
	}
	.textbox, .button {
		font-size: 11pt;
		vertical-align: middle;
	}
	@media (max-width: 450px) {
		.button {
			font-size: 9pt;
		}
	}
</style>

<div>

	<header>
		<div class="nav-wrapper"><ul class="nav">
			<li><a class="button nav-first" href="//pokemonshowdown.com/"><img src="//pokemonshowdown.com/images/pokemonshowdownbeta.png" srcset="//pokemonshowdown.com/images/pokemonshowdownbeta.png 1x, //pokemonshowdown.com/images/pokemonshowdownbeta@2x.png 2x" alt="Pok&eacute;mon Showdown" width="146" height="44" /> Home</a></li>
			<li><a class="button" href="//pokemonshowdown.com/dex/">Pok&eacute;dex</a></li>
			<li><a class="button cur" href="/">Replays</a></li>
			<li><a class="button" href="//pokemonshowdown.com/ladder/">Ladder</a></li>
			<li><a class="button nav-last" href="//pokemonshowdown.com/forums/">Forum</a></li>
			<li><a class="button greenbutton nav-first nav-last" href="//play.pokemonshowdown.com/">Play</a></li>
		</ul></div>
	</header>

	<div class="main" id="main">

		<noscript><section class="section">You need to enable JavaScript to use this page; sorry!</section></noscript>

	</div>

</div>

<script defer nomodule src="//play.pokemonshowdown.com/js/lib/ps-polyfill.js"></script>
<script defer src="//play.pokemonshowdown.com/js/lib/preact.min.js"></script>

<script defer src="//play.pokemonshowdown.com/config/config.js?6dec07f6"></script>
<script defer src="//play.pokemonshowdown.com/js/lib/jquery-1.11.0.min.js"></script>
<script defer src="//play.pokemonshowdown.com/js/lib/html-sanitizer-minified.js"></script>
<script defer src="//play.pokemonshowdown.com/js/battle-sound.js"></script>
<script defer src="//play.pokemonshowdown.com/js/battledata.js?0.6315294753075389"></script>
<script defer src="//play.pokemonshowdown.com/data/pokedex-mini.js?0.7603743185311358"></script>
<script defer src="//play.pokemonshowdown.com/data/pokedex-mini-bw.js?0.030888842834281283"></script>
<script defer src="//play.pokemonshowdown.com/data/graphics.js?0.05593094747507488"></script>
<script defer src="//play.pokemonshowdown.com/data/pokedex.js?0.47064822249611904"></script>
<script defer src="//play.pokemonshowdown.com/data/moves.js?0.8583693120512459"></script>
<script defer src="//play.pokemonshowdown.com/data/abilities.js?0.16017181182386842"></script>
<script defer src="//play.pokemonshowdown.com/data/items.js?0.4163379185673943"></script>
<script defer src="//play.pokemonshowdown.com/data/teambuilder-tables.js?0.31075597372830477"></script>
<script defer src="//play.pokemonshowdown.com/js/battle-tooltips.js?0.6536193500708172"></script>
<script defer src="//play.pokemonshowdown.com/js/battle.js?0.1916591943277901"></script>

<script defer src="js/utils.js?e31f9a17"></script>
<script defer src="js/replays-battle.js?7008c182"></script>

<!-- don't scrape this data! just add .json or .log after the URL!
Full API docs: https://github.com/smogon/pokemon-showdown-client/blob/master/WEB-API.md -->
<script type="text/plain" class="log" id="replaylog-smogtours-gen3ou-801781">
|inactive|Battle timer is ON: inactive players will automatically lose when time's up.
|t:|1729850291
|gametype|singles
|player|p1|tub69|170|
|player|p2|msoft_j|supernerd|
|teamsize|p1|6
|teamsize|p2|6
|gen|3
|tier|[Gen 3] OU
|rule|Sleep Clause Mod: Limit one foe put to sleep
|rule|Switch Priority Clause Mod: Faster Pokémon switch first
|rule|Species Clause: Limit one of each Pokémon
|rule|OHKO Clause: OHKO moves are banned
|rule|Evasion Items Clause: Evasion items are banned
|rule|Evasion Moves Clause: Evasion moves are banned
|rule|Endless Battle Clause: Forcing endless battles is banned
|rule|HP Percentage Mod: HP is shown in percentages
|rule|One Boost Passer Clause: Limit one Baton Passer that has a way to boost its stats
|rule|Freeze Clause Mod: Limit one foe frozen
|
|t:|1729850291
|start
|switch|p1a: Houdini?|Metagross|100/100
|switch|p2a: Zapdos|Zapdos|100/100
|turn|1
|c|☆tub69|glhf
|c|☆msoft_j|u2!
|
|t:|1729850303
|move|p2a: Zapdos|Substitute|p2a: Zapdos
|-start|p2a: Zapdos|Substitute
|-damage|p2a: Zapdos|76/100
|move|p1a: Houdini?|Psychic|p2a: Zapdos
|-end|p2a: Zapdos|Substitute
|
|-heal|p2a: Zapdos|82/100|[from] item: Leftovers
|upkeep
|turn|2
|
|t:|1729850310
|move|p2a: Zapdos|Thunderbolt|p1a: Houdini?
|-damage|p1a: Houdini?|51/100
|move|p1a: Houdini?|Psychic|p2a: Zapdos
|-damage|p2a: Zapdos|32/100
|
|-heal|p2a: Zapdos|38/100|[from] item: Leftovers
|-heal|p1a: Houdini?|57/100|[from] item: Leftovers
|upkeep
|turn|3
|
|t:|1729850321
|move|p2a: Zapdos|Baton Pass|p2a: Zapdos
|
|t:|1729850325
|switch|p2a: Metagross|Metagross|100/100|[from] Baton Pass
|move|p1a: Houdini?|Psychic|p2a: Metagross
|-resisted|p2a: Metagross
|-damage|p2a: Metagross|89/100
|
|-heal|p2a: Metagross|95/100|[from] item: Leftovers
|-heal|p1a: Houdini?|63/100|[from] item: Leftovers
|upkeep
|turn|4
|
|t:|1729850335
|switch|p1a: Charizard|Charizard, M|100/100
|move|p2a: Metagross|Earthquake|p1a: Charizard
|-immune|p1a: Charizard
|
|-heal|p2a: Metagross|100/100|[from] item: Leftovers
|upkeep
|turn|5
|
|t:|1729850341
|switch|p2a: Tyranitar|Tyranitar, F|100/100
|-weather|Sandstorm|[from] ability: Sand Stream|[of] p2a: Tyranitar
|move|p1a: Charizard|Flamethrower|p2a: Tyranitar
|-resisted|p2a: Tyranitar
|-damage|p2a: Tyranitar|82/100
|
|-weather|Sandstorm|[upkeep]
|-damage|p1a: Charizard|94/100|[from] Sandstorm
|-heal|p2a: Tyranitar|88/100|[from] item: Leftovers
|upkeep
|turn|6
|
|t:|1729850349
|-activate|p1a: Charizard|move: Pursuit
|move|p2a: Tyranitar|Pursuit|p1a: Charizard|[from]Pursuit
|-damage|p1a: Charizard|47/100
|switch|p1a: Flygon|Flygon, M|100/100
|
|-weather|Sandstorm|[upkeep]
|-heal|p2a: Tyranitar|94/100|[from] item: Leftovers
|upkeep
|turn|7
|
|t:|1729850355
|move|p1a: Flygon|Toxic|p2a: Tyranitar
|-status|p2a: Tyranitar|tox
|move|p2a: Tyranitar|Ice Beam|p1a: Flygon
|-supereffective|p1a: Flygon
|-damage|p1a: Flygon|11/100
|
|-weather|Sandstorm|[upkeep]
|-heal|p1a: Flygon|17/100|[from] item: Leftovers
|-heal|p2a: Tyranitar|99/100 tox|[from] item: Leftovers
|-damage|p2a: Tyranitar|94/100 tox|[from] psn
|upkeep
|turn|8
|
|t:|1729850361
|switch|p2a: Salamence|Salamence, M|100/100
|-ability|p2a: Salamence|Intimidate|boost
|-unboost|p1a: Flygon|atk|1
|move|p1a: Flygon|Protect||[still]
|-fail|p1a: Flygon
|
|-weather|Sandstorm|[upkeep]
|-damage|p2a: Salamence|94/100|[from] Sandstorm
|-heal|p2a: Salamence|100/100|[from] item: Leftovers
|-heal|p1a: Flygon|23/100|[from] item: Leftovers
|upkeep
|turn|9
|
|t:|1729850377
|switch|p1a: Starmie|Starmie|100/100
|move|p2a: Salamence|Dragon Claw|p1a: Starmie
|-damage|p1a: Starmie|60/100
|
|-weather|Sandstorm|[upkeep]
|-damage|p1a: Starmie|54/100|[from] Sandstorm
|-damage|p2a: Salamence|94/100|[from] Sandstorm
|-heal|p1a: Starmie|60/100|[from] item: Leftovers
|-heal|p2a: Salamence|100/100|[from] item: Leftovers
|upkeep
|turn|10
|
|t:|1729850393
|move|p1a: Starmie|Thunder Wave|p2a: Salamence
|-status|p2a: Salamence|par
|move|p2a: Salamence|Hidden Power|p1a: Starmie
|-supereffective|p1a: Starmie
|-damage|p1a: Starmie|11/100
|
|-weather|Sandstorm|[upkeep]
|-damage|p1a: Starmie|5/100|[from] Sandstorm
|-damage|p2a: Salamence|94/100 par|[from] Sandstorm
|-heal|p1a: Starmie|11/100|[from] item: Leftovers
|-heal|p2a: Salamence|100/100 par|[from] item: Leftovers
|upkeep
|turn|11
|inactive|msoft_j has 270 seconds left.
|
|t:|1729850422
|switch|p2a: Zapdos|Zapdos|38/100
|move|p1a: Starmie|Recover|p1a: Starmie
|-heal|p1a: Starmie|61/100
|
|-weather|Sandstorm|[upkeep]
|-damage|p2a: Zapdos|32/100|[from] Sandstorm
|-damage|p1a: Starmie|55/100|[from] Sandstorm
|-heal|p2a: Zapdos|38/100|[from] item: Leftovers
|-heal|p1a: Starmie|61/100|[from] item: Leftovers
|upkeep
|turn|12
|
|t:|1729850429
|move|p1a: Starmie|Thunder Wave|p2a: Zapdos
|-status|p2a: Zapdos|par
|move|p2a: Zapdos|Thunderbolt|p1a: Starmie
|-supereffective|p1a: Starmie
|-damage|p1a: Starmie|0 fnt
|faint|p1a: Starmie
|
|t:|1729850441
|switch|p1a: Regice|Regice|100/100
|
|-weather|Sandstorm|[upkeep]
|-damage|p1a: Regice|94/100|[from] Sandstorm
|-damage|p2a: Zapdos|32/100 par|[from] Sandstorm
|-heal|p1a: Regice|100/100|[from] item: Leftovers
|-heal|p2a: Zapdos|38/100 par|[from] item: Leftovers
|upkeep
|turn|13
|
|t:|1729850456
|move|p1a: Regice|Ice Beam|p2a: Zapdos
|-supereffective|p2a: Zapdos
|-damage|p2a: Zapdos|0 fnt
|faint|p2a: Zapdos
|
|t:|1729850461
|switch|p2a: Breloom|Breloom, M|100/100
|
|-weather|Sandstorm|[upkeep]
|-damage|p2a: Breloom|95/100|[from] Sandstorm
|-damage|p1a: Regice|94/100|[from] Sandstorm
|-heal|p1a: Regice|100/100|[from] item: Leftovers
|upkeep
|turn|14
|
|t:|1729850467
|move|p2a: Breloom|Spore|p1a: Regice
|-status|p1a: Regice|slp|[from] move: Spore
|cant|p1a: Regice|slp
|
|-weather|Sandstorm|[upkeep]
|-damage|p2a: Breloom|89/100|[from] Sandstorm
|-damage|p1a: Regice|94/100 slp|[from] Sandstorm
|-heal|p1a: Regice|100/100 slp|[from] item: Leftovers
|upkeep
|turn|15
|
|t:|1729850479
|-singleturn|p2a: Breloom|move: Focus Punch
|switch|p1a: Flygon|Flygon, M|23/100
|move|p2a: Breloom|Focus Punch|p1a: Flygon
|-damage|p1a: Flygon|0 fnt
|faint|p1a: Flygon
|
|t:|1729850481
|switch|p1a: Hitmontop|Hitmontop, M|100/100
|-ability|p1a: Hitmontop|Intimidate|boost
|-unboost|p2a: Breloom|atk|1
|
|-weather|Sandstorm|[upkeep]
|-damage|p2a: Breloom|83/100|[from] Sandstorm
|-damage|p1a: Hitmontop|94/100|[from] Sandstorm
|-heal|p1a: Hitmontop|100/100|[from] item: Leftovers
|upkeep
|turn|16
|
|t:|1729850486
|switch|p2a: Salamence|Salamence, M|100/100 par
|-ability|p2a: Salamence|Intimidate|boost
|-unboost|p1a: Hitmontop|atk|1
|move|p1a: Hitmontop|Brick Break|p2a: Salamence
|-resisted|p2a: Salamence
|-damage|p2a: Salamence|88/100 par
|
|-weather|Sandstorm|[upkeep]
|-damage|p1a: Hitmontop|94/100|[from] Sandstorm
|-damage|p2a: Salamence|82/100 par|[from] Sandstorm
|-heal|p1a: Hitmontop|100/100|[from] item: Leftovers
|-heal|p2a: Salamence|88/100 par|[from] item: Leftovers
|upkeep
|turn|17
|
|t:|1729850512
|switch|p1a: Houdini?|Metagross|63/100
|cant|p2a: Salamence|par
|
|-weather|Sandstorm|[upkeep]
|-damage|p2a: Salamence|82/100 par|[from] Sandstorm
|-heal|p1a: Houdini?|69/100|[from] item: Leftovers
|-heal|p2a: Salamence|88/100 par|[from] item: Leftovers
|upkeep
|turn|18
|
|t:|1729850524
|move|p1a: Houdini?|Psychic|p2a: Salamence
|-damage|p2a: Salamence|27/100 par
|move|p2a: Salamence|Fire Blast|p1a: Houdini?
|-supereffective|p1a: Houdini?
|-damage|p1a: Houdini?|0 fnt
|faint|p1a: Houdini?
|
|t:|1729850531
|switch|p1a: Charizard|Charizard, M|47/100
|
|-weather|Sandstorm|[upkeep]
|-damage|p1a: Charizard|41/100|[from] Sandstorm
|-damage|p2a: Salamence|21/100 par|[from] Sandstorm
|-heal|p2a: Salamence|27/100 par|[from] item: Leftovers
|upkeep
|turn|19
|inactive|tub69 has 270 seconds left.
|
|t:|1729850556
|move|p1a: Charizard|Flamethrower|p2a: Salamence
|-resisted|p2a: Salamence
|-damage|p2a: Salamence|0 fnt
|faint|p2a: Salamence
|
|t:|1729850559
|switch|p2a: Tyranitar|Tyranitar, F|94/100 tox
|
|-weather|Sandstorm|[upkeep]
|-damage|p1a: Charizard|35/100|[from] Sandstorm
|-heal|p2a: Tyranitar|99/100 tox|[from] item: Leftovers
|-damage|p2a: Tyranitar|94/100 tox|[from] psn
|upkeep
|turn|20
|
|t:|1729850575
|move|p1a: Charizard|Earthquake|p2a: Tyranitar
|-supereffective|p2a: Tyranitar
|-damage|p2a: Tyranitar|46/100 tox
|move|p2a: Tyranitar|Pursuit|p1a: Charizard
|-damage|p1a: Charizard|12/100
|
|-weather|Sandstorm|[upkeep]
|-damage|p1a: Charizard|6/100|[from] Sandstorm
|-enditem|p1a: Charizard|Salac Berry|[eat]
|-boost|p1a: Charizard|spe|1|[from] item: Salac Berry
|-heal|p2a: Tyranitar|52/100 tox|[from] item: Leftovers
|-damage|p2a: Tyranitar|40/100 tox|[from] psn
|upkeep
|turn|21
|
|t:|1729850595
|move|p1a: Charizard|Earthquake|p2a: Tyranitar
|-supereffective|p2a: Tyranitar
|-damage|p2a: Tyranitar|0 fnt
|faint|p2a: Tyranitar
|
|t:|1729850609
|switch|p2a: Breloom|Breloom, M|83/100
|
|-weather|Sandstorm|[upkeep]
|-damage|p1a: Charizard|0 fnt|[from] Sandstorm
|-damage|p2a: Breloom|77/100|[from] Sandstorm
|faint|p1a: Charizard
|upkeep
|
|t:|1729850613
|switch|p1a: Hitmontop|Hitmontop, M|100/100
|-ability|p1a: Hitmontop|Intimidate|boost
|-unboost|p2a: Breloom|atk|1
|turn|22
|
|t:|1729850618
|move|p2a: Breloom|Sky Uppercut|p1a: Hitmontop
|-damage|p1a: Hitmontop|64/100
|move|p1a: Hitmontop|Counter|p2a: Breloom
|-damage|p2a: Breloom|0 fnt
|faint|p2a: Breloom
|
|t:|1729850625
|switch|p2a: Heracross|Heracross, M|100/100
|
|-weather|Sandstorm|[upkeep]
|-damage|p2a: Heracross|94/100|[from] Sandstorm
|-damage|p1a: Hitmontop|58/100|[from] Sandstorm
|-heal|p2a: Heracross|100/100|[from] item: Leftovers
|-heal|p1a: Hitmontop|64/100|[from] item: Leftovers
|upkeep
|turn|23
|
|t:|1729850629
|move|p2a: Heracross|Swords Dance|p2a: Heracross
|-boost|p2a: Heracross|atk|2
|move|p1a: Hitmontop|Brick Break|p2a: Heracross
|-resisted|p2a: Heracross
|-crit|p2a: Heracross
|-damage|p2a: Heracross|58/100
|
|-weather|Sandstorm|[upkeep]
|-damage|p2a: Heracross|52/100|[from] Sandstorm
|-damage|p1a: Hitmontop|58/100|[from] Sandstorm
|-heal|p2a: Heracross|58/100|[from] item: Leftovers
|-heal|p1a: Hitmontop|64/100|[from] item: Leftovers
|upkeep
|turn|24
|
|t:|1729850635
|move|p2a: Heracross|Brick Break|p1a: Hitmontop
|-damage|p1a: Hitmontop|0 fnt
|faint|p1a: Hitmontop
|
|t:|1729850637
|switch|p1a: Regice|Regice|100/100 slp
|
|-weather|Sandstorm|[upkeep]
|-damage|p2a: Heracross|52/100|[from] Sandstorm
|-damage|p1a: Regice|94/100 slp|[from] Sandstorm
|-heal|p2a: Heracross|58/100|[from] item: Leftovers
|-heal|p1a: Regice|100/100 slp|[from] item: Leftovers
|upkeep
|turn|25
|
|t:|1729850639
|move|p2a: Heracross|Brick Break|p1a: Regice
|-supereffective|p1a: Regice
|-damage|p1a: Regice|0 fnt
|faint|p1a: Regice
|
|win|msoft_j
|c|☆tub69|gg
|c|☆msoft_j|gg

</script>
<script type="application/json" class="data" id="replaydata-smogtours-gen3ou-801781">
{"id":"smogtours-gen3ou-801781","format":"[Gen 3] OU","players":["tub69","msoft_j"],"uploadtime":1729850639,"views":77,"formatid":"gen3ou","rating":null,"private":0,"password":null}
</script>

<script defer src="js/replays.js?9d40a366"></script>
