<!DOCTYPE html>
<meta charset="utf-8" />
<meta name="viewport" content="width=device-width" />

<title>[Gen 3] OU: Jfaun vs. prof clue - Replays - Pok&eacute;mon Showdown!</title>

<meta name="description" content="Watch a replay of a Pok&eacute;mon battle between Jfaun and prof clue! Format: [Gen 3] OU; Date: Oct 11, 2024" />
<!--

Hey, you! Looking in the source for the replay log?

You can find them in JSON format, just add `.json` at the end of a replay URL.

https://replay.pokemonshowdown.com/gen7randomdoublesbattle-865046831.json

Or, if you only need the log itself, add `.log` instead:

https://replay.pokemonshowdown.com/gen7randomdoublesbattle-865046831.log

-->

<link rel="stylesheet" href="//pokemonshowdown.com/style/global.css?0.767286132409787" />
<link rel="stylesheet" href="//play.pokemonshowdown.com/style/font-awesome.css?0.9266228007934947" />
<link rel="stylesheet" href="//play.pokemonshowdown.com/style/battle.css?0.7924700842790926" />
<link rel="stylesheet" href="//play.pokemonshowdown.com/style/utilichart.css?0.8777417872839479" />

<!-- Global site tag (gtag.js) - Google Analytics -->
<script async src="https://www.googletagmanager.com/gtag/js?id=UA-26211653-1"></script>
<script>
  window.dataLayer = window.dataLayer || [];
  function gtag(){dataLayer.push(arguments);}
  gtag('js', new Date());

  gtag('config', 'UA-26211653-1');
</script>
<!-- End Google Analytics -->
<!-- Venatus Ad Manager - Install in <HEAD> of page -->
	<script src="https://hb.vntsm.com/v3/live/ad-manager.min.js" type="text/javascript" data-site-id="642aba63ec9a7b11c3c9c1be" data-mode="scan" async></script>
<!-- / Venatus Ad Manager -->

<style>
	@media (max-width:820px) {
		.battle {
			margin: 0 auto;
		}
		.battle-log {
			margin: 7px auto 0;
			max-width: 640px;
			height: 300px;
			position: static;
		}
	}
	.optgroup {
		display: inline-block;
		line-height: 22px;
		font-size: 10pt;
	}
	.optgroup .button {
		height: 25px;
		padding-top: 0;
		padding-bottom: 0;
	}
	.optgroup button.button {
		padding-left: 12px;
		padding-right: 12px;
	}
	.linklist {
		list-style: none;
		margin: 0.5em 0;
		padding: 0;
	}
	.linklist li {
		padding: 2px 0;
	}
	.sidebar {
		float: left;
		width: 320px;
	}
	.bar-wrapper {
		max-width: 1100px;
		margin: 0 auto;
	}
	.bar-wrapper.has-sidebar {
		max-width: 1430px;
	}
	.mainbar {
		margin: 0;
		padding-right: 1px;
	}
	.mainbar.has-sidebar {
		margin-left: 330px;
	}
	@media (min-width: 1511px) {
		.sidebar {
			width: 400px;
		}
		.bar-wrapper.has-sidebar {
			max-width: 1510px;
		}
		.mainbar.has-sidebar {
			margin-left: 410px;
		}
	}
	.section.first-section {
		margin-top: 9px;
	}
	.blocklink small {
		white-space: normal;
	}
	.button {
		vertical-align: middle;
	}
	.replay-controls {
		padding-top: 10px;
	}
	.replay-controls h1 {
		font-size: 16pt;
		font-weight: normal;
		color: #CCC;
	}
	.pagelink {
		text-align: center;
	}
	.pagelink a {
		width: 150px;
	}
	.textbox, .button {
		font-size: 11pt;
		vertical-align: middle;
	}
	@media (max-width: 450px) {
		.button {
			font-size: 9pt;
		}
	}
</style>

<div>

	<header>
		<div class="nav-wrapper"><ul class="nav">
			<li><a class="button nav-first" href="//pokemonshowdown.com/"><img src="//pokemonshowdown.com/images/pokemonshowdownbeta.png" srcset="//pokemonshowdown.com/images/pokemonshowdownbeta.png 1x, //pokemonshowdown.com/images/pokemonshowdownbeta@2x.png 2x" alt="Pok&eacute;mon Showdown" width="146" height="44" /> Home</a></li>
			<li><a class="button" href="//pokemonshowdown.com/dex/">Pok&eacute;dex</a></li>
			<li><a class="button cur" href="/">Replays</a></li>
			<li><a class="button" href="//pokemonshowdown.com/ladder/">Ladder</a></li>
			<li><a class="button nav-last" href="//pokemonshowdown.com/forums/">Forum</a></li>
			<li><a class="button greenbutton nav-first nav-last" href="//play.pokemonshowdown.com/">Play</a></li>
		</ul></div>
	</header>

	<div class="main" id="main">

		<noscript><section class="section">You need to enable JavaScript to use this page; sorry!</section></noscript>

	</div>

</div>

<script defer nomodule src="//play.pokemonshowdown.com/js/lib/ps-polyfill.js"></script>
<script defer src="//play.pokemonshowdown.com/js/lib/preact.min.js"></script>

<script defer src="//play.pokemonshowdown.com/config/config.js?6dec07f6"></script>
<script defer src="//play.pokemonshowdown.com/js/lib/jquery-1.11.0.min.js"></script>
<script defer src="//play.pokemonshowdown.com/js/lib/html-sanitizer-minified.js"></script>
<script defer src="//play.pokemonshowdown.com/js/battle-sound.js"></script>
<script defer src="//play.pokemonshowdown.com/js/battledata.js?0.6315294753075389"></script>
<script defer src="//play.pokemonshowdown.com/data/pokedex-mini.js?0.7603743185311358"></script>
<script defer src="//play.pokemonshowdown.com/data/pokedex-mini-bw.js?0.030888842834281283"></script>
<script defer src="//play.pokemonshowdown.com/data/graphics.js?0.05593094747507488"></script>
<script defer src="//play.pokemonshowdown.com/data/pokedex.js?0.47064822249611904"></script>
<script defer src="//play.pokemonshowdown.com/data/moves.js?0.8583693120512459"></script>
<script defer src="//play.pokemonshowdown.com/data/abilities.js?0.16017181182386842"></script>
<script defer src="//play.pokemonshowdown.com/data/items.js?0.4163379185673943"></script>
<script defer src="//play.pokemonshowdown.com/data/teambuilder-tables.js?0.31075597372830477"></script>
<script defer src="//play.pokemonshowdown.com/js/battle-tooltips.js?0.6536193500708172"></script>
<script defer src="//play.pokemonshowdown.com/js/battle.js?0.1916591943277901"></script>

<script defer src="js/utils.js?e31f9a17"></script>
<script defer src="js/replays-battle.js?7008c182"></script>

<!-- don't scrape this data! just add .json or .log after the URL!
Full API docs: https://github.com/smogon/pokemon-showdown-client/blob/master/WEB-API.md -->
<script type="text/plain" class="log" id="replaylog-smogtours-gen3ou-797132">
|inactive|Battle timer is ON: inactive players will automatically lose when time's up.
|t:|1728617885
|gametype|singles
|player|p1|Jfaun|dawn-gen4pt|
|player|p2|prof clue|ruinmaniac-gen3rs|
|teamsize|p1|6
|teamsize|p2|6
|gen|3
|tier|[Gen 3] OU
|rule|Sleep Clause Mod: Limit one foe put to sleep
|rule|Switch Priority Clause Mod: Faster Pokémon switch first
|rule|Species Clause: Limit one of each Pokémon
|rule|OHKO Clause: OHKO moves are banned
|rule|Evasion Items Clause: Evasion items are banned
|rule|Evasion Moves Clause: Evasion moves are banned
|rule|Endless Battle Clause: Forcing endless battles is banned
|rule|HP Percentage Mod: HP is shown in percentages
|rule|One Boost Passer Clause: Limit one Baton Passer that has a way to boost its stats
|rule|Freeze Clause Mod: Limit one foe frozen
|
|t:|1728617885
|start
|switch|p1a: Metagross|Metagross|100/100
|switch|p2a: tired|Metagross|100/100
|turn|1
|inactive|prof clue has 270 seconds left.
|
|t:|1728617920
|switch|p1a: Skarmory|Skarmory, F, shiny|100/100
|move|p2a: tired|Agility|p2a: tired
|-boost|p2a: tired|spe|2
|
|upkeep
|turn|2
|c|☆Jfaun|gl hf, gotta play fast lol
|
|t:|1728617929
|move|p2a: tired|Meteor Mash|p1a: Skarmory
|-resisted|p1a: Skarmory
|-damage|p1a: Skarmory|83/100
|-boost|p2a: tired|atk|1
|move|p1a: Skarmory|Roar|p2a: tired
|drag|p2a: pattern|Magneton|100/100
|
|-heal|p1a: Skarmory|89/100|[from] item: Leftovers
|upkeep
|turn|3
|c|☆Jfaun|no lol
|c|☆prof clue|kk ill rush
|c|☆Jfaun|roar into mag is one way to end fast haha
|
|t:|1728617950
|move|p2a: pattern|Thunderbolt|p1a: Skarmory
|-supereffective|p1a: Skarmory
|-damage|p1a: Skarmory|0 fnt
|faint|p1a: Skarmory
|
|t:|1728617956
|switch|p1a: Dugtrio|Dugtrio, F|100/100
|
|upkeep
|turn|4
|inactive|prof clue has 270 seconds left.
|
|t:|1728617988
|move|p1a: Dugtrio|Earthquake|p2a: pattern
|-supereffective|p2a: pattern
|-damage|p2a: pattern|0 fnt
|faint|p2a: pattern
|
|t:|1728618002
|switch|p2a: spring|Celebi|100/100
|
|upkeep
|turn|5
|
|t:|1728618023
|switch|p1a: Metagross|Metagross|100/100
|move|p2a: spring|Swords Dance|p2a: spring
|-boost|p2a: spring|atk|2
|
|upkeep
|turn|6
|inactive|prof clue has 270 seconds left.
|inactive|Jfaun has 270 seconds left.
|
|t:|1728618044
|switch|p1a: Jolteon|Jolteon, M|100/100
|move|p2a: spring|Baton Pass|p2a: spring
|inactive|prof clue has 270 seconds left.
|
|t:|1728618067
|switch|p2a: tired|Metagross|100/100|[from] Baton Pass
|
|upkeep
|turn|7
|
|t:|1728618071
|move|p1a: Jolteon|Thunder Wave|p2a: tired
|-status|p2a: tired|par
|cant|p2a: tired|par
|
|upkeep
|turn|8
|inactive|prof clue has 270 seconds left.
|
|t:|1728618087
|move|p1a: Jolteon|Thunderbolt|p2a: tired
|-damage|p2a: tired|58/100 par
|cant|p2a: tired|par
|
|-heal|p2a: tired|64/100 par|[from] item: Leftovers
|upkeep
|turn|9
|
|t:|1728618094
|move|p1a: Jolteon|Thunderbolt|p2a: tired
|-damage|p2a: tired|17/100 par
|move|p2a: tired|Earthquake|p1a: Jolteon
|-supereffective|p1a: Jolteon
|-damage|p1a: Jolteon|0 fnt
|faint|p1a: Jolteon
|
|t:|1728618098
|switch|p1a: Dugtrio|Dugtrio, F|100/100
|
|-heal|p2a: tired|23/100 par|[from] item: Leftovers
|upkeep
|turn|10
|
|t:|1728618106
|move|p1a: Dugtrio|Earthquake|p2a: tired
|-supereffective|p2a: tired
|-crit|p2a: tired
|-damage|p2a: tired|0 fnt
|faint|p2a: tired
|
|t:|1728618115
|switch|p2a: think again|Salamence, F|100/100
|-ability|p2a: think again|Intimidate|boost
|-unboost|p1a: Dugtrio|atk|1
|
|upkeep
|turn|11
|
|t:|1728618128
|switch|p1a: Starmie|Starmie|100/100
|move|p2a: think again|Earthquake|p1a: Starmie
|-damage|p1a: Starmie|9/100
|
|-heal|p1a: Starmie|15/100|[from] item: Leftovers
|upkeep
|turn|12
|
|t:|1728618153
|switch|p2a: pinhead|Milotic, M|100/100
|move|p1a: Starmie|Ice Beam|p2a: pinhead
|-resisted|p2a: pinhead
|-damage|p2a: pinhead|91/100
|
|-heal|p1a: Starmie|21/100|[from] item: Leftovers
|-heal|p2a: pinhead|97/100|[from] item: Leftovers
|upkeep
|turn|13
|inactive|Jfaun has 270 seconds left.
|
|t:|1728618173
|switch|p1a: Blissey|Blissey, F|100/100
|move|p2a: pinhead|Ice Beam|p1a: Blissey
|-damage|p1a: Blissey|93/100
|
|-heal|p2a: pinhead|100/100|[from] item: Leftovers
|-heal|p1a: Blissey|99/100|[from] item: Leftovers
|upkeep
|turn|14
|inactive|Jfaun has 270 seconds left.
|
|t:|1728618194
|switch|p2a: spring|Celebi|100/100
|switch|p1a: Metagross|Metagross|100/100
|
|upkeep
|turn|15
|
|t:|1728618218
|switch|p2a: think again|Salamence, F|100/100
|-ability|p2a: think again|Intimidate|boost
|-fail|p1a: Metagross|unboost|[from] ability: Clear Body|[of] p1a: Metagross
|move|p1a: Metagross|Meteor Mash|p2a: think again
|-damage|p2a: think again|0 fnt
|faint|p2a: think again
|inactive|prof clue has 270 seconds left.
|
|t:|1728618235
|switch|p2a: pinhead|Milotic, M|100/100
|
|upkeep
|turn|16
|inactive|prof clue has 270 seconds left.
|inactive|Jfaun has 240 seconds left.
|
|t:|1728618265
|move|p2a: pinhead|Recover||[still]
|-fail|p2a: pinhead|heal
|move|p1a: Metagross|Meteor Mash|p2a: pinhead|[miss]
|-miss|p1a: Metagross|p2a: pinhead
|
|upkeep
|turn|17
|inactive|prof clue has 270 seconds left.
|
|t:|1728618270
|move|p2a: pinhead|Ice Beam|p1a: Metagross
|-resisted|p1a: Metagross
|-damage|p1a: Metagross|89/100
|move|p1a: Metagross|Meteor Mash|p2a: pinhead
|-resisted|p2a: pinhead
|-damage|p2a: pinhead|68/100
|
|-heal|p2a: pinhead|74/100|[from] item: Leftovers
|upkeep
|turn|18
|
|t:|1728618278
|move|p2a: pinhead|Ice Beam|p1a: Metagross
|-resisted|p1a: Metagross
|-damage|p1a: Metagross|78/100
|move|p1a: Metagross|Meteor Mash|p2a: pinhead
|-resisted|p2a: pinhead
|-damage|p2a: pinhead|39/100
|
|-heal|p2a: pinhead|45/100|[from] item: Leftovers
|upkeep
|turn|19
|
|t:|1728618287
|move|p2a: pinhead|Recover|p2a: pinhead
|-heal|p2a: pinhead|95/100
|move|p1a: Metagross|Meteor Mash|p2a: pinhead
|-resisted|p2a: pinhead
|-damage|p2a: pinhead|59/100
|
|-heal|p2a: pinhead|65/100|[from] item: Leftovers
|upkeep
|turn|20
|
|t:|1728618294
|move|p2a: pinhead|Ice Beam|p1a: Metagross
|-resisted|p1a: Metagross
|-damage|p1a: Metagross|65/100
|move|p1a: Metagross|Meteor Mash|p2a: pinhead|[miss]
|-miss|p1a: Metagross|p2a: pinhead
|
|-heal|p2a: pinhead|71/100|[from] item: Leftovers
|upkeep
|turn|21
|inactive|Jfaun has 270 seconds left.
|
|t:|1728618309
|switch|p1a: Blissey|Blissey, F|99/100
|move|p2a: pinhead|Ice Beam|p1a: Blissey
|-damage|p1a: Blissey|91/100
|
|-heal|p2a: pinhead|78/100|[from] item: Leftovers
|-heal|p1a: Blissey|98/100|[from] item: Leftovers
|upkeep
|turn|22
|inactive|Jfaun has 270 seconds left.
|
|t:|1728618332
|switch|p2a: spring|Celebi|100/100
|move|p1a: Blissey|Wish|p1a: Blissey
|
|-heal|p1a: Blissey|100/100|[from] item: Leftovers
|upkeep
|turn|23
|
|t:|1728618351
|switch|p2a: pinhead|Milotic, M|78/100
|switch|p1a: Metagross|Metagross|65/100
|
|-heal|p1a: Metagross|100/100|[from] move: Wish|[wisher] Blissey
|-heal|p2a: pinhead|84/100|[from] item: Leftovers
|upkeep
|turn|24
|
|t:|1728618369
|move|p2a: pinhead|Ice Beam|p1a: Metagross
|-resisted|p1a: Metagross
|-damage|p1a: Metagross|89/100
|move|p1a: Metagross|Explosion|p2a: pinhead
|-damage|p2a: pinhead|0 fnt
|faint|p1a: Metagross
|faint|p2a: pinhead
|
|t:|1728618384
|switch|p2a: spring|Celebi|100/100
|switch|p1a: Blissey|Blissey, F|100/100
|
|upkeep
|turn|25
|
|t:|1728618397
|move|p2a: spring|Swords Dance|p2a: spring
|-boost|p2a: spring|atk|2
|move|p1a: Blissey|Ice Beam|p2a: spring
|-supereffective|p2a: spring
|-damage|p2a: spring|73/100
|
|-heal|p2a: spring|79/100|[from] item: Leftovers
|upkeep
|turn|26
|
|t:|1728618411
|switch|p1a: Starmie|Starmie|21/100
|move|p2a: spring|Recover|p2a: spring
|-heal|p2a: spring|100/100
|
|-heal|p1a: Starmie|27/100|[from] item: Leftovers
|upkeep
|turn|27
|inactive|prof clue has 270 seconds left.
|
|t:|1728618441
|move|p1a: Starmie|Ice Beam|p2a: spring
|-supereffective|p2a: spring
|-damage|p2a: spring|49/100
|move|p2a: spring|Baton Pass|p2a: spring
|
|t:|1728618446
|switch|p2a: let's dance|Heracross, F, shiny|100/100|[from] Baton Pass
|
|-heal|p1a: Starmie|33/100|[from] item: Leftovers
|upkeep
|turn|28
|inactive|prof clue has 270 seconds left.
|inactive|Jfaun has 240 seconds left.
|
|t:|1728618487
|move|p1a: Starmie|Rapid Spin|p2a: let's dance
|-damage|p2a: let's dance|97/100
|move|p2a: let's dance|Brick Break|p1a: Starmie
|-resisted|p1a: Starmie
|-damage|p1a: Starmie|0 fnt
|faint|p1a: Starmie
|
|t:|1728618492
|switch|p1a: Dugtrio|Dugtrio, F|100/100
|
|-heal|p2a: let's dance|100/100|[from] item: Leftovers
|upkeep
|turn|29
|inactive|prof clue has 270 seconds left.
|
|t:|1728618500
|move|p1a: Dugtrio|Aerial Ace|p2a: let's dance
|-supereffective|p2a: let's dance
|-damage|p2a: let's dance|0 fnt
|faint|p2a: let's dance
|
|t:|1728618505
|switch|p2a: spring|Celebi|49/100
|
|-heal|p2a: spring|55/100|[from] item: Leftovers
|upkeep
|turn|30
|
|t:|1728618514
|switch|p1a: Blissey|Blissey, F|100/100
|move|p2a: spring|Recover|p2a: spring
|-heal|p2a: spring|100/100
|
|upkeep
|turn|31
|
|t:|1728618520
|move|p2a: spring|Swords Dance|p2a: spring
|-boost|p2a: spring|atk|2
|move|p1a: Blissey|Ice Beam|p2a: spring
|-supereffective|p2a: spring
|-damage|p2a: spring|71/100
|
|-heal|p2a: spring|77/100|[from] item: Leftovers
|upkeep
|turn|32
|
|t:|1728618528
|move|p2a: spring|Swords Dance|p2a: spring
|-boost|p2a: spring|atk|2
|move|p1a: Blissey|Ice Beam|p2a: spring
|-supereffective|p2a: spring
|-damage|p2a: spring|48/100
|
|-heal|p2a: spring|55/100|[from] item: Leftovers
|upkeep
|turn|33
|
|t:|1728618536
|switch|p1a: Dugtrio|Dugtrio, F|100/100
|move|p2a: spring|Recover|p2a: spring
|-heal|p2a: spring|100/100
|
|upkeep
|turn|34
|
|t:|1728618541
|switch|p1a: Blissey|Blissey, F|100/100
|move|p2a: spring|Hidden Power|p1a: Blissey
|-damage|p1a: Blissey|56/100
|
|-heal|p1a: Blissey|63/100|[from] item: Leftovers
|upkeep
|turn|35
|
|t:|1728618551
|move|p2a: spring|Swords Dance|p2a: spring
|-boost|p2a: spring|atk|2
|move|p1a: Blissey|Ice Beam|p2a: spring
|-supereffective|p2a: spring
|-damage|p2a: spring|69/100
|
|-heal|p2a: spring|75/100|[from] item: Leftovers
|-heal|p1a: Blissey|69/100|[from] item: Leftovers
|upkeep
|turn|36
|
|t:|1728618562
|move|p2a: spring|Recover|p2a: spring
|-heal|p2a: spring|100/100
|move|p1a: Blissey|Ice Beam|p2a: spring
|-supereffective|p2a: spring
|-damage|p2a: spring|72/100
|
|-heal|p2a: spring|79/100|[from] item: Leftovers
|-heal|p1a: Blissey|75/100|[from] item: Leftovers
|upkeep
|turn|37
|
|t:|1728618571
|move|p2a: spring|Recover|p2a: spring
|-heal|p2a: spring|100/100
|move|p1a: Blissey|Ice Beam|p2a: spring
|-supereffective|p2a: spring
|-damage|p2a: spring|69/100
|
|-heal|p2a: spring|75/100|[from] item: Leftovers
|-heal|p1a: Blissey|81/100|[from] item: Leftovers
|upkeep
|turn|38
|
|t:|1728618579
|move|p2a: spring|Recover|p2a: spring
|-heal|p2a: spring|100/100
|move|p1a: Blissey|Ice Beam|p2a: spring
|-supereffective|p2a: spring
|-damage|p2a: spring|68/100
|
|-heal|p2a: spring|74/100|[from] item: Leftovers
|-heal|p1a: Blissey|87/100|[from] item: Leftovers
|upkeep
|turn|39
|
|t:|1728618587
|move|p2a: spring|Recover|p2a: spring
|-heal|p2a: spring|100/100
|move|p1a: Blissey|Ice Beam|p2a: spring
|-supereffective|p2a: spring
|-damage|p2a: spring|72/100
|-status|p2a: spring|frz
|
|-heal|p2a: spring|78/100 frz|[from] item: Leftovers
|-heal|p1a: Blissey|93/100|[from] item: Leftovers
|upkeep
|turn|40
|
|t:|1728618602
|switch|p1a: Dugtrio|Dugtrio, F|100/100
|cant|p2a: spring|frz
|
|-heal|p2a: spring|84/100 frz|[from] item: Leftovers
|upkeep
|turn|41
|
|t:|1728618608
|move|p1a: Dugtrio|Hidden Power|p2a: spring
|-supereffective|p2a: spring
|-damage|p2a: spring|5/100 frz
|-curestatus|p2a: spring|frz|[msg]
|move|p2a: spring|Hidden Power|p1a: Dugtrio
|-resisted|p1a: Dugtrio
|-damage|p1a: Dugtrio|14/100
|
|-heal|p2a: spring|11/100|[from] item: Leftovers
|upkeep
|turn|42
|c|☆prof clue|gg
|
|t:|1728618619
|move|p1a: Dugtrio|Hidden Power|p2a: spring
|-supereffective|p2a: spring
|-damage|p2a: spring|0 fnt
|faint|p2a: spring
|
|win|Jfaun
|c|☆Jfaun|gg

</script>
<script type="application/json" class="data" id="replaydata-smogtours-gen3ou-797132">
{"id":"smogtours-gen3ou-797132","format":"[Gen 3] OU","players":["Jfaun","prof clue"],"uploadtime":1728618619,"views":99,"formatid":"gen3ou","rating":null,"private":0,"password":null}
</script>

<script defer src="js/replays.js?9d40a366"></script>
