<!DOCTYPE html>
<meta charset="utf-8" />
<meta name="viewport" content="width=device-width" />

<title>[Gen 3] OU: Himurabt vs. CazabichosPablo - Replays - Pok&eacute;mon Showdown!</title>

<meta name="description" content="Watch a replay of a Pok&eacute;mon battle between Himurabt and CazabichosPablo! Format: [Gen 3] OU; Date: Oct 21, 2024" />
<!--

Hey, you! Looking in the source for the replay log?

You can find them in JSON format, just add `.json` at the end of a replay URL.

https://replay.pokemonshowdown.com/gen7randomdoublesbattle-865046831.json

Or, if you only need the log itself, add `.log` instead:

https://replay.pokemonshowdown.com/gen7randomdoublesbattle-865046831.log

-->

<link rel="stylesheet" href="//pokemonshowdown.com/style/global.css?0.767286132409787" />
<link rel="stylesheet" href="//play.pokemonshowdown.com/style/font-awesome.css?0.9266228007934947" />
<link rel="stylesheet" href="//play.pokemonshowdown.com/style/battle.css?0.7924700842790926" />
<link rel="stylesheet" href="//play.pokemonshowdown.com/style/utilichart.css?0.8777417872839479" />

<!-- Global site tag (gtag.js) - Google Analytics -->
<script async src="https://www.googletagmanager.com/gtag/js?id=UA-26211653-1"></script>
<script>
  window.dataLayer = window.dataLayer || [];
  function gtag(){dataLayer.push(arguments);}
  gtag('js', new Date());

  gtag('config', 'UA-26211653-1');
</script>
<!-- End Google Analytics -->
<!-- Venatus Ad Manager - Install in <HEAD> of page -->
	<script src="https://hb.vntsm.com/v3/live/ad-manager.min.js" type="text/javascript" data-site-id="642aba63ec9a7b11c3c9c1be" data-mode="scan" async></script>
<!-- / Venatus Ad Manager -->

<style>
	@media (max-width:820px) {
		.battle {
			margin: 0 auto;
		}
		.battle-log {
			margin: 7px auto 0;
			max-width: 640px;
			height: 300px;
			position: static;
		}
	}
	.optgroup {
		display: inline-block;
		line-height: 22px;
		font-size: 10pt;
	}
	.optgroup .button {
		height: 25px;
		padding-top: 0;
		padding-bottom: 0;
	}
	.optgroup button.button {
		padding-left: 12px;
		padding-right: 12px;
	}
	.linklist {
		list-style: none;
		margin: 0.5em 0;
		padding: 0;
	}
	.linklist li {
		padding: 2px 0;
	}
	.sidebar {
		float: left;
		width: 320px;
	}
	.bar-wrapper {
		max-width: 1100px;
		margin: 0 auto;
	}
	.bar-wrapper.has-sidebar {
		max-width: 1430px;
	}
	.mainbar {
		margin: 0;
		padding-right: 1px;
	}
	.mainbar.has-sidebar {
		margin-left: 330px;
	}
	@media (min-width: 1511px) {
		.sidebar {
			width: 400px;
		}
		.bar-wrapper.has-sidebar {
			max-width: 1510px;
		}
		.mainbar.has-sidebar {
			margin-left: 410px;
		}
	}
	.section.first-section {
		margin-top: 9px;
	}
	.blocklink small {
		white-space: normal;
	}
	.button {
		vertical-align: middle;
	}
	.replay-controls {
		padding-top: 10px;
	}
	.replay-controls h1 {
		font-size: 16pt;
		font-weight: normal;
		color: #CCC;
	}
	.pagelink {
		text-align: center;
	}
	.pagelink a {
		width: 150px;
	}
	.textbox, .button {
		font-size: 11pt;
		vertical-align: middle;
	}
	@media (max-width: 450px) {
		.button {
			font-size: 9pt;
		}
	}
</style>

<div>

	<header>
		<div class="nav-wrapper"><ul class="nav">
			<li><a class="button nav-first" href="//pokemonshowdown.com/"><img src="//pokemonshowdown.com/images/pokemonshowdownbeta.png" srcset="//pokemonshowdown.com/images/pokemonshowdownbeta.png 1x, //pokemonshowdown.com/images/pokemonshowdownbeta@2x.png 2x" alt="Pok&eacute;mon Showdown" width="146" height="44" /> Home</a></li>
			<li><a class="button" href="//pokemonshowdown.com/dex/">Pok&eacute;dex</a></li>
			<li><a class="button cur" href="/">Replays</a></li>
			<li><a class="button" href="//pokemonshowdown.com/ladder/">Ladder</a></li>
			<li><a class="button nav-last" href="//pokemonshowdown.com/forums/">Forum</a></li>
			<li><a class="button greenbutton nav-first nav-last" href="//play.pokemonshowdown.com/">Play</a></li>
		</ul></div>
	</header>

	<div class="main" id="main">

		<noscript><section class="section">You need to enable JavaScript to use this page; sorry!</section></noscript>

	</div>

</div>

<script defer nomodule src="//play.pokemonshowdown.com/js/lib/ps-polyfill.js"></script>
<script defer src="//play.pokemonshowdown.com/js/lib/preact.min.js"></script>

<script defer src="//play.pokemonshowdown.com/config/config.js?6dec07f6"></script>
<script defer src="//play.pokemonshowdown.com/js/lib/jquery-1.11.0.min.js"></script>
<script defer src="//play.pokemonshowdown.com/js/lib/html-sanitizer-minified.js"></script>
<script defer src="//play.pokemonshowdown.com/js/battle-sound.js"></script>
<script defer src="//play.pokemonshowdown.com/js/battledata.js?0.6315294753075389"></script>
<script defer src="//play.pokemonshowdown.com/data/pokedex-mini.js?0.7603743185311358"></script>
<script defer src="//play.pokemonshowdown.com/data/pokedex-mini-bw.js?0.030888842834281283"></script>
<script defer src="//play.pokemonshowdown.com/data/graphics.js?0.05593094747507488"></script>
<script defer src="//play.pokemonshowdown.com/data/pokedex.js?0.47064822249611904"></script>
<script defer src="//play.pokemonshowdown.com/data/moves.js?0.8583693120512459"></script>
<script defer src="//play.pokemonshowdown.com/data/abilities.js?0.16017181182386842"></script>
<script defer src="//play.pokemonshowdown.com/data/items.js?0.4163379185673943"></script>
<script defer src="//play.pokemonshowdown.com/data/teambuilder-tables.js?0.31075597372830477"></script>
<script defer src="//play.pokemonshowdown.com/js/battle-tooltips.js?0.6536193500708172"></script>
<script defer src="//play.pokemonshowdown.com/js/battle.js?0.1916591943277901"></script>

<script defer src="js/utils.js?e31f9a17"></script>
<script defer src="js/replays-battle.js?7008c182"></script>

<!-- don't scrape this data! just add .json or .log after the URL!
Full API docs: https://github.com/smogon/pokemon-showdown-client/blob/master/WEB-API.md -->
<script type="text/plain" class="log" id="replaylog-smogtours-gen3ou-801041">
|inactive|Battle timer is ON: inactive players will automatically lose when time's up.
|t:|1729515318
|gametype|singles
|player|p1|Himurabt|depotagent|
|player|p2|CazabichosPablo|266|
|teamsize|p1|6
|teamsize|p2|6
|gen|3
|tier|[Gen 3] OU
|rule|Sleep Clause Mod: Limit one foe put to sleep
|rule|Switch Priority Clause Mod: Faster Pokémon switch first
|rule|Species Clause: Limit one of each Pokémon
|rule|OHKO Clause: OHKO moves are banned
|rule|Evasion Items Clause: Evasion items are banned
|rule|Evasion Moves Clause: Evasion moves are banned
|rule|Endless Battle Clause: Forcing endless battles is banned
|rule|HP Percentage Mod: HP is shown in percentages
|rule|One Boost Passer Clause: Limit one Baton Passer that has a way to boost its stats
|rule|Freeze Clause Mod: Limit one foe frozen
|
|t:|1729515318
|start
|switch|p1a: Hariyama|Hariyama, M|100/100
|switch|p2a: Salamence|Salamence, F|100/100
|-ability|p2a: Salamence|Intimidate|boost
|-unboost|p1a: Hariyama|atk|1
|turn|1
|
|t:|1729515324
|switch|p2a: Celebi|Celebi|100/100
|move|p1a: Hariyama|Fake Out|p2a: Celebi
|-damage|p2a: Celebi|94/100
|
|-heal|p2a: Celebi|99/100|[from] item: Leftovers
|upkeep
|turn|2
|
|t:|1729515329
|switch|p1a: Dugtrio|Dugtrio, F|100/100
|move|p2a: Celebi|Leech Seed|p1a: Dugtrio
|-start|p1a: Dugtrio|move: Leech Seed
|
|-damage|p1a: Dugtrio|88/100|[from] Leech Seed|[of] p2a: Celebi
|-heal|p2a: Celebi|100/100|[silent]
|upkeep
|turn|3
|
|t:|1729515332
|move|p1a: Dugtrio|Hidden Power|p2a: Celebi
|-supereffective|p2a: Celebi
|-damage|p2a: Celebi|22/100
|move|p2a: Celebi|Hidden Power|p1a: Dugtrio
|-supereffective|p1a: Dugtrio
|-damage|p1a: Dugtrio|0 fnt
|faint|p1a: Dugtrio
|
|t:|1729515339
|switch|p1a: Gengar|Gengar, F|100/100
|
|-heal|p2a: Celebi|28/100|[from] item: Leftovers
|upkeep
|turn|4
|
|t:|1729515343
|switch|p2a: Magcargoat|Magcargo, F|100/100
|move|p1a: Gengar|Ice Punch|p2a: Magcargoat
|-resisted|p2a: Magcargoat
|-damage|p2a: Magcargoat|82/100
|
|-heal|p2a: Magcargoat|89/100|[from] item: Leftovers
|upkeep
|turn|5
|
|t:|1729515355
|switch|p1a: Hariyama|Hariyama, M|100/100
|move|p2a: Magcargoat|Toxic|p1a: Hariyama|[miss]
|-miss|p2a: Magcargoat|p1a: Hariyama
|
|-heal|p2a: Magcargoat|95/100|[from] item: Leftovers
|upkeep
|turn|6
|
|t:|1729515367
|switch|p2a: Salamence|Salamence, F|100/100
|-ability|p2a: Salamence|Intimidate|boost
|-unboost|p1a: Hariyama|atk|1
|move|p1a: Hariyama|Rock Slide|p2a: Salamence
|-supereffective|p2a: Salamence
|-damage|p2a: Salamence|57/100
|
|-heal|p2a: Salamence|63/100|[from] item: Leftovers
|upkeep
|turn|7
|
|t:|1729515385
|switch|p1a: Weezing|Weezing, F|100/100
|move|p2a: Salamence|Dragon Claw|p1a: Weezing
|-damage|p1a: Weezing|58/100
|
|-heal|p2a: Salamence|69/100|[from] item: Leftovers
|-heal|p1a: Weezing|64/100|[from] item: Leftovers
|upkeep
|turn|8
|
|t:|1729515396
|switch|p2a: Skarmory|Skarmory, M|100/100
|move|p1a: Weezing|Hidden Power|p2a: Skarmory
|-resisted|p2a: Skarmory
|-damage|p2a: Skarmory|96/100
|
|-heal|p2a: Skarmory|100/100|[from] item: Leftovers
|-heal|p1a: Weezing|70/100|[from] item: Leftovers
|upkeep
|turn|9
|
|t:|1729515399
|move|p2a: Skarmory|Spikes|p1a: Weezing
|-sidestart|p1: Himurabt|Spikes
|move|p1a: Weezing|Fire Blast|p2a: Skarmory
|-supereffective|p2a: Skarmory
|-damage|p2a: Skarmory|43/100
|
|-heal|p2a: Skarmory|49/100|[from] item: Leftovers
|-heal|p1a: Weezing|75/100|[from] item: Leftovers
|upkeep
|turn|10
|
|t:|1729515403
|switch|p1a: Starmie|Starmie|100/100
|-damage|p1a: Starmie|88/100|[from] Spikes
|move|p2a: Skarmory|Protect||[still]
|-fail|p2a: Skarmory
|
|-heal|p1a: Starmie|94/100|[from] item: Leftovers
|-heal|p2a: Skarmory|55/100|[from] item: Leftovers
|upkeep
|turn|11
|
|t:|1729515408
|move|p1a: Starmie|Thunder Wave|p2a: Skarmory
|-status|p2a: Skarmory|par
|move|p2a: Skarmory|Toxic|p1a: Starmie
|-status|p1a: Starmie|tox
|
|-heal|p1a: Starmie|100/100 tox|[from] item: Leftovers
|-damage|p1a: Starmie|94/100 tox|[from] psn
|-heal|p2a: Skarmory|61/100 par|[from] item: Leftovers
|upkeep
|turn|12
|
|t:|1729515412
|move|p2a: Skarmory|Protect|p2a: Skarmory
|-singleturn|p2a: Skarmory|Protect
|move|p1a: Starmie|Surf|p2a: Skarmory
|-activate|p2a: Skarmory|Protect
|
|-heal|p1a: Starmie|100/100 tox|[from] item: Leftovers
|-damage|p1a: Starmie|88/100 tox|[from] psn
|-heal|p2a: Skarmory|67/100 par|[from] item: Leftovers
|upkeep
|turn|13
|
|t:|1729515415
|move|p1a: Starmie|Rapid Spin|p2a: Skarmory
|-resisted|p2a: Skarmory
|-crit|p2a: Skarmory
|-damage|p2a: Skarmory|64/100 par
|-sideend|p1: Himurabt|Spikes|[from] move: Rapid Spin|[of] p1a: Starmie
|move|p2a: Skarmory|Spikes|p1a: Starmie
|-sidestart|p1: Himurabt|Spikes
|
|-heal|p1a: Starmie|94/100 tox|[from] item: Leftovers
|-damage|p1a: Starmie|76/100 tox|[from] psn
|-heal|p2a: Skarmory|70/100 par|[from] item: Leftovers
|upkeep
|turn|14
|
|t:|1729515432
|-curestatus|p1a: Starmie|tox|[from] ability: Natural Cure
|switch|p1a: Weezing|Weezing, F|75/100
|move|p2a: Skarmory|Spikes|p1a: Weezing
|-sidestart|p1: Himurabt|Spikes
|
|-heal|p1a: Weezing|81/100|[from] item: Leftovers
|-heal|p2a: Skarmory|76/100 par|[from] item: Leftovers
|upkeep
|turn|15
|
|t:|1729515436
|switch|p2a: Magcargoat|Magcargo, F|95/100
|move|p1a: Weezing|Fire Blast|p2a: Magcargoat
|-resisted|p2a: Magcargoat
|-damage|p2a: Magcargoat|84/100
|
|-heal|p1a: Weezing|87/100|[from] item: Leftovers
|-heal|p2a: Magcargoat|91/100|[from] item: Leftovers
|upkeep
|turn|16
|
|t:|1729515440
|switch|p1a: Hariyama|Hariyama, M|100/100
|-damage|p1a: Hariyama|84/100|[from] Spikes
|move|p2a: Magcargoat|Fire Blast|p1a: Hariyama
|-damage|p1a: Hariyama|53/100
|
|-heal|p1a: Hariyama|59/100|[from] item: Leftovers
|-heal|p2a: Magcargoat|97/100|[from] item: Leftovers
|upkeep
|turn|17
|
|t:|1729515444
|move|p1a: Hariyama|Brick Break|p2a: Magcargoat
|-supereffective|p2a: Magcargoat
|-crit|p2a: Magcargoat
|-damage|p2a: Magcargoat|0 fnt
|-status|p1a: Hariyama|brn|[from] ability: Flame Body|[of] p2a: Magcargoat
|faint|p2a: Magcargoat
|
|t:|1729515447
|switch|p2a: Celebi|Celebi|28/100
|
|-heal|p2a: Celebi|35/100|[from] item: Leftovers
|-heal|p1a: Hariyama|65/100 brn|[from] item: Leftovers
|-damage|p1a: Hariyama|53/100 brn|[from] brn
|upkeep
|turn|18
|
|t:|1729515455
|move|p2a: Celebi|Psychic|p1a: Hariyama
|-supereffective|p1a: Hariyama
|-damage|p1a: Hariyama|0 fnt
|faint|p1a: Hariyama
|
|t:|1729515462
|switch|p1a: Gengar|Gengar, F|100/100
|
|-heal|p2a: Celebi|41/100|[from] item: Leftovers
|upkeep
|turn|19
|
|t:|1729515474
|switch|p2a: Skarmory|Skarmory, M|76/100 par
|move|p1a: Gengar|Ice Punch|p2a: Skarmory
|-damage|p2a: Skarmory|52/100 par
|
|-heal|p2a: Skarmory|58/100 par|[from] item: Leftovers
|upkeep
|turn|20
|
|t:|1729515477
|switch|p2a: Claydol|Claydol|100/100
|move|p1a: Gengar|Thunderbolt|p2a: Claydol
|-immune|p2a: Claydol
|
|upkeep
|turn|21
|
|t:|1729515486
|switch|p1a: Weezing|Weezing, F|87/100
|move|p2a: Claydol|Psychic|p1a: Weezing
|-supereffective|p1a: Weezing
|-damage|p1a: Weezing|35/100
|
|-heal|p1a: Weezing|41/100|[from] item: Leftovers
|upkeep
|turn|22
|
|t:|1729515490
|move|p2a: Claydol|Psychic|p1a: Weezing
|-supereffective|p1a: Weezing
|-damage|p1a: Weezing|0 fnt
|faint|p1a: Weezing
|
|t:|1729515494
|switch|p1a: Starmie|Starmie|76/100
|-damage|p1a: Starmie|60/100|[from] Spikes
|
|-heal|p1a: Starmie|66/100|[from] item: Leftovers
|upkeep
|turn|23
|
|t:|1729515496
|move|p1a: Starmie|Surf|p2a: Claydol
|-supereffective|p2a: Claydol
|-damage|p2a: Claydol|26/100
|move|p2a: Claydol|Earthquake|p1a: Starmie
|-damage|p1a: Starmie|11/100
|
|-heal|p1a: Starmie|17/100|[from] item: Leftovers
|-heal|p2a: Claydol|33/100|[from] item: Leftovers
|upkeep
|turn|24
|
|t:|1729515504
|move|p1a: Starmie|Surf|p2a: Claydol
|-supereffective|p2a: Claydol
|-damage|p2a: Claydol|0 fnt
|faint|p2a: Claydol
|
|t:|1729515505
|switch|p2a: Salamence|Salamence, F|69/100
|-ability|p2a: Salamence|Intimidate|boost
|-unboost|p1a: Starmie|atk|1
|
|-heal|p1a: Starmie|23/100|[from] item: Leftovers
|-heal|p2a: Salamence|75/100|[from] item: Leftovers
|upkeep
|turn|25
|
|t:|1729515517
|move|p1a: Starmie|Thunder Wave|p2a: Salamence
|-status|p2a: Salamence|par
|cant|p2a: Salamence|par
|
|-heal|p1a: Starmie|30/100|[from] item: Leftovers
|-heal|p2a: Salamence|81/100 par|[from] item: Leftovers
|upkeep
|turn|26
|
|t:|1729515528
|move|p1a: Starmie|Thunderbolt|p2a: Salamence
|-damage|p2a: Salamence|45/100 par
|move|p2a: Salamence|Dragon Claw|p1a: Starmie
|-damage|p1a: Starmie|0 fnt
|faint|p1a: Starmie
|
|t:|1729515532
|switch|p1a: Gengar|Gengar, F|100/100
|
|-heal|p2a: Salamence|51/100 par|[from] item: Leftovers
|upkeep
|turn|27
|
|t:|1729515538
|move|p1a: Gengar|Ice Punch|p2a: Salamence
|-supereffective|p2a: Salamence
|-damage|p2a: Salamence|0 fnt
|faint|p2a: Salamence
|
|t:|1729515539
|switch|p2a: Tyranitar|Tyranitar, F|100/100
|-weather|Sandstorm|[from] ability: Sand Stream|[of] p2a: Tyranitar
|
|-weather|Sandstorm|[upkeep]
|-damage|p1a: Gengar|94/100|[from] Sandstorm
|-heal|p1a: Gengar|100/100|[from] item: Leftovers
|upkeep
|turn|28
|
|t:|1729515541
|move|p1a: Gengar|Giga Drain|p2a: Tyranitar
|-supereffective|p2a: Tyranitar
|-damage|p2a: Tyranitar|62/100
|move|p2a: Tyranitar|Dragon Dance|p2a: Tyranitar
|-boost|p2a: Tyranitar|atk|1
|-boost|p2a: Tyranitar|spe|1
|
|-weather|Sandstorm|[upkeep]
|-damage|p1a: Gengar|94/100|[from] Sandstorm
|-heal|p1a: Gengar|100/100|[from] item: Leftovers
|-heal|p2a: Tyranitar|68/100|[from] item: Leftovers
|upkeep
|turn|29
|
|t:|1729515546
|move|p1a: Gengar|Giga Drain|p2a: Tyranitar
|-supereffective|p2a: Tyranitar
|-damage|p2a: Tyranitar|32/100
|move|p2a: Tyranitar|Dragon Dance|p2a: Tyranitar
|-boost|p2a: Tyranitar|atk|1
|-boost|p2a: Tyranitar|spe|1
|
|-weather|Sandstorm|[upkeep]
|-damage|p1a: Gengar|94/100|[from] Sandstorm
|-heal|p2a: Tyranitar|38/100|[from] item: Leftovers
|-heal|p1a: Gengar|100/100|[from] item: Leftovers
|upkeep
|turn|30
|
|t:|1729515551
|move|p2a: Tyranitar|Rock Slide|p1a: Gengar
|-damage|p1a: Gengar|0 fnt
|faint|p1a: Gengar
|
|t:|1729515554
|switch|p1a: Zapdos|Zapdos|100/100
|
|-weather|Sandstorm|[upkeep]
|-damage|p1a: Zapdos|94/100|[from] Sandstorm
|-heal|p2a: Tyranitar|44/100|[from] item: Leftovers
|-heal|p1a: Zapdos|100/100|[from] item: Leftovers
|upkeep
|turn|31
|
|t:|1729515555
|move|p2a: Tyranitar|Rock Slide|p1a: Zapdos
|-supereffective|p1a: Zapdos
|-damage|p1a: Zapdos|0 fnt
|faint|p1a: Zapdos
|
|win|CazabichosPablo
|player|p1|
|c|☆CazabichosPablo|gg bro

</script>
<script type="application/json" class="data" id="replaydata-smogtours-gen3ou-801041">
{"id":"smogtours-gen3ou-801041","format":"[Gen 3] OU","players":["Himurabt","CazabichosPablo"],"uploadtime":1729515555,"views":124,"formatid":"gen3ou","rating":null,"private":0,"password":null}
</script>

<script defer src="js/replays.js?9d40a366"></script>
