<!DOCTYPE html>
<meta charset="utf-8" />
<meta name="viewport" content="width=device-width" />

<title>[Gen 3] OU: swope vs. busyboi - Replays - Pok&eacute;mon Showdown!</title>

<meta name="description" content="Watch a replay of a Pok&eacute;mon battle between swope and busyboi! Format: [Gen 3] OU; Date: Oct 14, 2024" />
<!--

Hey, you! Looking in the source for the replay log?

You can find them in JSON format, just add `.json` at the end of a replay URL.

https://replay.pokemonshowdown.com/gen7randomdoublesbattle-865046831.json

Or, if you only need the log itself, add `.log` instead:

https://replay.pokemonshowdown.com/gen7randomdoublesbattle-865046831.log

-->

<link rel="stylesheet" href="//pokemonshowdown.com/style/global.css?0.023195364461161105" />
<link rel="stylesheet" href="//play.pokemonshowdown.com/style/font-awesome.css?0.13261647063804238" />
<link rel="stylesheet" href="//play.pokemonshowdown.com/style/battle.css?0.8753245789963631" />
<link rel="stylesheet" href="//play.pokemonshowdown.com/style/utilichart.css?0.8627959624976733" />

<!-- Global site tag (gtag.js) - Google Analytics -->
<script async src="https://www.googletagmanager.com/gtag/js?id=UA-26211653-1"></script>
<script>
  window.dataLayer = window.dataLayer || [];
  function gtag(){dataLayer.push(arguments);}
  gtag('js', new Date());

  gtag('config', 'UA-26211653-1');
</script>
<!-- End Google Analytics -->
<!-- Venatus Ad Manager - Install in <HEAD> of page -->
	<script src="https://hb.vntsm.com/v3/live/ad-manager.min.js" type="text/javascript" data-site-id="642aba63ec9a7b11c3c9c1be" data-mode="scan" async></script>
<!-- / Venatus Ad Manager -->

<style>
	@media (max-width:820px) {
		.battle {
			margin: 0 auto;
		}
		.battle-log {
			margin: 7px auto 0;
			max-width: 640px;
			height: 300px;
			position: static;
		}
	}
	.optgroup {
		display: inline-block;
		line-height: 22px;
		font-size: 10pt;
	}
	.optgroup .button {
		height: 25px;
		padding-top: 0;
		padding-bottom: 0;
	}
	.optgroup button.button {
		padding-left: 12px;
		padding-right: 12px;
	}
	.linklist {
		list-style: none;
		margin: 0.5em 0;
		padding: 0;
	}
	.linklist li {
		padding: 2px 0;
	}
	.sidebar {
		float: left;
		width: 320px;
	}
	.bar-wrapper {
		max-width: 1100px;
		margin: 0 auto;
	}
	.bar-wrapper.has-sidebar {
		max-width: 1430px;
	}
	.mainbar {
		margin: 0;
		padding-right: 1px;
	}
	.mainbar.has-sidebar {
		margin-left: 330px;
	}
	@media (min-width: 1511px) {
		.sidebar {
			width: 400px;
		}
		.bar-wrapper.has-sidebar {
			max-width: 1510px;
		}
		.mainbar.has-sidebar {
			margin-left: 410px;
		}
	}
	.section.first-section {
		margin-top: 9px;
	}
	.blocklink small {
		white-space: normal;
	}
	.button {
		vertical-align: middle;
	}
	.replay-controls {
		padding-top: 10px;
	}
	.replay-controls h1 {
		font-size: 16pt;
		font-weight: normal;
		color: #CCC;
	}
	.pagelink {
		text-align: center;
	}
	.pagelink a {
		width: 150px;
	}
	.textbox, .button {
		font-size: 11pt;
		vertical-align: middle;
	}
	@media (max-width: 450px) {
		.button {
			font-size: 9pt;
		}
	}
</style>

<div>

	<header>
		<div class="nav-wrapper"><ul class="nav">
			<li><a class="button nav-first" href="//pokemonshowdown.com/"><img src="//pokemonshowdown.com/images/pokemonshowdownbeta.png" srcset="//pokemonshowdown.com/images/pokemonshowdownbeta.png 1x, //pokemonshowdown.com/images/pokemonshowdownbeta@2x.png 2x" alt="Pok&eacute;mon Showdown" width="146" height="44" /> Home</a></li>
			<li><a class="button" href="//pokemonshowdown.com/dex/">Pok&eacute;dex</a></li>
			<li><a class="button cur" href="/">Replays</a></li>
			<li><a class="button" href="//pokemonshowdown.com/ladder/">Ladder</a></li>
			<li><a class="button nav-last" href="//pokemonshowdown.com/forums/">Forum</a></li>
			<li><a class="button greenbutton nav-first nav-last" href="//play.pokemonshowdown.com/">Play</a></li>
		</ul></div>
	</header>

	<div class="main" id="main">

		<noscript><section class="section">You need to enable JavaScript to use this page; sorry!</section></noscript>

	</div>

</div>

<script defer nomodule src="//play.pokemonshowdown.com/js/lib/ps-polyfill.js"></script>
<script defer src="//play.pokemonshowdown.com/js/lib/preact.min.js"></script>

<script defer src="//play.pokemonshowdown.com/config/config.js?2bddbc15"></script>
<script defer src="//play.pokemonshowdown.com/js/lib/jquery-1.11.0.min.js"></script>
<script defer src="//play.pokemonshowdown.com/js/lib/html-sanitizer-minified.js"></script>
<script defer src="//play.pokemonshowdown.com/js/battle-sound.js"></script>
<script defer src="//play.pokemonshowdown.com/js/battledata.js?0.7209276989879541"></script>
<script defer src="//play.pokemonshowdown.com/data/pokedex-mini.js?0.6111056340867951"></script>
<script defer src="//play.pokemonshowdown.com/data/pokedex-mini-bw.js?0.3532142036491459"></script>
<script defer src="//play.pokemonshowdown.com/data/graphics.js?0.24223875632456182"></script>
<script defer src="//play.pokemonshowdown.com/data/pokedex.js?0.38839984266356864"></script>
<script defer src="//play.pokemonshowdown.com/data/moves.js?0.21866028504024015"></script>
<script defer src="//play.pokemonshowdown.com/data/abilities.js?0.2005157953846628"></script>
<script defer src="//play.pokemonshowdown.com/data/items.js?0.9894211263848525"></script>
<script defer src="//play.pokemonshowdown.com/data/teambuilder-tables.js?0.6008791140282215"></script>
<script defer src="//play.pokemonshowdown.com/js/battle-tooltips.js?0.7580118955022959"></script>
<script defer src="//play.pokemonshowdown.com/js/battle.js?0.6057722274234274"></script>

<script defer src="js/utils.js?e31f9a17"></script>
<script defer src="js/replays-battle.js?7008c182"></script>

<!-- don't scrape this data! just add .json or .log after the URL!
Full API docs: https://github.com/smogon/pokemon-showdown-client/blob/master/WEB-API.md -->
<script type="text/plain" class="log" id="replaylog-smogtours-gen3ou-798811">
|inactive|Battle timer is ON: inactive players will automatically lose when time's up.
|t:|1728944755
|gametype|singles
|player|p1|swope|266|
|player|p2|busyboi|102|
|teamsize|p1|6
|teamsize|p2|6
|gen|3
|tier|[Gen 3] OU
|rule|Sleep Clause Mod: Limit one foe put to sleep
|rule|Switch Priority Clause Mod: Faster Pokémon switch first
|rule|Species Clause: Limit one of each Pokémon
|rule|OHKO Clause: OHKO moves are banned
|rule|Evasion Items Clause: Evasion items are banned
|rule|Evasion Moves Clause: Evasion moves are banned
|rule|Endless Battle Clause: Forcing endless battles is banned
|rule|HP Percentage Mod: HP is shown in percentages
|rule|One Boost Passer Clause: Limit one Baton Passer that has a way to boost its stats
|rule|Freeze Clause Mod: Limit one foe frozen
|
|t:|1728944755
|start
|switch|p1a: Tyranitar|Tyranitar, F|100/100
|switch|p2a: Breloom|Breloom, F|100/100
|-weather|Sandstorm|[from] ability: Sand Stream|[of] p1a: Tyranitar
|turn|1
|c|☆busyboi|glhf
|c|☆swope|gl
|
|t:|1728944783
|move|p2a: Breloom|Spore|p1a: Tyranitar
|-status|p1a: Tyranitar|slp|[from] move: Spore
|cant|p1a: Tyranitar|slp
|
|-weather|Sandstorm|[upkeep]
|-damage|p2a: Breloom|94/100|[from] Sandstorm
|-heal|p2a: Breloom|100/100|[from] item: Leftovers
|upkeep
|turn|2
|
|t:|1728944797
|-singleturn|p2a: Breloom|move: Focus Punch
|switch|p1a: Moltres|Moltres|100/100
|move|p2a: Breloom|Focus Punch|p1a: Moltres
|-resisted|p1a: Moltres
|-damage|p1a: Moltres|51/100
|
|-weather|Sandstorm|[upkeep]
|-damage|p1a: Moltres|45/100|[from] Sandstorm
|-damage|p2a: Breloom|94/100|[from] Sandstorm
|-heal|p1a: Moltres|51/100|[from] item: Leftovers
|-heal|p2a: Breloom|100/100|[from] item: Leftovers
|upkeep
|turn|3
|
|t:|1728944812
|switch|p2a: Suicune|Suicune|100/100
|move|p1a: Moltres|Will-O-Wisp|p2a: Suicune
|-status|p2a: Suicune|brn
|-enditem|p2a: Suicune|Lum Berry|[eat]
|-curestatus|p2a: Suicune|brn|[msg]
|
|-weather|Sandstorm|[upkeep]
|-damage|p2a: Suicune|94/100|[from] Sandstorm
|-damage|p1a: Moltres|45/100|[from] Sandstorm
|-heal|p1a: Moltres|51/100|[from] item: Leftovers
|upkeep
|turn|4
|
|t:|1728944826
|switch|p1a: Blissey|Blissey, F|100/100
|move|p2a: Suicune|Surf|p1a: Blissey
|-damage|p1a: Blissey|84/100
|
|-weather|Sandstorm|[upkeep]
|-damage|p2a: Suicune|88/100|[from] Sandstorm
|-damage|p1a: Blissey|78/100|[from] Sandstorm
|-heal|p1a: Blissey|84/100|[from] item: Leftovers
|upkeep
|turn|5
|
|t:|1728944838
|switch|p2a: Breloom|Breloom, F|100/100
|move|p1a: Blissey|Toxic|p2a: Breloom
|-status|p2a: Breloom|tox
|
|-weather|Sandstorm|[upkeep]
|-damage|p2a: Breloom|94/100 tox|[from] Sandstorm
|-damage|p1a: Blissey|78/100|[from] Sandstorm
|-heal|p2a: Breloom|100/100 tox|[from] item: Leftovers
|-damage|p2a: Breloom|94/100 tox|[from] psn
|-heal|p1a: Blissey|84/100|[from] item: Leftovers
|upkeep
|turn|6
|
|t:|1728944850
|switch|p1a: Gengar|Gengar, M|100/100
|move|p2a: Breloom|Leech Seed|p1a: Gengar
|-start|p1a: Gengar|move: Leech Seed
|
|-weather|Sandstorm|[upkeep]
|-damage|p1a: Gengar|94/100|[from] Sandstorm
|-damage|p2a: Breloom|88/100 tox|[from] Sandstorm
|-heal|p1a: Gengar|100/100|[from] item: Leftovers
|-damage|p1a: Gengar|88/100|[from] Leech Seed|[of] p2a: Breloom
|-heal|p2a: Breloom|100/100 tox|[silent]
|-damage|p2a: Breloom|88/100 tox|[from] psn
|upkeep
|turn|7
|
|t:|1728944863
|switch|p2a: Gengar|Gengar, F|100/100
|move|p1a: Gengar|Ice Punch|p2a: Gengar
|-damage|p2a: Gengar|73/100
|-status|p2a: Gengar|frz
|
|-weather|Sandstorm|[upkeep]
|-damage|p2a: Gengar|67/100 frz|[from] Sandstorm
|-damage|p1a: Gengar|82/100|[from] Sandstorm
|-heal|p2a: Gengar|73/100 frz|[from] item: Leftovers
|-heal|p1a: Gengar|88/100|[from] item: Leftovers
|-damage|p1a: Gengar|76/100|[from] Leech Seed|[of] p2a: Gengar
|-heal|p2a: Gengar|86/100 frz|[silent]
|upkeep
|turn|8
|inactive|swope has 270 seconds left.
|
|t:|1728944893
|switch|p1a: Skarmory|Skarmory, M|100/100
|-curestatus|p2a: Gengar|frz|[msg]
|move|p2a: Gengar|Thunderbolt|p1a: Skarmory
|-supereffective|p1a: Skarmory
|-damage|p1a: Skarmory|51/100
|
|-weather|Sandstorm|[upkeep]
|-damage|p2a: Gengar|79/100|[from] Sandstorm
|-heal|p2a: Gengar|86/100|[from] item: Leftovers
|-heal|p1a: Skarmory|57/100|[from] item: Leftovers
|upkeep
|turn|9
|inactive|swope has 270 seconds left.
|
|t:|1728944905
|move|p1a: Skarmory|Protect|p1a: Skarmory
|-singleturn|p1a: Skarmory|Protect
|move|p2a: Gengar|Thunderbolt|p1a: Skarmory
|-activate|p1a: Skarmory|Protect
|
|-weather|Sandstorm|[upkeep]
|-damage|p2a: Gengar|79/100|[from] Sandstorm
|-heal|p2a: Gengar|86/100|[from] item: Leftovers
|-heal|p1a: Skarmory|63/100|[from] item: Leftovers
|upkeep
|turn|10
|inactive|swope has 270 seconds left.
|
|t:|1728944921
|switch|p1a: Tyranitar|Tyranitar, F|100/100 slp
|move|p2a: Gengar|Will-O-Wisp||[still]
|-fail|p2a: Gengar
|
|-weather|Sandstorm|[upkeep]
|-damage|p2a: Gengar|79/100|[from] Sandstorm
|-heal|p2a: Gengar|86/100|[from] item: Leftovers
|upkeep
|turn|11
|inactive|swope has 270 seconds left.
|
|t:|1728944931
|switch|p2a: Breloom|Breloom, F|88/100 tox
|-curestatus|p1a: Tyranitar|slp|[msg]
|move|p1a: Tyranitar|Rock Slide|p2a: Breloom|[miss]
|-miss|p1a: Tyranitar|p2a: Breloom
|
|-weather|Sandstorm|[upkeep]
|-damage|p2a: Breloom|82/100 tox|[from] Sandstorm
|-heal|p2a: Breloom|88/100 tox|[from] item: Leftovers
|-damage|p2a: Breloom|82/100 tox|[from] psn
|upkeep
|turn|12
|inactive|swope has 270 seconds left.
|
|t:|1728944947
|switch|p1a: Skarmory|Skarmory, M|63/100
|move|p2a: Breloom|Spore|p1a: Skarmory
|-status|p1a: Skarmory|slp|[from] move: Spore
|
|-weather|Sandstorm|[upkeep]
|-damage|p2a: Breloom|76/100 tox|[from] Sandstorm
|-heal|p2a: Breloom|82/100 tox|[from] item: Leftovers
|-damage|p2a: Breloom|70/100 tox|[from] psn
|-heal|p1a: Skarmory|69/100 slp|[from] item: Leftovers
|upkeep
|turn|13
|inactive|swope has 270 seconds left.
|
|t:|1728944973
|cant|p1a: Skarmory|slp
|move|p2a: Breloom|Leech Seed|p1a: Skarmory
|-start|p1a: Skarmory|move: Leech Seed
|
|-weather|Sandstorm|[upkeep]
|-damage|p2a: Breloom|64/100 tox|[from] Sandstorm
|-heal|p2a: Breloom|70/100 tox|[from] item: Leftovers
|-damage|p2a: Breloom|51/100 tox|[from] psn
|-heal|p1a: Skarmory|75/100 slp|[from] item: Leftovers
|-damage|p1a: Skarmory|63/100 slp|[from] Leech Seed|[of] p2a: Breloom
|-heal|p2a: Breloom|67/100 tox|[silent]
|upkeep
|turn|14
|
|t:|1728944991
|switch|p2a: Skarmory|Skarmory, M|100/100
|switch|p1a: Gengar|Gengar, M|76/100
|
|-weather|Sandstorm|[upkeep]
|-damage|p1a: Gengar|70/100|[from] Sandstorm
|-heal|p1a: Gengar|76/100|[from] item: Leftovers
|upkeep
|turn|15
|
|t:|1728945005
|move|p2a: Skarmory|Protect|p2a: Skarmory
|-singleturn|p2a: Skarmory|Protect
|move|p1a: Gengar|Will-O-Wisp|p2a: Skarmory
|-activate|p2a: Skarmory|Protect
|
|-weather|Sandstorm|[upkeep]
|-damage|p1a: Gengar|70/100|[from] Sandstorm
|-heal|p1a: Gengar|76/100|[from] item: Leftovers
|upkeep
|turn|16
|
|t:|1728945015
|move|p1a: Gengar|Thunderbolt|p2a: Skarmory
|-supereffective|p2a: Skarmory
|-damage|p2a: Skarmory|47/100
|move|p2a: Skarmory|Spikes|p1a: Gengar
|-sidestart|p1: swope|Spikes
|
|-weather|Sandstorm|[upkeep]
|-damage|p1a: Gengar|70/100|[from] Sandstorm
|-heal|p1a: Gengar|76/100|[from] item: Leftovers
|-heal|p2a: Skarmory|53/100|[from] item: Leftovers
|upkeep
|turn|17
|
|t:|1728945025
|move|p2a: Skarmory|Protect|p2a: Skarmory
|-singleturn|p2a: Skarmory|Protect
|move|p1a: Gengar|Taunt|p2a: Skarmory
|-activate|p2a: Skarmory|Protect
|
|-weather|Sandstorm|[upkeep]
|-damage|p1a: Gengar|70/100|[from] Sandstorm
|-heal|p1a: Gengar|76/100|[from] item: Leftovers
|-heal|p2a: Skarmory|59/100|[from] item: Leftovers
|upkeep
|turn|18
|
|t:|1728945038
|switch|p2a: Gengar|Gengar, F|86/100
|move|p1a: Gengar|Will-O-Wisp|p2a: Gengar
|-status|p2a: Gengar|brn
|
|-weather|Sandstorm|[upkeep]
|-damage|p2a: Gengar|79/100 brn|[from] Sandstorm
|-damage|p1a: Gengar|70/100|[from] Sandstorm
|-heal|p1a: Gengar|76/100|[from] item: Leftovers
|-heal|p2a: Gengar|86/100 brn|[from] item: Leftovers
|-damage|p2a: Gengar|73/100 brn|[from] brn
|upkeep
|turn|19
|
|t:|1728945051
|switch|p1a: Blissey|Blissey, F|84/100
|-damage|p1a: Blissey|72/100|[from] Spikes
|move|p2a: Gengar|Thunderbolt|p1a: Blissey
|-damage|p1a: Blissey|60/100
|
|-weather|Sandstorm|[upkeep]
|-damage|p2a: Gengar|67/100 brn|[from] Sandstorm
|-damage|p1a: Blissey|54/100|[from] Sandstorm
|-heal|p2a: Gengar|73/100 brn|[from] item: Leftovers
|-damage|p2a: Gengar|61/100 brn|[from] brn
|-heal|p1a: Blissey|60/100|[from] item: Leftovers
|upkeep
|turn|20
|
|t:|1728945075
|switch|p2a: Metagross|Metagross|100/100
|move|p1a: Blissey|Ice Beam|p2a: Metagross
|-resisted|p2a: Metagross
|-damage|p2a: Metagross|87/100
|
|-weather|Sandstorm|[upkeep]
|-damage|p1a: Blissey|54/100|[from] Sandstorm
|-heal|p1a: Blissey|60/100|[from] item: Leftovers
|upkeep
|turn|21
|
|t:|1728945086
|switch|p1a: Swampert|Swampert, F|100/100
|-damage|p1a: Swampert|88/100|[from] Spikes
|move|p2a: Metagross|Agility|p2a: Metagross
|-boost|p2a: Metagross|spe|2
|
|-weather|Sandstorm|[upkeep]
|-heal|p1a: Swampert|94/100|[from] item: Leftovers
|upkeep
|turn|22
|
|t:|1728945106
|switch|p2a: Skarmory|Skarmory, M|59/100
|move|p1a: Swampert|Earthquake|p2a: Skarmory
|-immune|p2a: Skarmory
|
|-weather|Sandstorm|[upkeep]
|-heal|p2a: Skarmory|65/100|[from] item: Leftovers
|-heal|p1a: Swampert|100/100|[from] item: Leftovers
|upkeep
|turn|23
|
|t:|1728945115
|move|p2a: Skarmory|Toxic|p1a: Swampert
|-status|p1a: Swampert|tox
|move|p1a: Swampert|Hydro Pump|p2a: Skarmory
|-damage|p2a: Skarmory|30/100
|
|-weather|Sandstorm|[upkeep]
|-heal|p2a: Skarmory|36/100|[from] item: Leftovers
|-damage|p1a: Swampert|94/100 tox|[from] psn
|upkeep
|turn|24
|
|t:|1728945123
|switch|p1a: Gengar|Gengar, M|76/100
|move|p2a: Skarmory|Protect||[still]
|-fail|p2a: Skarmory
|
|-weather|Sandstorm|[upkeep]
|-damage|p1a: Gengar|70/100|[from] Sandstorm
|-heal|p1a: Gengar|76/100|[from] item: Leftovers
|-heal|p2a: Skarmory|42/100|[from] item: Leftovers
|upkeep
|turn|25
|inactive|swope has 270 seconds left.
|
|t:|1728945150
|move|p2a: Skarmory|Protect|p2a: Skarmory
|-singleturn|p2a: Skarmory|Protect
|move|p1a: Gengar|Will-O-Wisp|p2a: Skarmory|[miss]
|-miss|p1a: Gengar|p2a: Skarmory
|
|-weather|Sandstorm|[upkeep]
|-damage|p1a: Gengar|70/100|[from] Sandstorm
|-heal|p1a: Gengar|76/100|[from] item: Leftovers
|-heal|p2a: Skarmory|48/100|[from] item: Leftovers
|upkeep
|turn|26
|
|t:|1728945160
|move|p1a: Gengar|Taunt|p2a: Skarmory
|-start|p2a: Skarmory|move: Taunt
|cant|p2a: Skarmory|move: Taunt|Spikes
|
|-weather|Sandstorm|[upkeep]
|-damage|p1a: Gengar|70/100|[from] Sandstorm
|-heal|p1a: Gengar|76/100|[from] item: Leftovers
|-heal|p2a: Skarmory|54/100|[from] item: Leftovers
|upkeep
|turn|27
|
|t:|1728945170
|switch|p2a: Gengar|Gengar, F|61/100 brn
|move|p1a: Gengar|Will-O-Wisp|p2a: Gengar
|-fail|p2a: Gengar|brn
|
|-weather|Sandstorm|[upkeep]
|-damage|p2a: Gengar|55/100 brn|[from] Sandstorm
|-damage|p1a: Gengar|70/100|[from] Sandstorm
|-heal|p1a: Gengar|76/100|[from] item: Leftovers
|-heal|p2a: Gengar|61/100 brn|[from] item: Leftovers
|-damage|p2a: Gengar|48/100 brn|[from] brn
|upkeep
|turn|28
|
|t:|1728945190
|move|p1a: Gengar|Thunderbolt|p2a: Gengar
|-damage|p2a: Gengar|18/100 brn
|move|p2a: Gengar|Thunderbolt|p1a: Gengar
|-damage|p1a: Gengar|42/100
|
|-weather|Sandstorm|[upkeep]
|-damage|p2a: Gengar|11/100 brn|[from] Sandstorm
|-damage|p1a: Gengar|35/100|[from] Sandstorm
|-heal|p1a: Gengar|42/100|[from] item: Leftovers
|-heal|p2a: Gengar|18/100 brn|[from] item: Leftovers
|-damage|p2a: Gengar|5/100 brn|[from] brn
|upkeep
|turn|29
|inactive|swope has 240 seconds left.
|
|t:|1728945216
|move|p2a: Gengar|Thunderbolt|p1a: Gengar
|-damage|p1a: Gengar|11/100
|move|p1a: Gengar|Thunderbolt|p2a: Gengar
|-damage|p2a: Gengar|0 fnt
|faint|p2a: Gengar
|
|t:|1728945231
|switch|p2a: Suicune|Suicune|88/100
|
|-weather|Sandstorm|[upkeep]
|-damage|p1a: Gengar|5/100|[from] Sandstorm
|-damage|p2a: Suicune|82/100|[from] Sandstorm
|-heal|p1a: Gengar|11/100|[from] item: Leftovers
|upkeep
|turn|30
|
|t:|1728945241
|move|p1a: Gengar|Thunderbolt|p2a: Suicune
|-supereffective|p2a: Suicune
|-damage|p2a: Suicune|33/100
|move|p2a: Suicune|Surf|p1a: Gengar
|-damage|p1a: Gengar|0 fnt
|faint|p1a: Gengar
|
|t:|1728945249
|switch|p1a: Moltres|Moltres|51/100
|
|-weather|Sandstorm|[upkeep]
|-damage|p2a: Suicune|27/100|[from] Sandstorm
|-damage|p1a: Moltres|45/100|[from] Sandstorm
|-heal|p1a: Moltres|51/100|[from] item: Leftovers
|upkeep
|turn|31
|
|t:|1728945257
|switch|p2a: Skarmory|Skarmory, M|54/100
|move|p1a: Moltres|Hidden Power|p2a: Skarmory
|-resisted|p2a: Skarmory
|-damage|p2a: Skarmory|48/100
|
|-weather|Sandstorm|[upkeep]
|-damage|p1a: Moltres|45/100|[from] Sandstorm
|-heal|p1a: Moltres|51/100|[from] item: Leftovers
|-heal|p2a: Skarmory|54/100|[from] item: Leftovers
|upkeep
|turn|32
|
|t:|1728945267
|move|p2a: Skarmory|Protect|p2a: Skarmory
|-singleturn|p2a: Skarmory|Protect
|move|p1a: Moltres|Flamethrower|p2a: Skarmory
|-activate|p2a: Skarmory|Protect
|
|-weather|Sandstorm|[upkeep]
|-damage|p1a: Moltres|45/100|[from] Sandstorm
|-heal|p1a: Moltres|51/100|[from] item: Leftovers
|-heal|p2a: Skarmory|60/100|[from] item: Leftovers
|upkeep
|turn|33
|
|t:|1728945277
|move|p1a: Moltres|Flamethrower|p2a: Skarmory
|-supereffective|p2a: Skarmory
|-crit|p2a: Skarmory
|-damage|p2a: Skarmory|0 fnt
|faint|p2a: Skarmory
|
|t:|1728945278
|switch|p2a: Dugtrio|Dugtrio, M|100/100
|
|-weather|Sandstorm|[upkeep]
|-damage|p1a: Moltres|45/100|[from] Sandstorm
|-heal|p1a: Moltres|51/100|[from] item: Leftovers
|upkeep
|turn|34
|
|t:|1728945291
|switch|p1a: Swampert|Swampert, F|94/100 tox
|-damage|p1a: Swampert|82/100 tox|[from] Spikes
|move|p2a: Dugtrio|Earthquake|p1a: Swampert
|-damage|p1a: Swampert|42/100 tox
|
|-weather|Sandstorm|[upkeep]
|-heal|p1a: Swampert|49/100 tox|[from] item: Leftovers
|-damage|p1a: Swampert|42/100 tox|[from] psn
|upkeep
|turn|35
|
|t:|1728945318
|switch|p2a: Breloom|Breloom, F|67/100 tox
|move|p1a: Swampert|Earthquake|p2a: Breloom
|-resisted|p2a: Breloom
|-crit|p2a: Breloom
|-damage|p2a: Breloom|10/100 tox
|
|-weather|Sandstorm|[upkeep]
|-damage|p2a: Breloom|4/100 tox|[from] Sandstorm
|-heal|p2a: Breloom|10/100 tox|[from] item: Leftovers
|-damage|p2a: Breloom|4/100 tox|[from] psn
|-heal|p1a: Swampert|49/100 tox|[from] item: Leftovers
|-damage|p1a: Swampert|36/100 tox|[from] psn
|upkeep
|turn|36
|
|t:|1728945332
|move|p2a: Breloom|Mach Punch|p1a: Swampert
|-damage|p1a: Swampert|19/100 tox
|move|p1a: Swampert|Ice Beam|p2a: Breloom
|-supereffective|p2a: Breloom
|-damage|p2a: Breloom|0 fnt
|faint|p2a: Breloom
|
|t:|1728945345
|switch|p2a: Metagross|Metagross|87/100
|
|-weather|Sandstorm|[upkeep]
|-heal|p1a: Swampert|25/100 tox|[from] item: Leftovers
|-damage|p1a: Swampert|6/100 tox|[from] psn
|upkeep
|turn|37
|
|t:|1728945355
|move|p2a: Metagross|Agility|p2a: Metagross
|-boost|p2a: Metagross|spe|2
|move|p1a: Swampert|Earthquake|p2a: Metagross
|-supereffective|p2a: Metagross
|-damage|p2a: Metagross|33/100
|
|-weather|Sandstorm|[upkeep]
|-heal|p1a: Swampert|12/100 tox|[from] item: Leftovers
|-damage|p1a: Swampert|0 fnt|[from] psn
|faint|p1a: Swampert
|upkeep
|
|t:|1728945369
|switch|p1a: Skarmory|Skarmory, M|63/100 slp
|turn|38
|
|t:|1728945379
|move|p2a: Metagross|Meteor Mash|p1a: Skarmory
|-resisted|p1a: Skarmory
|-damage|p1a: Skarmory|39/100 slp
|cant|p1a: Skarmory|slp
|
|-weather|Sandstorm|[upkeep]
|-heal|p1a: Skarmory|45/100 slp|[from] item: Leftovers
|upkeep
|turn|39
|
|t:|1728945388
|cant|p1a: Skarmory|slp
|move|p2a: Metagross|Meteor Mash|p1a: Skarmory
|-resisted|p1a: Skarmory
|-damage|p1a: Skarmory|24/100 slp
|
|-weather|Sandstorm|[upkeep]
|-heal|p1a: Skarmory|30/100 slp|[from] item: Leftovers
|upkeep
|turn|40
|
|t:|1728945395
|-curestatus|p1a: Skarmory|slp|[msg]
|move|p1a: Skarmory|Protect|p1a: Skarmory
|-singleturn|p1a: Skarmory|Protect
|move|p2a: Metagross|Meteor Mash|p1a: Skarmory
|-activate|p1a: Skarmory|Protect
|
|-weather|Sandstorm|[upkeep]
|-heal|p1a: Skarmory|36/100|[from] item: Leftovers
|upkeep
|turn|41
|
|t:|1728945409
|move|p2a: Metagross|Meteor Mash|p1a: Skarmory
|-resisted|p1a: Skarmory
|-damage|p1a: Skarmory|15/100
|move|p1a: Skarmory|Whirlwind|p2a: Metagross
|drag|p2a: Suicune|Suicune|27/100
|
|-weather|Sandstorm|[upkeep]
|-damage|p2a: Suicune|21/100|[from] Sandstorm
|-heal|p1a: Skarmory|21/100|[from] item: Leftovers
|upkeep
|turn|42
|
|t:|1728945422
|move|p2a: Suicune|Calm Mind|p2a: Suicune
|-boost|p2a: Suicune|spa|1
|-boost|p2a: Suicune|spd|1
|move|p1a: Skarmory|Spikes|p2a: Suicune
|-sidestart|p2: busyboi|Spikes
|
|-weather|Sandstorm|[upkeep]
|-damage|p2a: Suicune|15/100|[from] Sandstorm
|-heal|p1a: Skarmory|27/100|[from] item: Leftovers
|upkeep
|turn|43
|
|t:|1728945431
|move|p1a: Skarmory|Protect|p1a: Skarmory
|-singleturn|p1a: Skarmory|Protect
|move|p2a: Suicune|Surf|p1a: Skarmory
|-activate|p1a: Skarmory|Protect
|
|-weather|Sandstorm|[upkeep]
|-damage|p2a: Suicune|8/100|[from] Sandstorm
|-heal|p1a: Skarmory|33/100|[from] item: Leftovers
|upkeep
|turn|44
|
|t:|1728945442
|switch|p1a: Blissey|Blissey, F|60/100
|-damage|p1a: Blissey|48/100|[from] Spikes
|move|p2a: Suicune|Surf|p1a: Blissey
|-damage|p1a: Blissey|26/100
|
|-weather|Sandstorm|[upkeep]
|-damage|p2a: Suicune|2/100|[from] Sandstorm
|-damage|p1a: Blissey|19/100|[from] Sandstorm
|-heal|p1a: Blissey|26/100|[from] item: Leftovers
|upkeep
|turn|45
|
|t:|1728945454
|move|p2a: Suicune|Surf|p1a: Blissey
|-damage|p1a: Blissey|4/100
|move|p1a: Blissey|Soft-Boiled|p1a: Blissey
|-heal|p1a: Blissey|54/100
|
|-weather|Sandstorm|[upkeep]
|-damage|p2a: Suicune|0 fnt|[from] Sandstorm
|-damage|p1a: Blissey|48/100|[from] Sandstorm
|faint|p2a: Suicune
|-heal|p1a: Blissey|54/100|[from] item: Leftovers
|upkeep
|
|t:|1728945462
|switch|p2a: Metagross|Metagross|33/100
|-damage|p2a: Metagross|20/100|[from] Spikes
|turn|46
|
|t:|1728945475
|move|p2a: Metagross|Meteor Mash|p1a: Blissey
|-damage|p1a: Blissey|0 fnt
|-boost|p2a: Metagross|atk|1
|faint|p1a: Blissey
|
|t:|1728945481
|switch|p1a: Moltres|Moltres|51/100
|
|-weather|Sandstorm|[upkeep]
|-damage|p1a: Moltres|45/100|[from] Sandstorm
|-heal|p1a: Moltres|51/100|[from] item: Leftovers
|-enditem|p2a: Metagross|Liechi Berry|[eat]
|-boost|p2a: Metagross|atk|1|[from] item: Liechi Berry
|upkeep
|turn|47
|
|t:|1728945495
|move|p1a: Moltres|Flamethrower|p2a: Metagross
|-supereffective|p2a: Metagross
|-crit|p2a: Metagross
|-damage|p2a: Metagross|0 fnt
|faint|p2a: Metagross
|
|t:|1728945497
|switch|p2a: Dugtrio|Dugtrio, M|100/100
|-damage|p2a: Dugtrio|88/100|[from] Spikes
|
|-weather|Sandstorm|[upkeep]
|-damage|p1a: Moltres|45/100|[from] Sandstorm
|-heal|p1a: Moltres|51/100|[from] item: Leftovers
|upkeep
|turn|48
|
|t:|1728945505
|switch|p1a: Skarmory|Skarmory, M|33/100
|move|p2a: Dugtrio|Rock Slide|p1a: Skarmory|[miss]
|-miss|p2a: Dugtrio|p1a: Skarmory
|
|-weather|Sandstorm|[upkeep]
|-heal|p1a: Skarmory|39/100|[from] item: Leftovers
|upkeep
|turn|49
|
|t:|1728945513
|move|p1a: Skarmory|Protect|p1a: Skarmory
|-singleturn|p1a: Skarmory|Protect
|move|p2a: Dugtrio|Rock Slide|p1a: Skarmory
|-activate|p1a: Skarmory|Protect
|
|-weather|Sandstorm|[upkeep]
|-heal|p1a: Skarmory|45/100|[from] item: Leftovers
|upkeep
|turn|50
|
|t:|1728945520
|move|p2a: Dugtrio|Rock Slide|p1a: Skarmory
|-damage|p1a: Skarmory|22/100
|cant|p1a: Skarmory|flinch
|
|-weather|Sandstorm|[upkeep]
|-heal|p1a: Skarmory|28/100|[from] item: Leftovers
|upkeep
|turn|51
|
|t:|1728945527
|move|p1a: Skarmory|Protect|p1a: Skarmory
|-singleturn|p1a: Skarmory|Protect
|move|p2a: Dugtrio|Rock Slide|p1a: Skarmory
|-activate|p1a: Skarmory|Protect
|
|-weather|Sandstorm|[upkeep]
|-heal|p1a: Skarmory|34/100|[from] item: Leftovers
|upkeep
|turn|52
|
|t:|1728945535
|move|p2a: Dugtrio|Rock Slide|p1a: Skarmory
|-damage|p1a: Skarmory|13/100
|cant|p1a: Skarmory|flinch
|
|-weather|Sandstorm|[upkeep]
|-heal|p1a: Skarmory|19/100|[from] item: Leftovers
|upkeep
|turn|53
|
|t:|1728945541
|move|p1a: Skarmory|Protect|p1a: Skarmory
|-singleturn|p1a: Skarmory|Protect
|move|p2a: Dugtrio|Rock Slide|p1a: Skarmory
|-activate|p1a: Skarmory|Protect
|
|-weather|Sandstorm|[upkeep]
|-heal|p1a: Skarmory|25/100|[from] item: Leftovers
|upkeep
|turn|54
|
|t:|1728945548
|move|p2a: Dugtrio|Rock Slide|p1a: Skarmory
|-damage|p1a: Skarmory|3/100
|cant|p1a: Skarmory|flinch
|
|-weather|Sandstorm|[upkeep]
|-heal|p1a: Skarmory|9/100|[from] item: Leftovers
|upkeep
|turn|55
|
|t:|1728945557
|move|p1a: Skarmory|Protect|p1a: Skarmory
|-singleturn|p1a: Skarmory|Protect
|move|p2a: Dugtrio|Rock Slide|p1a: Skarmory|[miss]
|-miss|p2a: Dugtrio|p1a: Skarmory
|
|-weather|Sandstorm|[upkeep]
|-heal|p1a: Skarmory|15/100|[from] item: Leftovers
|upkeep
|turn|56
|
|t:|1728945564
|move|p1a: Skarmory|Protect||[still]
|-fail|p1a: Skarmory
|move|p2a: Dugtrio|Rock Slide|p1a: Skarmory|[miss]
|-miss|p2a: Dugtrio|p1a: Skarmory
|
|-weather|Sandstorm|[upkeep]
|-heal|p1a: Skarmory|21/100|[from] item: Leftovers
|upkeep
|turn|57
|inactive|swope disconnected and has 300 seconds to reconnect!
|player|p1|
|inactive|swope reconnected and has 300 seconds left.
|player|p1|swope|266|
|
|t:|1728945581
|move|p2a: Dugtrio|Rock Slide|p1a: Skarmory
|-crit|p1a: Skarmory
|-damage|p1a: Skarmory|0 fnt
|faint|p1a: Skarmory
|
|t:|1728945585
|switch|p1a: Tyranitar|Tyranitar, F|100/100
|-damage|p1a: Tyranitar|88/100|[from] Spikes
|
|-weather|Sandstorm|[upkeep]
|-heal|p1a: Tyranitar|94/100|[from] item: Leftovers
|upkeep
|turn|58
|
|t:|1728945592
|move|p2a: Dugtrio|Rock Slide|p1a: Tyranitar
|-damage|p1a: Tyranitar|72/100
|move|p1a: Tyranitar|Earthquake|p2a: Dugtrio
|-damage|p2a: Dugtrio|0 fnt
|faint|p2a: Dugtrio
|
|win|swope
|c|☆swope|gg
|c|☆busyboi|gg

</script>
<script type="application/json" class="data" id="replaydata-smogtours-gen3ou-798811">
{"id":"smogtours-gen3ou-798811","format":"[Gen 3] OU","players":["swope","busyboi"],"uploadtime":1728945592,"views":120,"formatid":"gen3ou","rating":null,"private":0,"password":null}
</script>

<script defer src="js/replays.js?9d40a366"></script>
