<!DOCTYPE html>
<meta charset="utf-8" />
<meta name="viewport" content="width=device-width" />

<title>[Gen 3] OU: WombatBaby vs. Whiscash Cuajao - Replays - Pok&eacute;mon Showdown!</title>

<meta name="description" content="Watch a replay of a Pok&eacute;mon battle between WombatBaby and Whiscash Cuajao! Format: [Gen 3] OU; Date: Oct 1, 2024" />
<!--

Hey, you! Looking in the source for the replay log?

You can find them in JSON format, just add `.json` at the end of a replay URL.

https://replay.pokemonshowdown.com/gen7randomdoublesbattle-865046831.json

Or, if you only need the log itself, add `.log` instead:

https://replay.pokemonshowdown.com/gen7randomdoublesbattle-865046831.log

-->

<link rel="stylesheet" href="//pokemonshowdown.com/style/global.css?0.023195364461161105" />
<link rel="stylesheet" href="//play.pokemonshowdown.com/style/font-awesome.css?0.13261647063804238" />
<link rel="stylesheet" href="//play.pokemonshowdown.com/style/battle.css?0.8753245789963631" />
<link rel="stylesheet" href="//play.pokemonshowdown.com/style/utilichart.css?0.8627959624976733" />

<!-- Global site tag (gtag.js) - Google Analytics -->
<script async src="https://www.googletagmanager.com/gtag/js?id=UA-26211653-1"></script>
<script>
  window.dataLayer = window.dataLayer || [];
  function gtag(){dataLayer.push(arguments);}
  gtag('js', new Date());

  gtag('config', 'UA-26211653-1');
</script>
<!-- End Google Analytics -->
<!-- Venatus Ad Manager - Install in <HEAD> of page -->
	<script src="https://hb.vntsm.com/v3/live/ad-manager.min.js" type="text/javascript" data-site-id="642aba63ec9a7b11c3c9c1be" data-mode="scan" async></script>
<!-- / Venatus Ad Manager -->

<style>
	@media (max-width:820px) {
		.battle {
			margin: 0 auto;
		}
		.battle-log {
			margin: 7px auto 0;
			max-width: 640px;
			height: 300px;
			position: static;
		}
	}
	.optgroup {
		display: inline-block;
		line-height: 22px;
		font-size: 10pt;
	}
	.optgroup .button {
		height: 25px;
		padding-top: 0;
		padding-bottom: 0;
	}
	.optgroup button.button {
		padding-left: 12px;
		padding-right: 12px;
	}
	.linklist {
		list-style: none;
		margin: 0.5em 0;
		padding: 0;
	}
	.linklist li {
		padding: 2px 0;
	}
	.sidebar {
		float: left;
		width: 320px;
	}
	.bar-wrapper {
		max-width: 1100px;
		margin: 0 auto;
	}
	.bar-wrapper.has-sidebar {
		max-width: 1430px;
	}
	.mainbar {
		margin: 0;
		padding-right: 1px;
	}
	.mainbar.has-sidebar {
		margin-left: 330px;
	}
	@media (min-width: 1511px) {
		.sidebar {
			width: 400px;
		}
		.bar-wrapper.has-sidebar {
			max-width: 1510px;
		}
		.mainbar.has-sidebar {
			margin-left: 410px;
		}
	}
	.section.first-section {
		margin-top: 9px;
	}
	.blocklink small {
		white-space: normal;
	}
	.button {
		vertical-align: middle;
	}
	.replay-controls {
		padding-top: 10px;
	}
	.replay-controls h1 {
		font-size: 16pt;
		font-weight: normal;
		color: #CCC;
	}
	.pagelink {
		text-align: center;
	}
	.pagelink a {
		width: 150px;
	}
	.textbox, .button {
		font-size: 11pt;
		vertical-align: middle;
	}
	@media (max-width: 450px) {
		.button {
			font-size: 9pt;
		}
	}
</style>

<div>

	<header>
		<div class="nav-wrapper"><ul class="nav">
			<li><a class="button nav-first" href="//pokemonshowdown.com/"><img src="//pokemonshowdown.com/images/pokemonshowdownbeta.png" srcset="//pokemonshowdown.com/images/pokemonshowdownbeta.png 1x, //pokemonshowdown.com/images/pokemonshowdownbeta@2x.png 2x" alt="Pok&eacute;mon Showdown" width="146" height="44" /> Home</a></li>
			<li><a class="button" href="//pokemonshowdown.com/dex/">Pok&eacute;dex</a></li>
			<li><a class="button cur" href="/">Replays</a></li>
			<li><a class="button" href="//pokemonshowdown.com/ladder/">Ladder</a></li>
			<li><a class="button nav-last" href="//pokemonshowdown.com/forums/">Forum</a></li>
			<li><a class="button greenbutton nav-first nav-last" href="//play.pokemonshowdown.com/">Play</a></li>
		</ul></div>
	</header>

	<div class="main" id="main">

		<noscript><section class="section">You need to enable JavaScript to use this page; sorry!</section></noscript>

	</div>

</div>

<script defer nomodule src="//play.pokemonshowdown.com/js/lib/ps-polyfill.js"></script>
<script defer src="//play.pokemonshowdown.com/js/lib/preact.min.js"></script>

<script defer src="//play.pokemonshowdown.com/config/config.js?2bddbc15"></script>
<script defer src="//play.pokemonshowdown.com/js/lib/jquery-1.11.0.min.js"></script>
<script defer src="//play.pokemonshowdown.com/js/lib/html-sanitizer-minified.js"></script>
<script defer src="//play.pokemonshowdown.com/js/battle-sound.js"></script>
<script defer src="//play.pokemonshowdown.com/js/battledata.js?0.7209276989879541"></script>
<script defer src="//play.pokemonshowdown.com/data/pokedex-mini.js?0.6111056340867951"></script>
<script defer src="//play.pokemonshowdown.com/data/pokedex-mini-bw.js?0.3532142036491459"></script>
<script defer src="//play.pokemonshowdown.com/data/graphics.js?0.24223875632456182"></script>
<script defer src="//play.pokemonshowdown.com/data/pokedex.js?0.38839984266356864"></script>
<script defer src="//play.pokemonshowdown.com/data/moves.js?0.21866028504024015"></script>
<script defer src="//play.pokemonshowdown.com/data/abilities.js?0.2005157953846628"></script>
<script defer src="//play.pokemonshowdown.com/data/items.js?0.9894211263848525"></script>
<script defer src="//play.pokemonshowdown.com/data/teambuilder-tables.js?0.6008791140282215"></script>
<script defer src="//play.pokemonshowdown.com/js/battle-tooltips.js?0.7580118955022959"></script>
<script defer src="//play.pokemonshowdown.com/js/battle.js?0.6057722274234274"></script>

<script defer src="js/utils.js?e31f9a17"></script>
<script defer src="js/replays-battle.js?7008c182"></script>

<!-- don't scrape this data! just add .json or .log after the URL!
Full API docs: https://github.com/smogon/pokemon-showdown-client/blob/master/WEB-API.md -->
<script type="text/plain" class="log" id="replaylog-smogtours-gen3ou-793808">
|inactive|Battle timer is ON: inactive players will automatically lose when time's up.
|t:|1727809767
|gametype|singles
|player|p1|WombatBaby|2|
|player|p2|Whiscash Cuajao|266|
|teamsize|p1|6
|teamsize|p2|6
|gen|3
|tier|[Gen 3] OU
|rule|Sleep Clause Mod: Limit one foe put to sleep
|rule|Switch Priority Clause Mod: Faster Pokémon switch first
|rule|Species Clause: Limit one of each Pokémon
|rule|OHKO Clause: OHKO moves are banned
|rule|Evasion Items Clause: Evasion items are banned
|rule|Evasion Moves Clause: Evasion moves are banned
|rule|Endless Battle Clause: Forcing endless battles is banned
|rule|HP Percentage Mod: HP is shown in percentages
|rule|One Boost Passer Clause: Limit one Baton Passer that has a way to boost its stats
|rule|Freeze Clause Mod: Limit one foe frozen
|
|t:|1727809767
|start
|switch|p1a: Skarmory|Skarmory, F|100/100
|switch|p2a: Legoat|Skarmory, F|100/100
|turn|1
|
|t:|1727809781
|move|p1a: Skarmory|Spikes|p2a: Legoat
|-sidestart|p2: Whiscash Cuajao|Spikes
|move|p2a: Legoat|Spikes|p1a: Skarmory
|-sidestart|p1: WombatBaby|Spikes
|
|upkeep
|turn|2
|
|t:|1727809796
|move|p1a: Skarmory|Spikes|p2a: Legoat
|-sidestart|p2: Whiscash Cuajao|Spikes
|move|p2a: Legoat|Spikes|p1a: Skarmory
|-sidestart|p1: WombatBaby|Spikes
|
|upkeep
|turn|3
|
|t:|1727809800
|move|p1a: Skarmory|Spikes|p2a: Legoat
|-sidestart|p2: Whiscash Cuajao|Spikes
|move|p2a: Legoat|Spikes|p1a: Skarmory
|-sidestart|p1: WombatBaby|Spikes
|
|upkeep
|turn|4
|
|t:|1727809803
|move|p1a: Skarmory|Roar|p2a: Legoat
|drag|p2a: Black Mamba|Gengar, M|100/100
|
|upkeep
|turn|5
|
|t:|1727809810
|move|p1a: Skarmory|Protect|p1a: Skarmory
|-singleturn|p1a: Skarmory|Protect
|move|p2a: Black Mamba|Fire Punch|p1a: Skarmory
|-activate|p1a: Skarmory|Protect
|
|upkeep
|turn|6
|
|t:|1727809825
|switch|p1a: Articuno|Articuno|100/100
|move|p2a: Black Mamba|Hidden Power|p1a: Articuno
|-resisted|p1a: Articuno
|-damage|p1a: Articuno|93/100
|
|-heal|p1a: Articuno|99/100|[from] item: Leftovers
|upkeep
|turn|7
|
|t:|1727809832
|move|p2a: Black Mamba|Fire Punch|p1a: Articuno
|-supereffective|p1a: Articuno
|-damage|p1a: Articuno|70/100
|move|p1a: Articuno|Ice Beam|p2a: Black Mamba
|-damage|p2a: Black Mamba|41/100
|
|-heal|p2a: Black Mamba|47/100|[from] item: Leftovers
|-heal|p1a: Articuno|76/100|[from] item: Leftovers
|upkeep
|turn|8
|
|t:|1727809840
|switch|p2a: His Airness|Starmie|100/100
|-damage|p2a: His Airness|76/100|[from] Spikes
|move|p1a: Articuno|Ice Beam|p2a: His Airness
|-resisted|p2a: His Airness
|-damage|p2a: His Airness|50/100
|
|-heal|p2a: His Airness|56/100|[from] item: Leftovers
|-heal|p1a: Articuno|83/100|[from] item: Leftovers
|upkeep
|turn|9
|
|t:|1727809851
|move|p2a: His Airness|Rapid Spin|p1a: Articuno
|-damage|p1a: Articuno|80/100
|-sideend|p2: Whiscash Cuajao|Spikes|[from] move: Rapid Spin|[of] p2a: His Airness
|move|p1a: Articuno|Ice Beam|p2a: His Airness
|-resisted|p2a: His Airness
|-damage|p2a: His Airness|28/100
|
|-heal|p2a: His Airness|34/100|[from] item: Leftovers
|-heal|p1a: Articuno|86/100|[from] item: Leftovers
|upkeep
|turn|10
|
|t:|1727809861
|move|p2a: His Airness|Psychic|p1a: Articuno
|-damage|p1a: Articuno|64/100
|move|p1a: Articuno|Ice Beam|p2a: His Airness
|-resisted|p2a: His Airness
|-damage|p2a: His Airness|9/100
|-status|p2a: His Airness|frz
|
|-heal|p2a: His Airness|15/100 frz|[from] item: Leftovers
|-heal|p1a: Articuno|70/100|[from] item: Leftovers
|upkeep
|turn|11
|
|t:|1727809871
|-curestatus|p2a: His Airness|frz|[from] ability: Natural Cure
|switch|p2a: Bald Mamba|Metagross|100/100
|move|p1a: Articuno|Ice Beam|p2a: Bald Mamba
|-resisted|p2a: Bald Mamba
|-damage|p2a: Bald Mamba|81/100
|
|-heal|p1a: Articuno|77/100|[from] item: Leftovers
|upkeep
|turn|12
|
|t:|1727809886
|switch|p1a: Skarmory|Skarmory, F|100/100
|move|p2a: Bald Mamba|Meteor Mash|p1a: Skarmory
|-resisted|p1a: Skarmory
|-damage|p1a: Skarmory|77/100
|
|-heal|p1a: Skarmory|83/100|[from] item: Leftovers
|upkeep
|turn|13
|
|t:|1727809894
|switch|p2a: His Airness|Starmie|15/100
|move|p1a: Skarmory|Spikes|p2a: His Airness
|-sidestart|p2: Whiscash Cuajao|Spikes
|
|-heal|p2a: His Airness|21/100|[from] item: Leftovers
|-heal|p1a: Skarmory|89/100|[from] item: Leftovers
|upkeep
|turn|14
|
|t:|1727809898
|move|p2a: His Airness|Hydro Pump|p1a: Skarmory|[miss]
|-miss|p2a: His Airness|p1a: Skarmory
|move|p1a: Skarmory|Drill Peck|p2a: His Airness
|-damage|p2a: His Airness|0 fnt
|faint|p2a: His Airness
|c|☆WombatBaby|mb
|c|☆Whiscash Cuajao|my bad
|c|☆Whiscash Cuajao|should have played surf
|
|t:|1727809923
|switch|p2a: Westbrick|Jolteon, M|100/100
|-damage|p2a: Westbrick|88/100|[from] Spikes
|
|-heal|p2a: Westbrick|94/100|[from] item: Leftovers
|-heal|p1a: Skarmory|95/100|[from] item: Leftovers
|upkeep
|turn|15
|
|t:|1727809933
|switch|p1a: Celebi|Celebi|100/100
|-damage|p1a: Celebi|75/100|[from] Spikes
|move|p2a: Westbrick|Hidden Power|p1a: Celebi
|-resisted|p1a: Celebi
|-damage|p1a: Celebi|68/100
|
|-heal|p2a: Westbrick|100/100|[from] item: Leftovers
|-heal|p1a: Celebi|75/100|[from] item: Leftovers
|upkeep
|turn|16
|
|t:|1727809941
|switch|p2a: Legoat|Skarmory, F|100/100
|move|p1a: Celebi|Leech Seed|p2a: Legoat
|-start|p2a: Legoat|move: Leech Seed
|
|-heal|p1a: Celebi|81/100|[from] item: Leftovers
|-damage|p2a: Legoat|88/100|[from] Leech Seed|[of] p1a: Celebi
|-heal|p1a: Celebi|91/100|[silent]
|upkeep
|turn|17
|
|t:|1727809949
|move|p1a: Celebi|Psychic|p2a: Legoat
|-resisted|p2a: Legoat
|-damage|p2a: Legoat|74/100
|move|p2a: Legoat|Roar|p1a: Celebi
|drag|p1a: Flygon|Flygon, M|100/100
|
|-heal|p2a: Legoat|80/100|[from] item: Leftovers
|-damage|p2a: Legoat|68/100|[from] Leech Seed|[of] p1a: Flygon
|upkeep
|turn|18
|
|t:|1727809961
|move|p1a: Flygon|Protect|p1a: Flygon
|-singleturn|p1a: Flygon|Protect
|move|p2a: Legoat|Toxic|p1a: Flygon
|-activate|p1a: Flygon|Protect
|
|-heal|p2a: Legoat|74/100|[from] item: Leftovers
|-damage|p2a: Legoat|62/100|[from] Leech Seed|[of] p1a: Flygon
|upkeep
|turn|19
|inactive|Whiscash Cuajao has 270 seconds left.
|
|t:|1727810017
|switch|p1a: Skarmory|Skarmory, F|95/100
|switch|p2a: Big Fundamental|Swampert, F|100/100
|-damage|p2a: Big Fundamental|88/100|[from] Spikes
|
|-heal|p1a: Skarmory|100/100|[from] item: Leftovers
|-heal|p2a: Big Fundamental|94/100|[from] item: Leftovers
|upkeep
|turn|20
|inactive|Whiscash Cuajao has 240 seconds left.
|
|t:|1727810047
|switch|p1a: Celebi|Celebi|91/100
|-damage|p1a: Celebi|66/100|[from] Spikes
|move|p2a: Big Fundamental|Surf|p1a: Celebi
|-resisted|p1a: Celebi
|-damage|p1a: Celebi|58/100
|
|-heal|p1a: Celebi|64/100|[from] item: Leftovers
|-heal|p2a: Big Fundamental|100/100|[from] item: Leftovers
|upkeep
|turn|21
|
|t:|1727810058
|switch|p2a: Bald Mamba|Metagross|81/100
|-damage|p2a: Bald Mamba|69/100|[from] Spikes
|move|p1a: Celebi|Giga Drain|p2a: Bald Mamba
|-resisted|p2a: Bald Mamba
|-damage|p2a: Bald Mamba|57/100
|-heal|p1a: Celebi|68/100|[from] drain|[of] p2a: Bald Mamba
|
|-heal|p1a: Celebi|75/100|[from] item: Leftovers
|upkeep
|turn|22
|inactive|Whiscash Cuajao has 240 seconds left.
|
|t:|1727810067
|switch|p1a: Skarmory|Skarmory, F|100/100
|move|p2a: Bald Mamba|Meteor Mash|p1a: Skarmory
|-resisted|p1a: Skarmory
|-damage|p1a: Skarmory|76/100
|
|-heal|p1a: Skarmory|82/100|[from] item: Leftovers
|upkeep
|turn|23
|
|t:|1727810074
|move|p1a: Skarmory|Protect|p1a: Skarmory
|-singleturn|p1a: Skarmory|Protect
|move|p2a: Bald Mamba|Meteor Mash|p1a: Skarmory
|-activate|p1a: Skarmory|Protect
|
|-heal|p1a: Skarmory|88/100|[from] item: Leftovers
|upkeep
|turn|24
|
|t:|1727810078
|move|p2a: Bald Mamba|Meteor Mash|p1a: Skarmory
|-resisted|p1a: Skarmory
|-damage|p1a: Skarmory|61/100
|-boost|p2a: Bald Mamba|atk|1
|move|p1a: Skarmory|Spikes|p2a: Bald Mamba
|-sidestart|p2: Whiscash Cuajao|Spikes
|
|-heal|p1a: Skarmory|67/100|[from] item: Leftovers
|upkeep
|turn|25
|
|t:|1727810089
|move|p2a: Bald Mamba|Meteor Mash|p1a: Skarmory
|-resisted|p1a: Skarmory
|-damage|p1a: Skarmory|29/100
|-boost|p2a: Bald Mamba|atk|1
|move|p1a: Skarmory|Roar|p2a: Bald Mamba
|drag|p2a: Big Fundamental|Swampert, F|100/100
|-damage|p2a: Big Fundamental|84/100|[from] Spikes
|
|-heal|p1a: Skarmory|35/100|[from] item: Leftovers
|-heal|p2a: Big Fundamental|90/100|[from] item: Leftovers
|upkeep
|turn|26
|inactive|Whiscash Cuajao has 270 seconds left.
|
|t:|1727810096
|move|p1a: Skarmory|Protect|p1a: Skarmory
|-singleturn|p1a: Skarmory|Protect
|move|p2a: Big Fundamental|Surf|p1a: Skarmory
|-activate|p1a: Skarmory|Protect
|
|-heal|p1a: Skarmory|41/100|[from] item: Leftovers
|-heal|p2a: Big Fundamental|96/100|[from] item: Leftovers
|upkeep
|turn|27
|
|t:|1727810109
|switch|p1a: Celebi|Celebi|75/100
|-damage|p1a: Celebi|50/100|[from] Spikes
|switch|p2a: Black Mamba|Gengar, M|47/100
|
|-heal|p2a: Black Mamba|53/100|[from] item: Leftovers
|-heal|p1a: Celebi|56/100|[from] item: Leftovers
|upkeep
|turn|28
|inactive|Whiscash Cuajao has 270 seconds left.
|
|t:|1727810149
|move|p2a: Black Mamba|Explosion|p1a: Celebi
|-damage|p1a: Celebi|0 fnt
|faint|p2a: Black Mamba
|faint|p1a: Celebi
|inactive|WombatBaby has 270 seconds left.
|
|t:|1727810172
|switch|p2a: Legoat|Skarmory, F|62/100
|switch|p1a: Tyranitar|Tyranitar, F|100/100
|-damage|p1a: Tyranitar|76/100|[from] Spikes
|-weather|Sandstorm|[from] ability: Sand Stream|[of] p1a: Tyranitar
|
|-weather|Sandstorm|[upkeep]
|-heal|p1a: Tyranitar|82/100|[from] item: Leftovers
|-heal|p2a: Legoat|68/100|[from] item: Leftovers
|upkeep
|turn|29
|
|t:|1727810180
|move|p1a: Tyranitar|Rock Slide|p2a: Legoat
|-damage|p2a: Legoat|34/100
|cant|p2a: Legoat|flinch
|
|-weather|Sandstorm|[upkeep]
|-heal|p1a: Tyranitar|88/100|[from] item: Leftovers
|-heal|p2a: Legoat|40/100|[from] item: Leftovers
|upkeep
|turn|30
|
|t:|1727810185
|move|p2a: Legoat|Protect|p2a: Legoat
|-singleturn|p2a: Legoat|Protect
|move|p1a: Tyranitar|Rock Slide|p2a: Legoat
|-activate|p2a: Legoat|Protect
|
|-weather|Sandstorm|[upkeep]
|-heal|p1a: Tyranitar|94/100|[from] item: Leftovers
|-heal|p2a: Legoat|46/100|[from] item: Leftovers
|upkeep
|turn|31
|
|t:|1727810189
|move|p1a: Tyranitar|Rock Slide|p2a: Legoat
|-damage|p2a: Legoat|12/100
|cant|p2a: Legoat|flinch
|
|-weather|Sandstorm|[upkeep]
|-heal|p1a: Tyranitar|99/100|[from] item: Leftovers
|-heal|p2a: Legoat|18/100|[from] item: Leftovers
|upkeep
|turn|32
|c|☆WombatBaby|mb
|inactive|Whiscash Cuajao has 270 seconds left.
|inactive|Whiscash Cuajao has 240 seconds left.
|inactive|Whiscash Cuajao has 210 seconds left.
|
|t:|1727810267
|switch|p2a: Bald Mamba|Metagross|57/100
|-damage|p2a: Bald Mamba|41/100|[from] Spikes
|move|p1a: Tyranitar|Rock Slide|p2a: Bald Mamba
|-resisted|p2a: Bald Mamba
|-damage|p2a: Bald Mamba|21/100
|
|-weather|Sandstorm|[upkeep]
|-heal|p1a: Tyranitar|100/100|[from] item: Leftovers
|upkeep
|turn|33
|
|t:|1727810277
|move|p2a: Bald Mamba|Explosion|p1a: Tyranitar
|-resisted|p1a: Tyranitar
|-damage|p1a: Tyranitar|0 fnt
|faint|p2a: Bald Mamba
|faint|p1a: Tyranitar
|
|t:|1727810290
|switch|p2a: Legoat|Skarmory, F|18/100
|switch|p1a: Articuno|Articuno|77/100
|
|-weather|Sandstorm|[upkeep]
|-damage|p1a: Articuno|70/100|[from] Sandstorm
|-heal|p1a: Articuno|77/100|[from] item: Leftovers
|-heal|p2a: Legoat|24/100|[from] item: Leftovers
|upkeep
|turn|34
|
|t:|1727810294
|move|p2a: Legoat|Protect|p2a: Legoat
|-singleturn|p2a: Legoat|Protect
|move|p1a: Articuno|Ice Beam|p2a: Legoat
|-activate|p2a: Legoat|Protect
|
|-weather|Sandstorm|[upkeep]
|-damage|p1a: Articuno|70/100|[from] Sandstorm
|-heal|p1a: Articuno|77/100|[from] item: Leftovers
|-heal|p2a: Legoat|30/100|[from] item: Leftovers
|upkeep
|turn|35
|
|t:|1727810297
|move|p1a: Articuno|Ice Beam|p2a: Legoat
|-damage|p2a: Legoat|0 fnt
|faint|p2a: Legoat
|
|t:|1727810300
|switch|p2a: Westbrick|Jolteon, M|100/100
|-damage|p2a: Westbrick|84/100|[from] Spikes
|
|-weather|Sandstorm|[upkeep]
|-damage|p2a: Westbrick|78/100|[from] Sandstorm
|-damage|p1a: Articuno|70/100|[from] Sandstorm
|-heal|p2a: Westbrick|84/100|[from] item: Leftovers
|-heal|p1a: Articuno|77/100|[from] item: Leftovers
|upkeep
|turn|36
|
|t:|1727810305
|switch|p1a: Flygon|Flygon, M|100/100
|move|p2a: Westbrick|Thunderbolt|p1a: Flygon
|-immune|p1a: Flygon
|
|-weather|Sandstorm|[upkeep]
|-damage|p2a: Westbrick|78/100|[from] Sandstorm
|-heal|p2a: Westbrick|84/100|[from] item: Leftovers
|upkeep
|turn|37
|
|t:|1727810310
|move|p2a: Westbrick|Baton Pass|p2a: Westbrick
|
|t:|1727810312
|switch|p2a: Big Fundamental|Swampert, F|96/100|[from] Baton Pass
|-damage|p2a: Big Fundamental|80/100|[from] Spikes
|move|p1a: Flygon|Toxic|p2a: Big Fundamental
|-status|p2a: Big Fundamental|tox
|
|-weather|Sandstorm|[upkeep]
|-heal|p2a: Big Fundamental|86/100 tox|[from] item: Leftovers
|-damage|p2a: Big Fundamental|80/100 tox|[from] psn
|upkeep
|turn|38
|
|t:|1727810317
|move|p1a: Flygon|Protect|p1a: Flygon
|-singleturn|p1a: Flygon|Protect
|move|p2a: Big Fundamental|Refresh|p2a: Big Fundamental
|-curestatus|p2a: Big Fundamental|tox|[msg]
|
|-weather|Sandstorm|[upkeep]
|-heal|p2a: Big Fundamental|86/100|[from] item: Leftovers
|upkeep
|turn|39
|
|t:|1727810328
|switch|p1a: Articuno|Articuno|77/100
|move|p2a: Big Fundamental|Surf|p1a: Articuno
|-damage|p1a: Articuno|59/100
|
|-weather|Sandstorm|[upkeep]
|-damage|p1a: Articuno|53/100|[from] Sandstorm
|-heal|p1a: Articuno|59/100|[from] item: Leftovers
|-heal|p2a: Big Fundamental|92/100|[from] item: Leftovers
|upkeep
|turn|40
|
|t:|1727810335
|move|p1a: Articuno|Ice Beam|p2a: Big Fundamental
|-damage|p2a: Big Fundamental|69/100
|move|p2a: Big Fundamental|Surf|p1a: Articuno
|-damage|p1a: Articuno|42/100
|
|-weather|Sandstorm|[upkeep]
|-damage|p1a: Articuno|36/100|[from] Sandstorm
|-heal|p1a: Articuno|42/100|[from] item: Leftovers
|-heal|p2a: Big Fundamental|75/100|[from] item: Leftovers
|upkeep
|turn|41
|
|t:|1727810340
|move|p2a: Big Fundamental|Protect|p2a: Big Fundamental
|-singleturn|p2a: Big Fundamental|Protect
|move|p1a: Articuno|Ice Beam|p2a: Big Fundamental
|-activate|p2a: Big Fundamental|Protect
|
|-weather|Sandstorm|[upkeep]
|-damage|p1a: Articuno|36/100|[from] Sandstorm
|-heal|p1a: Articuno|42/100|[from] item: Leftovers
|-heal|p2a: Big Fundamental|82/100|[from] item: Leftovers
|upkeep
|turn|42
|
|t:|1727810345
|move|p1a: Articuno|Ice Beam|p2a: Big Fundamental
|-damage|p2a: Big Fundamental|59/100
|move|p2a: Big Fundamental|Surf|p1a: Articuno
|-damage|p1a: Articuno|26/100
|
|-weather|Sandstorm|[upkeep]
|-damage|p1a: Articuno|20/100|[from] Sandstorm
|-heal|p1a: Articuno|26/100|[from] item: Leftovers
|-heal|p2a: Big Fundamental|66/100|[from] item: Leftovers
|upkeep
|turn|43
|
|t:|1727810353
|move|p2a: Big Fundamental|Protect|p2a: Big Fundamental
|-singleturn|p2a: Big Fundamental|Protect
|move|p1a: Articuno|Ice Beam|p2a: Big Fundamental
|-activate|p2a: Big Fundamental|Protect
|
|-weather|Sandstorm|[upkeep]
|-damage|p1a: Articuno|20/100|[from] Sandstorm
|-heal|p1a: Articuno|26/100|[from] item: Leftovers
|-heal|p2a: Big Fundamental|72/100|[from] item: Leftovers
|upkeep
|turn|44
|
|t:|1727810357
|move|p1a: Articuno|Ice Beam|p2a: Big Fundamental
|-damage|p2a: Big Fundamental|49/100
|move|p2a: Big Fundamental|Surf|p1a: Articuno
|-damage|p1a: Articuno|10/100
|
|-weather|Sandstorm|[upkeep]
|-damage|p1a: Articuno|4/100|[from] Sandstorm
|-heal|p1a: Articuno|10/100|[from] item: Leftovers
|-heal|p2a: Big Fundamental|55/100|[from] item: Leftovers
|upkeep
|turn|45
|
|t:|1727810365
|move|p2a: Big Fundamental|Protect|p2a: Big Fundamental
|-singleturn|p2a: Big Fundamental|Protect
|move|p1a: Articuno|Rest|p1a: Articuno
|-status|p1a: Articuno|slp|[from] move: Rest
|-heal|p1a: Articuno|100/100 slp|[silent]
|
|-weather|Sandstorm|[upkeep]
|-damage|p1a: Articuno|94/100 slp|[from] Sandstorm
|-heal|p1a: Articuno|100/100 slp|[from] item: Leftovers
|-heal|p2a: Big Fundamental|61/100|[from] item: Leftovers
|upkeep
|turn|46
|
|t:|1727810370
|switch|p2a: Westbrick|Jolteon, M|84/100
|-damage|p2a: Westbrick|67/100|[from] Spikes
|cant|p1a: Articuno|slp
|
|-weather|Sandstorm|[upkeep]
|-damage|p2a: Westbrick|61/100|[from] Sandstorm
|-damage|p1a: Articuno|94/100 slp|[from] Sandstorm
|-heal|p2a: Westbrick|67/100|[from] item: Leftovers
|-heal|p1a: Articuno|100/100 slp|[from] item: Leftovers
|upkeep
|turn|47
|
|t:|1727810375
|switch|p1a: Flygon|Flygon, M|100/100
|move|p2a: Westbrick|Hidden Power|p1a: Flygon
|-damage|p1a: Flygon|77/100
|
|-weather|Sandstorm|[upkeep]
|-damage|p2a: Westbrick|61/100|[from] Sandstorm
|-heal|p2a: Westbrick|67/100|[from] item: Leftovers
|-heal|p1a: Flygon|83/100|[from] item: Leftovers
|upkeep
|turn|48
|c|☆Whiscash Cuajao|yeah
|
|t:|1727810384
|switch|p2a: Big Fundamental|Swampert, F|61/100
|-damage|p2a: Big Fundamental|45/100|[from] Spikes
|move|p1a: Flygon|Earthquake|p2a: Big Fundamental
|-damage|p2a: Big Fundamental|12/100
|
|-weather|Sandstorm|[upkeep]
|-heal|p1a: Flygon|90/100|[from] item: Leftovers
|-heal|p2a: Big Fundamental|18/100|[from] item: Leftovers
|upkeep
|turn|49
|
|t:|1727810391
|move|p1a: Flygon|Earthquake|p2a: Big Fundamental
|-damage|p2a: Big Fundamental|0 fnt
|faint|p2a: Big Fundamental
|
|t:|1727810393
|switch|p2a: Westbrick|Jolteon, M|67/100
|-damage|p2a: Westbrick|51/100|[from] Spikes
|
|-weather|Sandstorm|[upkeep]
|-damage|p2a: Westbrick|45/100|[from] Sandstorm
|-heal|p2a: Westbrick|51/100|[from] item: Leftovers
|-heal|p1a: Flygon|96/100|[from] item: Leftovers
|upkeep
|turn|50
|c|☆WombatBaby|sorry for hax
|
|t:|1727810401
|move|p2a: Westbrick|Hidden Power|p1a: Flygon
|-damage|p1a: Flygon|71/100
|move|p1a: Flygon|Earthquake|p2a: Westbrick
|-supereffective|p2a: Westbrick
|-damage|p2a: Westbrick|0 fnt
|faint|p2a: Westbrick
|
|win|WombatBaby
|c|☆Whiscash Cuajao|its okay
|player|p1|

</script>
<script type="application/json" class="data" id="replaydata-smogtours-gen3ou-793808">
{"id":"smogtours-gen3ou-793808","format":"[Gen 3] OU","players":["WombatBaby","Whiscash Cuajao"],"uploadtime":1727810401,"views":90,"formatid":"gen3ou","rating":null,"private":0,"password":null}
</script>

<script defer src="js/replays.js?9d40a366"></script>
