<!DOCTYPE html>
<meta charset="utf-8" />
<meta name="viewport" content="width=device-width" />

<title>[Gen 3] OU: pokology2 vs. Nardgo - Replays - Pok&eacute;mon Showdown!</title>

<meta name="description" content="Watch a replay of a Pok&eacute;mon battle between pokology2 and Nardgo! Format: [Gen 3] OU; Date: Nov 7, 2024" />
<!--

Hey, you! Looking in the source for the replay log?

You can find them in JSON format, just add `.json` at the end of a replay URL.

https://replay.pokemonshowdown.com/gen7randomdoublesbattle-865046831.json

Or, if you only need the log itself, add `.log` instead:

https://replay.pokemonshowdown.com/gen7randomdoublesbattle-865046831.log

-->

<link rel="stylesheet" href="//pokemonshowdown.com/style/global.css?0.023195364461161105" />
<link rel="stylesheet" href="//play.pokemonshowdown.com/style/font-awesome.css?0.13261647063804238" />
<link rel="stylesheet" href="//play.pokemonshowdown.com/style/battle.css?0.8753245789963631" />
<link rel="stylesheet" href="//play.pokemonshowdown.com/style/utilichart.css?0.8627959624976733" />

<!-- Global site tag (gtag.js) - Google Analytics -->
<script async src="https://www.googletagmanager.com/gtag/js?id=UA-26211653-1"></script>
<script>
  window.dataLayer = window.dataLayer || [];
  function gtag(){dataLayer.push(arguments);}
  gtag('js', new Date());

  gtag('config', 'UA-26211653-1');
</script>
<!-- End Google Analytics -->
<!-- Venatus Ad Manager - Install in <HEAD> of page -->
	<script src="https://hb.vntsm.com/v3/live/ad-manager.min.js" type="text/javascript" data-site-id="642aba63ec9a7b11c3c9c1be" data-mode="scan" async></script>
<!-- / Venatus Ad Manager -->

<style>
	@media (max-width:820px) {
		.battle {
			margin: 0 auto;
		}
		.battle-log {
			margin: 7px auto 0;
			max-width: 640px;
			height: 300px;
			position: static;
		}
	}
	.optgroup {
		display: inline-block;
		line-height: 22px;
		font-size: 10pt;
	}
	.optgroup .button {
		height: 25px;
		padding-top: 0;
		padding-bottom: 0;
	}
	.optgroup button.button {
		padding-left: 12px;
		padding-right: 12px;
	}
	.linklist {
		list-style: none;
		margin: 0.5em 0;
		padding: 0;
	}
	.linklist li {
		padding: 2px 0;
	}
	.sidebar {
		float: left;
		width: 320px;
	}
	.bar-wrapper {
		max-width: 1100px;
		margin: 0 auto;
	}
	.bar-wrapper.has-sidebar {
		max-width: 1430px;
	}
	.mainbar {
		margin: 0;
		padding-right: 1px;
	}
	.mainbar.has-sidebar {
		margin-left: 330px;
	}
	@media (min-width: 1511px) {
		.sidebar {
			width: 400px;
		}
		.bar-wrapper.has-sidebar {
			max-width: 1510px;
		}
		.mainbar.has-sidebar {
			margin-left: 410px;
		}
	}
	.section.first-section {
		margin-top: 9px;
	}
	.blocklink small {
		white-space: normal;
	}
	.button {
		vertical-align: middle;
	}
	.replay-controls {
		padding-top: 10px;
	}
	.replay-controls h1 {
		font-size: 16pt;
		font-weight: normal;
		color: #CCC;
	}
	.pagelink {
		text-align: center;
	}
	.pagelink a {
		width: 150px;
	}
	.textbox, .button {
		font-size: 11pt;
		vertical-align: middle;
	}
	@media (max-width: 450px) {
		.button {
			font-size: 9pt;
		}
	}
</style>

<div>

	<header>
		<div class="nav-wrapper"><ul class="nav">
			<li><a class="button nav-first" href="//pokemonshowdown.com/"><img src="//pokemonshowdown.com/images/pokemonshowdownbeta.png" srcset="//pokemonshowdown.com/images/pokemonshowdownbeta.png 1x, //pokemonshowdown.com/images/pokemonshowdownbeta@2x.png 2x" alt="Pok&eacute;mon Showdown" width="146" height="44" /> Home</a></li>
			<li><a class="button" href="//pokemonshowdown.com/dex/">Pok&eacute;dex</a></li>
			<li><a class="button cur" href="/">Replays</a></li>
			<li><a class="button" href="//pokemonshowdown.com/ladder/">Ladder</a></li>
			<li><a class="button nav-last" href="//pokemonshowdown.com/forums/">Forum</a></li>
			<li><a class="button greenbutton nav-first nav-last" href="//play.pokemonshowdown.com/">Play</a></li>
		</ul></div>
	</header>

	<div class="main" id="main">

		<noscript><section class="section">You need to enable JavaScript to use this page; sorry!</section></noscript>

	</div>

</div>

<script defer nomodule src="//play.pokemonshowdown.com/js/lib/ps-polyfill.js"></script>
<script defer src="//play.pokemonshowdown.com/js/lib/preact.min.js"></script>

<script defer src="//play.pokemonshowdown.com/config/config.js?2bddbc15"></script>
<script defer src="//play.pokemonshowdown.com/js/lib/jquery-1.11.0.min.js"></script>
<script defer src="//play.pokemonshowdown.com/js/lib/html-sanitizer-minified.js"></script>
<script defer src="//play.pokemonshowdown.com/js/battle-sound.js"></script>
<script defer src="//play.pokemonshowdown.com/js/battledata.js?0.7209276989879541"></script>
<script defer src="//play.pokemonshowdown.com/data/pokedex-mini.js?0.6111056340867951"></script>
<script defer src="//play.pokemonshowdown.com/data/pokedex-mini-bw.js?0.3532142036491459"></script>
<script defer src="//play.pokemonshowdown.com/data/graphics.js?0.24223875632456182"></script>
<script defer src="//play.pokemonshowdown.com/data/pokedex.js?0.38839984266356864"></script>
<script defer src="//play.pokemonshowdown.com/data/moves.js?0.21866028504024015"></script>
<script defer src="//play.pokemonshowdown.com/data/abilities.js?0.2005157953846628"></script>
<script defer src="//play.pokemonshowdown.com/data/items.js?0.9894211263848525"></script>
<script defer src="//play.pokemonshowdown.com/data/teambuilder-tables.js?0.6008791140282215"></script>
<script defer src="//play.pokemonshowdown.com/js/battle-tooltips.js?0.7580118955022959"></script>
<script defer src="//play.pokemonshowdown.com/js/battle.js?0.6057722274234274"></script>

<script defer src="js/utils.js?e31f9a17"></script>
<script defer src="js/replays-battle.js?7008c182"></script>

<!-- don't scrape this data! just add .json or .log after the URL!
Full API docs: https://github.com/smogon/pokemon-showdown-client/blob/master/WEB-API.md -->
<script type="text/plain" class="log" id="replaylog-smogtours-gen3ou-805100">
|inactive|Battle timer is ON: inactive players will automatically lose when time's up.
|t:|1731002613
|gametype|singles
|player|p1|pokology2|101|
|player|p2|Nardgo|steven|
|teamsize|p1|6
|teamsize|p2|6
|gen|3
|tier|[Gen 3] OU
|rule|Sleep Clause Mod: Limit one foe put to sleep
|rule|Switch Priority Clause Mod: Faster Pokémon switch first
|rule|Species Clause: Limit one of each Pokémon
|rule|OHKO Clause: OHKO moves are banned
|rule|Evasion Items Clause: Evasion items are banned
|rule|Evasion Moves Clause: Evasion moves are banned
|rule|Endless Battle Clause: Forcing endless battles is banned
|rule|HP Percentage Mod: HP is shown in percentages
|rule|One Boost Passer Clause: Limit one Baton Passer that has a way to boost its stats
|rule|Freeze Clause Mod: Limit one foe frozen
|
|t:|1731002613
|start
|switch|p1a: Moltres|Moltres|100/100
|switch|p2a: Zapdos|Zapdos|100/100
|turn|1
|c|☆Nardgo|Good luck!
|c|☆pokology2|gl hf :)
|inactive|pokology2 has 270 seconds left.
|
|t:|1731002658
|switch|p1a: Claydol|Claydol|100/100
|move|p2a: Zapdos|Thunderbolt|p1a: Claydol
|-immune|p1a: Claydol
|
|upkeep
|turn|2
|
|t:|1731002667
|switch|p1a: Steelix|Steelix, M|100/100
|move|p2a: Zapdos|Toxic|p1a: Steelix
|-immune|p1a: Steelix
|
|upkeep
|turn|3
|
|t:|1731002677
|switch|p2a: Kingdra|Kingdra, M|100/100
|move|p1a: Steelix|Roar|p2a: Kingdra
|drag|p2a: Regirock|Regirock|100/100
|
|upkeep
|turn|4
|
|t:|1731002695
|-singleturn|p2a: Regirock|move: Focus Punch
|move|p1a: Steelix|Toxic|p2a: Regirock
|-status|p2a: Regirock|tox
|move|p2a: Regirock|Focus Punch|p1a: Steelix
|-supereffective|p1a: Steelix
|-damage|p1a: Steelix|59/100
|
|-damage|p2a: Regirock|94/100 tox|[from] psn
|-heal|p1a: Steelix|65/100|[from] item: Leftovers
|upkeep
|turn|5
|
|t:|1731002704
|switch|p2a: Kingdra|Kingdra, M|100/100
|move|p1a: Steelix|Protect||[still]
|-fail|p1a: Steelix
|
|-heal|p1a: Steelix|71/100|[from] item: Leftovers
|upkeep
|turn|6
|
|t:|1731002708
|move|p1a: Steelix|Protect|p1a: Steelix
|-singleturn|p1a: Steelix|Protect
|move|p2a: Kingdra|Surf|p1a: Steelix
|-activate|p1a: Steelix|Protect
|
|-heal|p1a: Steelix|78/100|[from] item: Leftovers
|upkeep
|turn|7
|
|t:|1731002712
|switch|p1a: Milotic|Milotic, F|100/100
|move|p2a: Kingdra|Surf|p1a: Milotic
|-resisted|p1a: Milotic
|-damage|p1a: Milotic|86/100
|
|-heal|p1a: Milotic|92/100|[from] item: Leftovers
|upkeep
|turn|8
|
|t:|1731002722
|switch|p2a: Snorlax|Snorlax, F|100/100
|move|p1a: Milotic|Toxic|p2a: Snorlax|[miss]
|-miss|p1a: Milotic|p2a: Snorlax
|
|-heal|p1a: Milotic|98/100|[from] item: Leftovers
|upkeep
|turn|9
|
|t:|1731002730
|switch|p1a: Skarmory|Skarmory, F|100/100
|switch|p2a: Kingdra|Kingdra, M|100/100
|
|upkeep
|turn|10
|
|t:|1731002739
|switch|p1a: Milotic|Milotic, F|98/100
|move|p2a: Kingdra|Surf|p1a: Milotic
|-resisted|p1a: Milotic
|-damage|p1a: Milotic|83/100
|
|-heal|p1a: Milotic|90/100|[from] item: Leftovers
|upkeep
|turn|11
|
|t:|1731002747
|switch|p2a: Raikou|Raikou|100/100
|switch|p1a: Skarmory|Skarmory, F|100/100
|
|upkeep
|turn|12
|
|t:|1731002760
|switch|p1a: Tyranitar|Tyranitar, M|100/100
|-weather|Sandstorm|[from] ability: Sand Stream|[of] p1a: Tyranitar
|move|p2a: Raikou|Substitute|p2a: Raikou
|-start|p2a: Raikou|Substitute
|-damage|p2a: Raikou|76/100
|
|-weather|Sandstorm|[upkeep]
|-damage|p2a: Raikou|69/100|[from] Sandstorm
|-heal|p2a: Raikou|76/100|[from] item: Leftovers
|upkeep
|turn|13
|
|t:|1731002768
|move|p2a: Raikou|Hidden Power|p1a: Tyranitar
|-supereffective|p1a: Tyranitar
|-damage|p1a: Tyranitar|65/100
|move|p1a: Tyranitar|Earthquake|p2a: Raikou
|-supereffective|p2a: Raikou
|-end|p2a: Raikou|Substitute
|
|-weather|Sandstorm|[upkeep]
|-damage|p2a: Raikou|69/100|[from] Sandstorm
|-heal|p2a: Raikou|76/100|[from] item: Leftovers
|-heal|p1a: Tyranitar|72/100|[from] item: Leftovers
|upkeep
|turn|14
|
|t:|1731002791
|switch|p1a: Claydol|Claydol|100/100
|move|p2a: Raikou|Hidden Power|p1a: Claydol
|-supereffective|p1a: Claydol
|-damage|p1a: Claydol|57/100
|
|-weather|Sandstorm|[upkeep]
|-damage|p2a: Raikou|69/100|[from] Sandstorm
|-heal|p2a: Raikou|76/100|[from] item: Leftovers
|-heal|p1a: Claydol|63/100|[from] item: Leftovers
|upkeep
|turn|15
|
|t:|1731002802
|switch|p2a: Zapdos|Zapdos|100/100
|move|p1a: Claydol|Earthquake|p2a: Zapdos
|-immune|p2a: Zapdos
|
|-weather|Sandstorm|[upkeep]
|-damage|p2a: Zapdos|94/100|[from] Sandstorm
|-heal|p2a: Zapdos|100/100|[from] item: Leftovers
|-heal|p1a: Claydol|70/100|[from] item: Leftovers
|upkeep
|turn|16
|
|t:|1731002807
|switch|p1a: Steelix|Steelix, M|78/100
|move|p2a: Zapdos|Hidden Power|p1a: Steelix
|-damage|p1a: Steelix|50/100
|
|-weather|Sandstorm|[upkeep]
|-damage|p2a: Zapdos|94/100|[from] Sandstorm
|-heal|p2a: Zapdos|100/100|[from] item: Leftovers
|-heal|p1a: Steelix|56/100|[from] item: Leftovers
|upkeep
|turn|17
|
|t:|1731002827
|switch|p2a: Snorlax|Snorlax, F|100/100
|move|p1a: Steelix|Toxic|p2a: Snorlax
|-immune|p2a: Snorlax|[from] ability: Immunity
|
|-weather|Sandstorm|[upkeep]
|-damage|p2a: Snorlax|94/100|[from] Sandstorm
|-heal|p1a: Steelix|62/100|[from] item: Leftovers
|-heal|p2a: Snorlax|100/100|[from] item: Leftovers
|upkeep
|turn|18
|
|t:|1731002834
|switch|p2a: Kingdra|Kingdra, M|100/100
|move|p1a: Steelix|Protect||[still]
|-fail|p1a: Steelix
|
|-weather|Sandstorm|[upkeep]
|-damage|p2a: Kingdra|94/100|[from] Sandstorm
|-heal|p2a: Kingdra|100/100|[from] item: Leftovers
|-heal|p1a: Steelix|68/100|[from] item: Leftovers
|upkeep
|turn|19
|
|t:|1731002839
|move|p1a: Steelix|Protect|p1a: Steelix
|-singleturn|p1a: Steelix|Protect
|move|p2a: Kingdra|Rain Dance|p2a: Kingdra
|-weather|RainDance
|
|-weather|RainDance|[upkeep]
|-heal|p1a: Steelix|75/100|[from] item: Leftovers
|upkeep
|turn|20
|
|t:|1731002845
|switch|p1a: Milotic|Milotic, F|90/100
|move|p2a: Kingdra|Surf|p1a: Milotic
|-resisted|p1a: Milotic
|-damage|p1a: Milotic|68/100
|
|-weather|RainDance|[upkeep]
|-heal|p1a: Milotic|74/100|[from] item: Leftovers
|upkeep
|turn|21
|
|t:|1731002858
|switch|p2a: Snorlax|Snorlax, F|100/100
|move|p1a: Milotic|Surf|p2a: Snorlax
|-damage|p2a: Snorlax|76/100
|
|-weather|RainDance|[upkeep]
|-heal|p1a: Milotic|80/100|[from] item: Leftovers
|-heal|p2a: Snorlax|82/100|[from] item: Leftovers
|upkeep
|turn|22
|
|t:|1731002866
|switch|p1a: Skarmory|Skarmory, F|100/100
|move|p2a: Snorlax|Curse|p2a: Snorlax
|-unboost|p2a: Snorlax|spe|1
|-boost|p2a: Snorlax|atk|1
|-boost|p2a: Snorlax|def|1
|
|-weather|RainDance|[upkeep]
|-heal|p2a: Snorlax|88/100|[from] item: Leftovers
|upkeep
|turn|23
|
|t:|1731002871
|move|p1a: Skarmory|Spikes|p2a: Snorlax
|-sidestart|p2: Nardgo|Spikes
|move|p2a: Snorlax|Return|p1a: Skarmory
|-resisted|p1a: Skarmory
|-crit|p1a: Skarmory
|-damage|p1a: Skarmory|54/100
|
|-weather|none
|-heal|p1a: Skarmory|60/100|[from] item: Leftovers
|-heal|p2a: Snorlax|94/100|[from] item: Leftovers
|upkeep
|turn|24
|c|☆Nardgo|sorry
|
|t:|1731002877
|move|p1a: Skarmory|Protect|p1a: Skarmory
|-singleturn|p1a: Skarmory|Protect
|move|p2a: Snorlax|Return|p1a: Skarmory
|-activate|p1a: Skarmory|Protect
|
|-heal|p1a: Skarmory|66/100|[from] item: Leftovers
|-heal|p2a: Snorlax|100/100|[from] item: Leftovers
|upkeep
|turn|25
|
|t:|1731002883
|move|p2a: Snorlax|Return|p1a: Skarmory
|-resisted|p1a: Skarmory
|-damage|p1a: Skarmory|42/100
|move|p1a: Skarmory|Roar|p2a: Snorlax
|drag|p2a: Regirock|Regirock|94/100 tox
|-damage|p2a: Regirock|82/100 tox|[from] Spikes
|
|-heal|p1a: Skarmory|48/100|[from] item: Leftovers
|-heal|p2a: Regirock|88/100 tox|[from] item: Leftovers
|-damage|p2a: Regirock|82/100 tox|[from] psn
|upkeep
|turn|26
|
|t:|1731002891
|switch|p2a: Zapdos|Zapdos|100/100
|move|p1a: Skarmory|Protect||[still]
|-fail|p1a: Skarmory
|
|-heal|p1a: Skarmory|54/100|[from] item: Leftovers
|upkeep
|turn|27
|
|t:|1731002897
|move|p1a: Skarmory|Protect|p1a: Skarmory
|-singleturn|p1a: Skarmory|Protect
|move|p2a: Zapdos|Thunderbolt|p1a: Skarmory
|-activate|p1a: Skarmory|Protect
|
|-heal|p1a: Skarmory|60/100|[from] item: Leftovers
|upkeep
|turn|28
|
|t:|1731002915
|switch|p1a: Tyranitar|Tyranitar, M|72/100
|-weather|Sandstorm|[from] ability: Sand Stream|[of] p1a: Tyranitar
|move|p2a: Zapdos|Hidden Power|p1a: Tyranitar
|-damage|p1a: Tyranitar|50/100
|
|-weather|Sandstorm|[upkeep]
|-damage|p2a: Zapdos|94/100|[from] Sandstorm
|-heal|p2a: Zapdos|100/100|[from] item: Leftovers
|-heal|p1a: Tyranitar|56/100|[from] item: Leftovers
|upkeep
|turn|29
|
|t:|1731002929
|move|p2a: Zapdos|Thunderbolt|p1a: Tyranitar
|-damage|p1a: Tyranitar|12/100
|move|p1a: Tyranitar|Rock Slide|p2a: Zapdos
|-supereffective|p2a: Zapdos
|-damage|p2a: Zapdos|0 fnt
|faint|p2a: Zapdos
|
|t:|1731002933
|switch|p2a: Dugtrio|Dugtrio, M|100/100
|-damage|p2a: Dugtrio|88/100|[from] Spikes
|
|-weather|Sandstorm|[upkeep]
|-heal|p1a: Tyranitar|18/100|[from] item: Leftovers
|upkeep
|turn|30
|
|t:|1731002938
|move|p2a: Dugtrio|Earthquake|p1a: Tyranitar
|-supereffective|p1a: Tyranitar
|-damage|p1a: Tyranitar|0 fnt
|faint|p1a: Tyranitar
|inactive|pokology2 has 270 seconds left.
|inactive|pokology2 has 240 seconds left.
|inactive|pokology2 has 210 seconds left.
|
|t:|1731003031
|switch|p1a: Claydol|Claydol|70/100
|
|-weather|Sandstorm|[upkeep]
|-heal|p1a: Claydol|76/100|[from] item: Leftovers
|upkeep
|turn|31
|
|t:|1731003037
|switch|p2a: Regirock|Regirock|82/100 tox
|-damage|p2a: Regirock|70/100 tox|[from] Spikes
|move|p1a: Claydol|Earthquake|p2a: Regirock
|-supereffective|p2a: Regirock
|-damage|p2a: Regirock|33/100 tox
|
|-weather|Sandstorm|[upkeep]
|-heal|p1a: Claydol|82/100|[from] item: Leftovers
|-heal|p2a: Regirock|39/100 tox|[from] item: Leftovers
|-damage|p2a: Regirock|33/100 tox|[from] psn
|upkeep
|turn|32
|
|t:|1731003044
|move|p1a: Claydol|Earthquake|p2a: Regirock
|-supereffective|p2a: Regirock
|-damage|p2a: Regirock|0 fnt
|faint|p2a: Regirock
|
|t:|1731003046
|switch|p2a: Kingdra|Kingdra, M|100/100
|-damage|p2a: Kingdra|88/100|[from] Spikes
|
|-weather|Sandstorm|[upkeep]
|-damage|p2a: Kingdra|82/100|[from] Sandstorm
|-heal|p2a: Kingdra|88/100|[from] item: Leftovers
|-heal|p1a: Claydol|88/100|[from] item: Leftovers
|upkeep
|turn|33
|
|t:|1731003055
|move|p2a: Kingdra|Rain Dance|p2a: Kingdra
|-weather|RainDance
|move|p1a: Claydol|Explosion|p2a: Kingdra
|-damage|p2a: Kingdra|0 fnt
|faint|p1a: Claydol
|faint|p2a: Kingdra
|inactive|pokology2 has 240 seconds left.
|
|t:|1731003073
|switch|p2a: Dugtrio|Dugtrio, M|88/100
|switch|p1a: Milotic|Milotic, F|80/100
|-damage|p2a: Dugtrio|76/100|[from] Spikes
|
|-weather|RainDance|[upkeep]
|-heal|p1a: Milotic|86/100|[from] item: Leftovers
|upkeep
|turn|34
|
|t:|1731003085
|move|p2a: Dugtrio|Earthquake|p1a: Milotic
|-crit|p1a: Milotic
|-damage|p1a: Milotic|8/100
|move|p1a: Milotic|Surf|p2a: Dugtrio
|-supereffective|p2a: Dugtrio
|-damage|p2a: Dugtrio|0 fnt
|faint|p2a: Dugtrio
|
|t:|1731003088
|switch|p2a: Raikou|Raikou|76/100
|-damage|p2a: Raikou|63/100|[from] Spikes
|
|-weather|RainDance|[upkeep]
|-heal|p2a: Raikou|69/100|[from] item: Leftovers
|-heal|p1a: Milotic|14/100|[from] item: Leftovers
|upkeep
|turn|35
|
|t:|1731003094
|move|p2a: Raikou|Calm Mind|p2a: Raikou
|-boost|p2a: Raikou|spa|1
|-boost|p2a: Raikou|spd|1
|move|p1a: Milotic|Surf|p2a: Raikou
|-damage|p2a: Raikou|34/100
|
|-weather|RainDance|[upkeep]
|-heal|p2a: Raikou|40/100|[from] item: Leftovers
|-heal|p1a: Milotic|20/100|[from] item: Leftovers
|upkeep
|turn|36
|inactive|pokology2 has 240 seconds left.
|
|t:|1731003128
|move|p2a: Raikou|Substitute|p2a: Raikou
|-start|p2a: Raikou|Substitute
|-damage|p2a: Raikou|15/100
|move|p1a: Milotic|Toxic||[still]
|-fail|p1a: Milotic
|
|-weather|RainDance|[upkeep]
|-heal|p2a: Raikou|22/100|[from] item: Leftovers
|-heal|p1a: Milotic|26/100|[from] item: Leftovers
|upkeep
|turn|37
|
|t:|1731003134
|move|p2a: Raikou|Thunderbolt|p1a: Milotic
|-supereffective|p1a: Milotic
|-crit|p1a: Milotic
|-damage|p1a: Milotic|0 fnt
|faint|p1a: Milotic
|
|t:|1731003137
|switch|p1a: Steelix|Steelix, M|75/100
|
|-weather|none
|-heal|p2a: Raikou|28/100|[from] item: Leftovers
|-heal|p1a: Steelix|81/100|[from] item: Leftovers
|upkeep
|turn|38
|
|t:|1731003144
|move|p1a: Steelix|Protect|p1a: Steelix
|-singleturn|p1a: Steelix|Protect
|move|p2a: Raikou|Hidden Power|p1a: Steelix
|-activate|p1a: Steelix|Protect
|
|-heal|p2a: Raikou|34/100|[from] item: Leftovers
|-heal|p1a: Steelix|87/100|[from] item: Leftovers
|upkeep
|turn|39
|
|t:|1731003149
|move|p2a: Raikou|Hidden Power|p1a: Steelix
|-damage|p1a: Steelix|53/100
|move|p1a: Steelix|Roar|p2a: Raikou
|drag|p2a: Snorlax|Snorlax, F|100/100
|-damage|p2a: Snorlax|88/100|[from] Spikes
|
|-heal|p1a: Steelix|59/100|[from] item: Leftovers
|-heal|p2a: Snorlax|94/100|[from] item: Leftovers
|upkeep
|turn|40
|
|t:|1731003153
|move|p1a: Steelix|Earthquake|p2a: Snorlax
|-damage|p2a: Snorlax|72/100
|move|p2a: Snorlax|Curse|p2a: Snorlax
|-unboost|p2a: Snorlax|spe|1
|-boost|p2a: Snorlax|atk|1
|-boost|p2a: Snorlax|def|1
|
|-heal|p1a: Steelix|65/100|[from] item: Leftovers
|-heal|p2a: Snorlax|78/100|[from] item: Leftovers
|upkeep
|turn|41
|
|t:|1731003158
|move|p2a: Snorlax|Return|p1a: Steelix
|-resisted|p1a: Steelix
|-damage|p1a: Steelix|51/100
|move|p1a: Steelix|Roar|p2a: Snorlax
|drag|p2a: Raikou|Raikou|34/100
|-damage|p2a: Raikou|22/100|[from] Spikes
|
|-heal|p2a: Raikou|28/100|[from] item: Leftovers
|-heal|p1a: Steelix|57/100|[from] item: Leftovers
|upkeep
|turn|42
|
|t:|1731003165
|move|p2a: Raikou|Hidden Power|p1a: Steelix
|-damage|p1a: Steelix|33/100
|move|p1a: Steelix|Roar|p2a: Raikou
|drag|p2a: Snorlax|Snorlax, F|78/100
|-damage|p2a: Snorlax|65/100|[from] Spikes
|
|-heal|p1a: Steelix|39/100|[from] item: Leftovers
|-heal|p2a: Snorlax|72/100|[from] item: Leftovers
|upkeep
|turn|43
|
|t:|1731003172
|move|p1a: Steelix|Earthquake|p2a: Snorlax
|-damage|p2a: Snorlax|47/100
|move|p2a: Snorlax|Curse|p2a: Snorlax
|-unboost|p2a: Snorlax|spe|1
|-boost|p2a: Snorlax|atk|1
|-boost|p2a: Snorlax|def|1
|
|-heal|p1a: Steelix|45/100|[from] item: Leftovers
|-heal|p2a: Snorlax|53/100|[from] item: Leftovers
|upkeep
|turn|44
|
|t:|1731003176
|move|p1a: Steelix|Earthquake|p2a: Snorlax
|-damage|p2a: Snorlax|36/100
|move|p2a: Snorlax|Return|p1a: Steelix
|-resisted|p1a: Steelix
|-crit|p1a: Steelix
|-damage|p1a: Steelix|18/100
|
|-heal|p1a: Steelix|24/100|[from] item: Leftovers
|-heal|p2a: Snorlax|43/100|[from] item: Leftovers
|upkeep
|turn|45
|
|t:|1731003185
|move|p2a: Snorlax|Curse|p2a: Snorlax
|-unboost|p2a: Snorlax|spe|1
|-boost|p2a: Snorlax|atk|1
|-boost|p2a: Snorlax|def|1
|move|p1a: Steelix|Roar|p2a: Snorlax
|drag|p2a: Raikou|Raikou|28/100
|-damage|p2a: Raikou|15/100|[from] Spikes
|
|-heal|p2a: Raikou|22/100|[from] item: Leftovers
|-heal|p1a: Steelix|31/100|[from] item: Leftovers
|upkeep
|turn|46
|
|t:|1731003188
|move|p2a: Raikou|Hidden Power|p1a: Steelix
|-damage|p1a: Steelix|8/100
|move|p1a: Steelix|Earthquake|p2a: Raikou
|-supereffective|p2a: Raikou
|-damage|p2a: Raikou|0 fnt
|faint|p2a: Raikou
|
|t:|1731003190
|switch|p2a: Snorlax|Snorlax, F|43/100
|-damage|p2a: Snorlax|30/100|[from] Spikes
|
|-heal|p1a: Steelix|15/100|[from] item: Leftovers
|-heal|p2a: Snorlax|36/100|[from] item: Leftovers
|upkeep
|turn|47
|
|t:|1731003196
|move|p1a: Steelix|Earthquake|p2a: Snorlax
|-damage|p2a: Snorlax|11/100
|move|p2a: Snorlax|Curse|p2a: Snorlax
|-unboost|p2a: Snorlax|spe|1
|-boost|p2a: Snorlax|atk|1
|-boost|p2a: Snorlax|def|1
|
|-heal|p1a: Steelix|21/100|[from] item: Leftovers
|-heal|p2a: Snorlax|17/100|[from] item: Leftovers
|upkeep
|turn|48
|
|t:|1731003201
|move|p1a: Steelix|Earthquake|p2a: Snorlax
|-damage|p2a: Snorlax|0 fnt
|faint|p2a: Snorlax
|
|win|pokology2
|c|☆Nardgo|gg
|c|☆pokology2|gg
|c|☆Nardgo|I think i misplayed at the end there
|c|☆Nardgo|should have rested way earlier
|player|p2|
|c|☆pokology2|did you have rest?
|c|☆pokology2|oh yeah probably :)

</script>
<script type="application/json" class="data" id="replaydata-smogtours-gen3ou-805100">
{"id":"smogtours-gen3ou-805100","format":"[Gen 3] OU","players":["pokology2","Nardgo"],"uploadtime":1731003201,"views":15,"formatid":"gen3ou","rating":null,"private":0,"password":null}
</script>

<script defer src="js/replays.js?9d40a366"></script>
