<!DOCTYPE html>
<meta charset="utf-8" />
<meta name="viewport" content="width=device-width" />

<title>[Gen 3] OU: NekuYagokoro vs. Nihiliros - Replays - Pok&eacute;mon Showdown!</title>

<meta name="description" content="Watch a replay of a Pok&eacute;mon battle between NekuYagokoro and Nihiliros! Format: [Gen 3] OU; Date: Oct 4, 2024" />
<!--

Hey, you! Looking in the source for the replay log?

You can find them in JSON format, just add `.json` at the end of a replay URL.

https://replay.pokemonshowdown.com/gen7randomdoublesbattle-865046831.json

Or, if you only need the log itself, add `.log` instead:

https://replay.pokemonshowdown.com/gen7randomdoublesbattle-865046831.log

-->

<link rel="stylesheet" href="//pokemonshowdown.com/style/global.css?0.023195364461161105" />
<link rel="stylesheet" href="//play.pokemonshowdown.com/style/font-awesome.css?0.13261647063804238" />
<link rel="stylesheet" href="//play.pokemonshowdown.com/style/battle.css?0.8753245789963631" />
<link rel="stylesheet" href="//play.pokemonshowdown.com/style/utilichart.css?0.8627959624976733" />

<!-- Global site tag (gtag.js) - Google Analytics -->
<script async src="https://www.googletagmanager.com/gtag/js?id=UA-26211653-1"></script>
<script>
  window.dataLayer = window.dataLayer || [];
  function gtag(){dataLayer.push(arguments);}
  gtag('js', new Date());

  gtag('config', 'UA-26211653-1');
</script>
<!-- End Google Analytics -->
<!-- Venatus Ad Manager - Install in <HEAD> of page -->
	<script src="https://hb.vntsm.com/v3/live/ad-manager.min.js" type="text/javascript" data-site-id="642aba63ec9a7b11c3c9c1be" data-mode="scan" async></script>
<!-- / Venatus Ad Manager -->

<style>
	@media (max-width:820px) {
		.battle {
			margin: 0 auto;
		}
		.battle-log {
			margin: 7px auto 0;
			max-width: 640px;
			height: 300px;
			position: static;
		}
	}
	.optgroup {
		display: inline-block;
		line-height: 22px;
		font-size: 10pt;
	}
	.optgroup .button {
		height: 25px;
		padding-top: 0;
		padding-bottom: 0;
	}
	.optgroup button.button {
		padding-left: 12px;
		padding-right: 12px;
	}
	.linklist {
		list-style: none;
		margin: 0.5em 0;
		padding: 0;
	}
	.linklist li {
		padding: 2px 0;
	}
	.sidebar {
		float: left;
		width: 320px;
	}
	.bar-wrapper {
		max-width: 1100px;
		margin: 0 auto;
	}
	.bar-wrapper.has-sidebar {
		max-width: 1430px;
	}
	.mainbar {
		margin: 0;
		padding-right: 1px;
	}
	.mainbar.has-sidebar {
		margin-left: 330px;
	}
	@media (min-width: 1511px) {
		.sidebar {
			width: 400px;
		}
		.bar-wrapper.has-sidebar {
			max-width: 1510px;
		}
		.mainbar.has-sidebar {
			margin-left: 410px;
		}
	}
	.section.first-section {
		margin-top: 9px;
	}
	.blocklink small {
		white-space: normal;
	}
	.button {
		vertical-align: middle;
	}
	.replay-controls {
		padding-top: 10px;
	}
	.replay-controls h1 {
		font-size: 16pt;
		font-weight: normal;
		color: #CCC;
	}
	.pagelink {
		text-align: center;
	}
	.pagelink a {
		width: 150px;
	}
	.textbox, .button {
		font-size: 11pt;
		vertical-align: middle;
	}
	@media (max-width: 450px) {
		.button {
			font-size: 9pt;
		}
	}
</style>

<div>

	<header>
		<div class="nav-wrapper"><ul class="nav">
			<li><a class="button nav-first" href="//pokemonshowdown.com/"><img src="//pokemonshowdown.com/images/pokemonshowdownbeta.png" srcset="//pokemonshowdown.com/images/pokemonshowdownbeta.png 1x, //pokemonshowdown.com/images/pokemonshowdownbeta@2x.png 2x" alt="Pok&eacute;mon Showdown" width="146" height="44" /> Home</a></li>
			<li><a class="button" href="//pokemonshowdown.com/dex/">Pok&eacute;dex</a></li>
			<li><a class="button cur" href="/">Replays</a></li>
			<li><a class="button" href="//pokemonshowdown.com/ladder/">Ladder</a></li>
			<li><a class="button nav-last" href="//pokemonshowdown.com/forums/">Forum</a></li>
			<li><a class="button greenbutton nav-first nav-last" href="//play.pokemonshowdown.com/">Play</a></li>
		</ul></div>
	</header>

	<div class="main" id="main">

		<noscript><section class="section">You need to enable JavaScript to use this page; sorry!</section></noscript>

	</div>

</div>

<script defer nomodule src="//play.pokemonshowdown.com/js/lib/ps-polyfill.js"></script>
<script defer src="//play.pokemonshowdown.com/js/lib/preact.min.js"></script>

<script defer src="//play.pokemonshowdown.com/config/config.js?2bddbc15"></script>
<script defer src="//play.pokemonshowdown.com/js/lib/jquery-1.11.0.min.js"></script>
<script defer src="//play.pokemonshowdown.com/js/lib/html-sanitizer-minified.js"></script>
<script defer src="//play.pokemonshowdown.com/js/battle-sound.js"></script>
<script defer src="//play.pokemonshowdown.com/js/battledata.js?0.7209276989879541"></script>
<script defer src="//play.pokemonshowdown.com/data/pokedex-mini.js?0.6111056340867951"></script>
<script defer src="//play.pokemonshowdown.com/data/pokedex-mini-bw.js?0.3532142036491459"></script>
<script defer src="//play.pokemonshowdown.com/data/graphics.js?0.24223875632456182"></script>
<script defer src="//play.pokemonshowdown.com/data/pokedex.js?0.38839984266356864"></script>
<script defer src="//play.pokemonshowdown.com/data/moves.js?0.21866028504024015"></script>
<script defer src="//play.pokemonshowdown.com/data/abilities.js?0.2005157953846628"></script>
<script defer src="//play.pokemonshowdown.com/data/items.js?0.9894211263848525"></script>
<script defer src="//play.pokemonshowdown.com/data/teambuilder-tables.js?0.6008791140282215"></script>
<script defer src="//play.pokemonshowdown.com/js/battle-tooltips.js?0.7580118955022959"></script>
<script defer src="//play.pokemonshowdown.com/js/battle.js?0.6057722274234274"></script>

<script defer src="js/utils.js?e31f9a17"></script>
<script defer src="js/replays-battle.js?7008c182"></script>

<!-- don't scrape this data! just add .json or .log after the URL!
Full API docs: https://github.com/smogon/pokemon-showdown-client/blob/master/WEB-API.md -->
<script type="text/plain" class="log" id="replaylog-smogtours-gen3ou-794758">
|inactive|Battle timer is ON: inactive players will automatically lose when time's up.
|t:|1728079782
|gametype|singles
|player|p1|NekuYagokoro|2|
|player|p2|Nihiliros|riley|
|teamsize|p1|6
|teamsize|p2|6
|gen|3
|tier|[Gen 3] OU
|rule|Sleep Clause Mod: Limit one foe put to sleep
|rule|Switch Priority Clause Mod: Faster Pokémon switch first
|rule|Species Clause: Limit one of each Pokémon
|rule|OHKO Clause: OHKO moves are banned
|rule|Evasion Items Clause: Evasion items are banned
|rule|Evasion Moves Clause: Evasion moves are banned
|rule|Endless Battle Clause: Forcing endless battles is banned
|rule|HP Percentage Mod: HP is shown in percentages
|rule|One Boost Passer Clause: Limit one Baton Passer that has a way to boost its stats
|rule|Freeze Clause Mod: Limit one foe frozen
|
|t:|1728079782
|start
|switch|p1a: hi yt!|Tyranitar, F|100/100
|switch|p2a: Zapdos|Zapdos|100/100
|-weather|Sandstorm|[from] ability: Sand Stream|[of] p1a: hi yt!
|turn|1
|
|t:|1728079799
|switch|p2a: Suicune|Suicune|100/100
|switch|p1a: the boy|Swampert, F|100/100
|
|-weather|Sandstorm|[upkeep]
|-damage|p2a: Suicune|94/100|[from] Sandstorm
|-heal|p2a: Suicune|100/100|[from] item: Leftovers
|upkeep
|turn|2
|
|t:|1728079811
|move|p2a: Suicune|Toxic|p1a: the boy
|-status|p1a: the boy|tox
|move|p1a: the boy|Toxic|p2a: Suicune|[miss]
|-miss|p1a: the boy|p2a: Suicune
|
|-weather|Sandstorm|[upkeep]
|-damage|p2a: Suicune|94/100|[from] Sandstorm
|-heal|p2a: Suicune|100/100|[from] item: Leftovers
|-damage|p1a: the boy|94/100 tox|[from] psn
|upkeep
|turn|3
|
|t:|1728079821
|move|p2a: Suicune|Calm Mind|p2a: Suicune
|-boost|p2a: Suicune|spa|1
|-boost|p2a: Suicune|spd|1
|move|p1a: the boy|Toxic|p2a: Suicune
|-status|p2a: Suicune|tox
|
|-weather|Sandstorm|[upkeep]
|-damage|p2a: Suicune|94/100 tox|[from] Sandstorm
|-heal|p2a: Suicune|100/100 tox|[from] item: Leftovers
|-damage|p2a: Suicune|94/100 tox|[from] psn
|-heal|p1a: the boy|100/100 tox|[from] item: Leftovers
|-damage|p1a: the boy|88/100 tox|[from] psn
|upkeep
|turn|4
|
|t:|1728079835
|move|p2a: Suicune|Calm Mind|p2a: Suicune
|-boost|p2a: Suicune|spa|1
|-boost|p2a: Suicune|spd|1
|move|p1a: the boy|Refresh|p1a: the boy
|-curestatus|p1a: the boy|tox|[msg]
|
|-weather|Sandstorm|[upkeep]
|-damage|p2a: Suicune|88/100 tox|[from] Sandstorm
|-heal|p2a: Suicune|94/100 tox|[from] item: Leftovers
|-damage|p2a: Suicune|82/100 tox|[from] psn
|-heal|p1a: the boy|94/100|[from] item: Leftovers
|upkeep
|turn|5
|
|t:|1728079848
|switch|p1a: devious|Gengar, M|100/100
|move|p2a: Suicune|Calm Mind|p2a: Suicune
|-boost|p2a: Suicune|spa|1
|-boost|p2a: Suicune|spd|1
|
|-weather|Sandstorm|[upkeep]
|-damage|p1a: devious|94/100|[from] Sandstorm
|-damage|p2a: Suicune|76/100 tox|[from] Sandstorm
|-heal|p1a: devious|100/100|[from] item: Leftovers
|-heal|p2a: Suicune|82/100 tox|[from] item: Leftovers
|-damage|p2a: Suicune|63/100 tox|[from] psn
|upkeep
|turn|6
|
|t:|1728079860
|move|p1a: devious|Taunt|p2a: Suicune
|-start|p2a: Suicune|move: Taunt
|cant|p2a: Suicune|move: Taunt|Rest
|
|-weather|Sandstorm|[upkeep]
|-damage|p1a: devious|94/100|[from] Sandstorm
|-damage|p2a: Suicune|57/100 tox|[from] Sandstorm
|-heal|p1a: devious|100/100|[from] item: Leftovers
|-heal|p2a: Suicune|63/100 tox|[from] item: Leftovers
|-damage|p2a: Suicune|38/100 tox|[from] psn
|upkeep
|turn|7
|
|t:|1728079876
|switch|p2a: Blissey|Blissey, F|100/100
|move|p1a: devious|Thunderbolt|p2a: Blissey
|-damage|p2a: Blissey|89/100
|
|-weather|Sandstorm|[upkeep]
|-damage|p1a: devious|94/100|[from] Sandstorm
|-damage|p2a: Blissey|83/100|[from] Sandstorm
|-heal|p1a: devious|100/100|[from] item: Leftovers
|-heal|p2a: Blissey|89/100|[from] item: Leftovers
|upkeep
|turn|8
|
|t:|1728079890
|move|p1a: devious|Will-O-Wisp|p2a: Blissey|[miss]
|-miss|p1a: devious|p2a: Blissey
|move|p2a: Blissey|Thunder Wave|p1a: devious
|-status|p1a: devious|par
|
|-weather|Sandstorm|[upkeep]
|-damage|p2a: Blissey|83/100|[from] Sandstorm
|-damage|p1a: devious|94/100 par|[from] Sandstorm
|-heal|p2a: Blissey|89/100|[from] item: Leftovers
|-heal|p1a: devious|100/100 par|[from] item: Leftovers
|upkeep
|turn|9
|
|t:|1728079904
|move|p2a: Blissey|Ice Beam|p1a: devious
|-damage|p1a: devious|71/100 par
|move|p1a: devious|Will-O-Wisp|p2a: Blissey|[miss]
|-miss|p1a: devious|p2a: Blissey
|
|-weather|Sandstorm|[upkeep]
|-damage|p2a: Blissey|83/100|[from] Sandstorm
|-damage|p1a: devious|65/100 par|[from] Sandstorm
|-heal|p2a: Blissey|89/100|[from] item: Leftovers
|-heal|p1a: devious|71/100 par|[from] item: Leftovers
|upkeep
|turn|10
|
|t:|1728079913
|move|p2a: Blissey|Ice Beam|p1a: devious
|-damage|p1a: devious|44/100 par
|cant|p1a: devious|par
|
|-weather|Sandstorm|[upkeep]
|-damage|p2a: Blissey|83/100|[from] Sandstorm
|-damage|p1a: devious|38/100 par|[from] Sandstorm
|-heal|p2a: Blissey|89/100|[from] item: Leftovers
|-heal|p1a: devious|44/100 par|[from] item: Leftovers
|upkeep
|turn|11
|
|t:|1728079922
|switch|p1a: placing spikes n|Skarmory, M|100/100
|move|p2a: Blissey|Ice Beam|p1a: placing spikes n
|-damage|p1a: placing spikes n|77/100
|-status|p1a: placing spikes n|frz
|
|-weather|Sandstorm|[upkeep]
|-damage|p2a: Blissey|83/100|[from] Sandstorm
|-heal|p1a: placing spikes n|83/100 frz|[from] item: Leftovers
|-heal|p2a: Blissey|89/100|[from] item: Leftovers
|upkeep
|turn|12
|
|t:|1728079937
|cant|p1a: placing spikes n|frz
|move|p2a: Blissey|Seismic Toss|p1a: placing spikes n
|-damage|p1a: placing spikes n|53/100 frz
|
|-weather|Sandstorm|[upkeep]
|-damage|p2a: Blissey|83/100|[from] Sandstorm
|-heal|p1a: placing spikes n|59/100 frz|[from] item: Leftovers
|-heal|p2a: Blissey|89/100|[from] item: Leftovers
|upkeep
|turn|13
|
|t:|1728079946
|cant|p1a: placing spikes n|frz
|move|p2a: Blissey|Seismic Toss|p1a: placing spikes n
|-damage|p1a: placing spikes n|29/100 frz
|
|-weather|Sandstorm|[upkeep]
|-damage|p2a: Blissey|83/100|[from] Sandstorm
|-heal|p1a: placing spikes n|35/100 frz|[from] item: Leftovers
|-heal|p2a: Blissey|89/100|[from] item: Leftovers
|upkeep
|turn|14
|
|t:|1728079958
|cant|p1a: placing spikes n|frz
|move|p2a: Blissey|Seismic Toss|p1a: placing spikes n
|-damage|p1a: placing spikes n|5/100 frz
|
|-weather|Sandstorm|[upkeep]
|-damage|p2a: Blissey|83/100|[from] Sandstorm
|-heal|p1a: placing spikes n|11/100 frz|[from] item: Leftovers
|-heal|p2a: Blissey|89/100|[from] item: Leftovers
|upkeep
|turn|15
|
|t:|1728079967
|cant|p1a: placing spikes n|frz
|move|p2a: Blissey|Seismic Toss|p1a: placing spikes n
|-damage|p1a: placing spikes n|0 fnt
|faint|p1a: placing spikes n
|
|t:|1728079974
|switch|p1a: hi yt!|Tyranitar, F|100/100
|
|-weather|Sandstorm|[upkeep]
|-damage|p2a: Blissey|83/100|[from] Sandstorm
|-heal|p2a: Blissey|89/100|[from] item: Leftovers
|upkeep
|turn|16
|
|t:|1728079990
|switch|p1a: the boy|Swampert, F|94/100
|switch|p2a: Metagross|Metagross|100/100
|
|-weather|Sandstorm|[upkeep]
|-heal|p1a: the boy|100/100|[from] item: Leftovers
|upkeep
|turn|17
|
|t:|1728080005
|switch|p2a: Zapdos|Zapdos|100/100
|move|p1a: the boy|Surf|p2a: Zapdos
|-damage|p2a: Zapdos|71/100
|
|-weather|Sandstorm|[upkeep]
|-damage|p2a: Zapdos|64/100|[from] Sandstorm
|-heal|p2a: Zapdos|71/100|[from] item: Leftovers
|upkeep
|turn|18
|
|t:|1728080015
|move|p2a: Zapdos|Agility|p2a: Zapdos
|-boost|p2a: Zapdos|spe|2
|move|p1a: the boy|Toxic|p2a: Zapdos
|-status|p2a: Zapdos|tox
|
|-weather|Sandstorm|[upkeep]
|-damage|p2a: Zapdos|64/100 tox|[from] Sandstorm
|-heal|p2a: Zapdos|71/100 tox|[from] item: Leftovers
|-damage|p2a: Zapdos|64/100 tox|[from] psn
|upkeep
|turn|19
|
|t:|1728080025
|move|p2a: Zapdos|Hidden Power|p1a: the boy
|-supereffective|p1a: the boy
|-damage|p1a: the boy|18/100
|move|p1a: the boy|Surf|p2a: Zapdos
|-damage|p2a: Zapdos|21/100 tox
|
|-weather|Sandstorm|[upkeep]
|-damage|p2a: Zapdos|15/100 tox|[from] Sandstorm
|-heal|p2a: Zapdos|21/100 tox|[from] item: Leftovers
|-damage|p2a: Zapdos|9/100 tox|[from] psn
|-heal|p1a: the boy|24/100|[from] item: Leftovers
|upkeep
|turn|20
|
|t:|1728080041
|move|p1a: the boy|Protect|p1a: the boy
|-singleturn|p1a: the boy|Protect
|move|p2a: Zapdos|Baton Pass|p2a: Zapdos
|
|t:|1728080046
|switch|p2a: Metagross|Metagross|100/100|[from] Baton Pass
|
|-weather|Sandstorm|[upkeep]
|-heal|p1a: the boy|30/100|[from] item: Leftovers
|upkeep
|turn|21
|
|t:|1728080055
|switch|p1a: devious|Gengar, M|44/100 par
|move|p2a: Metagross|Meteor Mash|p1a: devious|[miss]
|-miss|p2a: Metagross|p1a: devious
|
|-weather|Sandstorm|[upkeep]
|-damage|p1a: devious|38/100 par|[from] Sandstorm
|-heal|p1a: devious|44/100 par|[from] item: Leftovers
|upkeep
|turn|22
|
|t:|1728080064
|move|p2a: Metagross|Meteor Mash|p1a: devious
|-damage|p1a: devious|0 fnt
|faint|p1a: devious
|
|t:|1728080068
|switch|p1a: button presser|Aerodactyl, F|100/100
|
|-weather|Sandstorm|[upkeep]
|upkeep
|turn|23
|
|t:|1728080077
|move|p2a: Metagross|Meteor Mash|p1a: button presser
|-supereffective|p1a: button presser
|-damage|p1a: button presser|0 fnt
|faint|p1a: button presser
|
|t:|1728080086
|switch|p1a: ou bird|Zapdos|100/100
|
|-weather|Sandstorm|[upkeep]
|-damage|p1a: ou bird|94/100|[from] Sandstorm
|-heal|p1a: ou bird|100/100|[from] item: Leftovers
|upkeep
|turn|24
|
|t:|1728080097
|move|p2a: Metagross|Meteor Mash|p1a: ou bird
|-resisted|p1a: ou bird
|-damage|p1a: ou bird|70/100
|move|p1a: ou bird|Thunderbolt|p2a: Metagross
|-damage|p2a: Metagross|51/100
|
|-weather|Sandstorm|[upkeep]
|-damage|p1a: ou bird|64/100|[from] Sandstorm
|-heal|p1a: ou bird|70/100|[from] item: Leftovers
|upkeep
|turn|25
|
|t:|1728080117
|move|p2a: Metagross|Explosion|p1a: ou bird
|-damage|p1a: ou bird|0 fnt
|faint|p2a: Metagross
|faint|p1a: ou bird
|
|t:|1728080126
|switch|p1a: hi yt!|Tyranitar, F|100/100
|switch|p2a: Suicune|Suicune|38/100 tox
|
|-weather|Sandstorm|[upkeep]
|-damage|p2a: Suicune|32/100 tox|[from] Sandstorm
|-heal|p2a: Suicune|38/100 tox|[from] item: Leftovers
|-damage|p2a: Suicune|32/100 tox|[from] psn
|upkeep
|turn|26
|
|t:|1728080135
|move|p2a: Suicune|Rest|p2a: Suicune
|-status|p2a: Suicune|slp|[from] move: Rest
|-heal|p2a: Suicune|100/100 slp|[silent]
|move|p1a: hi yt!|Dragon Dance|p1a: hi yt!
|-boost|p1a: hi yt!|atk|1
|-boost|p1a: hi yt!|spe|1
|
|-weather|Sandstorm|[upkeep]
|-damage|p2a: Suicune|94/100 slp|[from] Sandstorm
|-heal|p2a: Suicune|100/100 slp|[from] item: Leftovers
|upkeep
|turn|27
|
|t:|1728080146
|move|p1a: hi yt!|Dragon Dance|p1a: hi yt!
|-boost|p1a: hi yt!|atk|1
|-boost|p1a: hi yt!|spe|1
|cant|p2a: Suicune|slp
|
|-weather|Sandstorm|[upkeep]
|-damage|p2a: Suicune|94/100 slp|[from] Sandstorm
|-heal|p2a: Suicune|100/100 slp|[from] item: Leftovers
|upkeep
|turn|28
|
|t:|1728080154
|move|p1a: hi yt!|Dragon Dance|p1a: hi yt!
|-boost|p1a: hi yt!|atk|1
|-boost|p1a: hi yt!|spe|1
|cant|p2a: Suicune|slp
|
|-weather|Sandstorm|[upkeep]
|-damage|p2a: Suicune|94/100 slp|[from] Sandstorm
|-heal|p2a: Suicune|100/100 slp|[from] item: Leftovers
|upkeep
|turn|29
|
|t:|1728080162
|move|p1a: hi yt!|Earthquake|p2a: Suicune
|-damage|p2a: Suicune|54/100 slp
|-curestatus|p2a: Suicune|slp|[msg]
|move|p2a: Suicune|Surf|p1a: hi yt!
|-supereffective|p1a: hi yt!
|-damage|p1a: hi yt!|45/100
|
|-weather|Sandstorm|[upkeep]
|-damage|p2a: Suicune|47/100|[from] Sandstorm
|-heal|p1a: hi yt!|51/100|[from] item: Leftovers
|-heal|p2a: Suicune|54/100|[from] item: Leftovers
|upkeep
|turn|30
|
|t:|1728080173
|move|p1a: hi yt!|Rock Slide|p2a: Suicune|[miss]
|-miss|p1a: hi yt!|p2a: Suicune
|move|p2a: Suicune|Surf|p1a: hi yt!
|-supereffective|p1a: hi yt!
|-damage|p1a: hi yt!|0 fnt
|faint|p1a: hi yt!
|
|t:|1728080175
|switch|p1a: the boy|Swampert, F|30/100
|
|-weather|Sandstorm|[upkeep]
|-damage|p2a: Suicune|47/100|[from] Sandstorm
|-heal|p2a: Suicune|54/100|[from] item: Leftovers
|-heal|p1a: the boy|36/100|[from] item: Leftovers
|upkeep
|turn|31
|
|t:|1728080185
|move|p2a: Suicune|Surf|p1a: the boy
|-damage|p1a: the boy|12/100
|move|p1a: the boy|Toxic|p2a: Suicune|[miss]
|-miss|p1a: the boy|p2a: Suicune
|
|-weather|Sandstorm|[upkeep]
|-damage|p2a: Suicune|47/100|[from] Sandstorm
|-heal|p2a: Suicune|54/100|[from] item: Leftovers
|-heal|p1a: the boy|18/100|[from] item: Leftovers
|upkeep
|turn|32
|c|☆Nihiliros|wow I'm so sorry for this haxx
|
|t:|1728080197
|move|p2a: Suicune|Surf|p1a: the boy
|-damage|p1a: the boy|0 fnt
|faint|p1a: the boy
|
|win|Nihiliros
|c|☆NekuYagokoro|it's all good LOL
|c|☆NekuYagokoro|gg!
|c|☆Nihiliros|gg

</script>
<script type="application/json" class="data" id="replaydata-smogtours-gen3ou-794758">
{"id":"smogtours-gen3ou-794758","format":"[Gen 3] OU","players":["NekuYagokoro","Nihiliros"],"uploadtime":1728080197,"views":128,"formatid":"gen3ou","rating":null,"private":0,"password":null}
</script>

<script defer src="js/replays.js?9d40a366"></script>
