<!DOCTYPE html>
<meta charset="utf-8" />
<meta name="viewport" content="width=device-width" />

<title>[Gen 3] OU: Tree69420 vs. hey its me riley - Replays - Pok&eacute;mon Showdown!</title>

<meta name="description" content="Watch a replay of a Pok&eacute;mon battle between Tree69420 and hey its me riley! Format: [Gen 3] OU; Date: Oct 24, 2024" />
<!--

Hey, you! Looking in the source for the replay log?

You can find them in JSON format, just add `.json` at the end of a replay URL.

https://replay.pokemonshowdown.com/gen7randomdoublesbattle-865046831.json

Or, if you only need the log itself, add `.log` instead:

https://replay.pokemonshowdown.com/gen7randomdoublesbattle-865046831.log

-->

<link rel="stylesheet" href="//pokemonshowdown.com/style/global.css?0.767286132409787" />
<link rel="stylesheet" href="//play.pokemonshowdown.com/style/font-awesome.css?0.9266228007934947" />
<link rel="stylesheet" href="//play.pokemonshowdown.com/style/battle.css?0.7924700842790926" />
<link rel="stylesheet" href="//play.pokemonshowdown.com/style/utilichart.css?0.8777417872839479" />

<!-- Global site tag (gtag.js) - Google Analytics -->
<script async src="https://www.googletagmanager.com/gtag/js?id=UA-26211653-1"></script>
<script>
  window.dataLayer = window.dataLayer || [];
  function gtag(){dataLayer.push(arguments);}
  gtag('js', new Date());

  gtag('config', 'UA-26211653-1');
</script>
<!-- End Google Analytics -->
<!-- Venatus Ad Manager - Install in <HEAD> of page -->
	<script src="https://hb.vntsm.com/v3/live/ad-manager.min.js" type="text/javascript" data-site-id="642aba63ec9a7b11c3c9c1be" data-mode="scan" async></script>
<!-- / Venatus Ad Manager -->

<style>
	@media (max-width:820px) {
		.battle {
			margin: 0 auto;
		}
		.battle-log {
			margin: 7px auto 0;
			max-width: 640px;
			height: 300px;
			position: static;
		}
	}
	.optgroup {
		display: inline-block;
		line-height: 22px;
		font-size: 10pt;
	}
	.optgroup .button {
		height: 25px;
		padding-top: 0;
		padding-bottom: 0;
	}
	.optgroup button.button {
		padding-left: 12px;
		padding-right: 12px;
	}
	.linklist {
		list-style: none;
		margin: 0.5em 0;
		padding: 0;
	}
	.linklist li {
		padding: 2px 0;
	}
	.sidebar {
		float: left;
		width: 320px;
	}
	.bar-wrapper {
		max-width: 1100px;
		margin: 0 auto;
	}
	.bar-wrapper.has-sidebar {
		max-width: 1430px;
	}
	.mainbar {
		margin: 0;
		padding-right: 1px;
	}
	.mainbar.has-sidebar {
		margin-left: 330px;
	}
	@media (min-width: 1511px) {
		.sidebar {
			width: 400px;
		}
		.bar-wrapper.has-sidebar {
			max-width: 1510px;
		}
		.mainbar.has-sidebar {
			margin-left: 410px;
		}
	}
	.section.first-section {
		margin-top: 9px;
	}
	.blocklink small {
		white-space: normal;
	}
	.button {
		vertical-align: middle;
	}
	.replay-controls {
		padding-top: 10px;
	}
	.replay-controls h1 {
		font-size: 16pt;
		font-weight: normal;
		color: #CCC;
	}
	.pagelink {
		text-align: center;
	}
	.pagelink a {
		width: 150px;
	}
	.textbox, .button {
		font-size: 11pt;
		vertical-align: middle;
	}
	@media (max-width: 450px) {
		.button {
			font-size: 9pt;
		}
	}
</style>

<div>

	<header>
		<div class="nav-wrapper"><ul class="nav">
			<li><a class="button nav-first" href="//pokemonshowdown.com/"><img src="//pokemonshowdown.com/images/pokemonshowdownbeta.png" srcset="//pokemonshowdown.com/images/pokemonshowdownbeta.png 1x, //pokemonshowdown.com/images/pokemonshowdownbeta@2x.png 2x" alt="Pok&eacute;mon Showdown" width="146" height="44" /> Home</a></li>
			<li><a class="button" href="//pokemonshowdown.com/dex/">Pok&eacute;dex</a></li>
			<li><a class="button cur" href="/">Replays</a></li>
			<li><a class="button" href="//pokemonshowdown.com/ladder/">Ladder</a></li>
			<li><a class="button nav-last" href="//pokemonshowdown.com/forums/">Forum</a></li>
			<li><a class="button greenbutton nav-first nav-last" href="//play.pokemonshowdown.com/">Play</a></li>
		</ul></div>
	</header>

	<div class="main" id="main">

		<noscript><section class="section">You need to enable JavaScript to use this page; sorry!</section></noscript>

	</div>

</div>

<script defer nomodule src="//play.pokemonshowdown.com/js/lib/ps-polyfill.js"></script>
<script defer src="//play.pokemonshowdown.com/js/lib/preact.min.js"></script>

<script defer src="//play.pokemonshowdown.com/config/config.js?6dec07f6"></script>
<script defer src="//play.pokemonshowdown.com/js/lib/jquery-1.11.0.min.js"></script>
<script defer src="//play.pokemonshowdown.com/js/lib/html-sanitizer-minified.js"></script>
<script defer src="//play.pokemonshowdown.com/js/battle-sound.js"></script>
<script defer src="//play.pokemonshowdown.com/js/battledata.js?0.6315294753075389"></script>
<script defer src="//play.pokemonshowdown.com/data/pokedex-mini.js?0.7603743185311358"></script>
<script defer src="//play.pokemonshowdown.com/data/pokedex-mini-bw.js?0.030888842834281283"></script>
<script defer src="//play.pokemonshowdown.com/data/graphics.js?0.05593094747507488"></script>
<script defer src="//play.pokemonshowdown.com/data/pokedex.js?0.47064822249611904"></script>
<script defer src="//play.pokemonshowdown.com/data/moves.js?0.8583693120512459"></script>
<script defer src="//play.pokemonshowdown.com/data/abilities.js?0.16017181182386842"></script>
<script defer src="//play.pokemonshowdown.com/data/items.js?0.4163379185673943"></script>
<script defer src="//play.pokemonshowdown.com/data/teambuilder-tables.js?0.31075597372830477"></script>
<script defer src="//play.pokemonshowdown.com/js/battle-tooltips.js?0.6536193500708172"></script>
<script defer src="//play.pokemonshowdown.com/js/battle.js?0.1916591943277901"></script>

<script defer src="js/utils.js?e31f9a17"></script>
<script defer src="js/replays-battle.js?7008c182"></script>

<!-- don't scrape this data! just add .json or .log after the URL!
Full API docs: https://github.com/smogon/pokemon-showdown-client/blob/master/WEB-API.md -->
<script type="text/plain" class="log" id="replaylog-smogtours-gen3ou-801484">
|inactive|Battle timer is ON: inactive players will automatically lose when time's up.
|badge|p1|silver|gen9uu|30-3
|uhtml|medal-msg|<div class="broadcast-blue">Curious what those medals under the avatar are? PS now has Ladder Seasons! For more information, check out the <a href="https://www.smogon.com/forums/threads/3740067/">thread on Smogon.<\/a><\/div>
|t:|1729731601
|gametype|singles
|player|p1|Tree69420|#rbyplivglacialarticunos|
|player|p2|hey its me riley|2|
|teamsize|p1|6
|teamsize|p2|6
|gen|3
|tier|[Gen 3] OU
|rule|Sleep Clause Mod: Limit one foe put to sleep
|rule|Switch Priority Clause Mod: Faster Pokémon switch first
|rule|Species Clause: Limit one of each Pokémon
|rule|OHKO Clause: OHKO moves are banned
|rule|Evasion Items Clause: Evasion items are banned
|rule|Evasion Moves Clause: Evasion moves are banned
|rule|Endless Battle Clause: Forcing endless battles is banned
|rule|HP Percentage Mod: HP is shown in percentages
|rule|One Boost Passer Clause: Limit one Baton Passer that has a way to boost its stats
|rule|Freeze Clause Mod: Limit one foe frozen
|
|t:|1729731601
|start
|switch|p1a: Smeargle|Smeargle, F|100/100
|switch|p2a: Metagross|Metagross|100/100
|turn|1
|
|t:|1729731612
|switch|p2a: Celebi|Celebi|100/100
|move|p1a: Smeargle|Substitute|p1a: Smeargle
|-start|p1a: Smeargle|Substitute
|-damage|p1a: Smeargle|75/100
|
|-heal|p1a: Smeargle|81/100|[from] item: Leftovers
|upkeep
|turn|2
|
|t:|1729731617
|move|p2a: Celebi|Substitute|p2a: Celebi
|-start|p2a: Celebi|Substitute
|-damage|p2a: Celebi|75/100
|move|p1a: Smeargle|Spore||[still]
|-fail|p1a: Smeargle
|
|-heal|p2a: Celebi|82/100|[from] item: Leftovers
|-heal|p1a: Smeargle|87/100|[from] item: Leftovers
|upkeep
|turn|3
|
|t:|1729731620
|move|p2a: Celebi|Psychic|p1a: Smeargle
|-crit|p1a: Smeargle
|-end|p1a: Smeargle|Substitute
|move|p1a: Smeargle|Baton Pass|p1a: Smeargle
|
|t:|1729731625
|switch|p1a: Metagross|Metagross|100/100|[from] Baton Pass
|
|-heal|p2a: Celebi|88/100|[from] item: Leftovers
|upkeep
|turn|4
|
|t:|1729731628
|move|p2a: Celebi|Leech Seed|p1a: Metagross
|-start|p1a: Metagross|move: Leech Seed
|move|p1a: Metagross|Meteor Mash|p2a: Celebi
|-end|p2a: Celebi|Substitute
|
|-heal|p2a: Celebi|94/100|[from] item: Leftovers
|-damage|p1a: Metagross|88/100|[from] Leech Seed|[of] p2a: Celebi
|-heal|p2a: Celebi|100/100|[silent]
|upkeep
|turn|5
|
|t:|1729731633
|switch|p1a: Smeargle|Smeargle, F|87/100
|move|p2a: Celebi|Substitute|p2a: Celebi
|-start|p2a: Celebi|Substitute
|-damage|p2a: Celebi|75/100
|
|-heal|p2a: Celebi|82/100|[from] item: Leftovers
|-heal|p1a: Smeargle|93/100|[from] item: Leftovers
|upkeep
|turn|6
|
|t:|1729731635
|move|p2a: Celebi|Psychic|p1a: Smeargle
|-damage|p1a: Smeargle|36/100
|move|p1a: Smeargle|Encore|p2a: Celebi
|-start|p2a: Celebi|Encore
|
|-heal|p2a: Celebi|88/100|[from] item: Leftovers
|-heal|p1a: Smeargle|42/100|[from] item: Leftovers
|upkeep
|turn|7
|
|t:|1729731638
|switch|p1a: Metagross|Metagross|88/100
|move|p2a: Celebi|Psychic|p1a: Metagross
|-resisted|p1a: Metagross
|-damage|p1a: Metagross|80/100
|
|-heal|p2a: Celebi|94/100|[from] item: Leftovers
|-heal|p1a: Metagross|86/100|[from] item: Leftovers
|upkeep
|turn|8
|
|t:|1729731641
|move|p2a: Celebi|Psychic|p1a: Metagross
|-resisted|p1a: Metagross
|-damage|p1a: Metagross|78/100
|move|p1a: Metagross|Meteor Mash|p2a: Celebi
|-end|p2a: Celebi|Substitute
|
|-heal|p2a: Celebi|99/100|[from] item: Leftovers
|-heal|p1a: Metagross|84/100|[from] item: Leftovers
|upkeep
|turn|9
|
|t:|1729731647
|switch|p2a: Metagross|Metagross|100/100
|move|p1a: Metagross|Meteor Mash|p2a: Metagross
|-resisted|p2a: Metagross
|-damage|p2a: Metagross|74/100
|
|-heal|p1a: Metagross|90/100|[from] item: Leftovers
|upkeep
|turn|10
|
|t:|1729731667
|move|p1a: Metagross|Protect|p1a: Metagross
|-singleturn|p1a: Metagross|Protect
|move|p2a: Metagross|Explosion|p1a: Metagross
|-activate|p1a: Metagross|Protect
|faint|p2a: Metagross
|
|t:|1729731672
|switch|p2a: Gyarados|Gyarados, F|100/100
|-ability|p2a: Gyarados|Intimidate|boost
|-fail|p1a: Metagross|unboost|[from] ability: Clear Body|[of] p1a: Metagross
|
|-heal|p1a: Metagross|96/100|[from] item: Leftovers
|upkeep
|turn|11
|
|t:|1729731688
|move|p2a: Gyarados|Dragon Dance|p2a: Gyarados
|-boost|p2a: Gyarados|atk|1
|-boost|p2a: Gyarados|spe|1
|move|p1a: Metagross|Explosion|p2a: Gyarados
|-damage|p2a: Gyarados|0 fnt
|faint|p1a: Metagross
|faint|p2a: Gyarados
|
|t:|1729731697
|switch|p2a: Celebi|Celebi|99/100
|switch|p1a: Solrock|Solrock|100/100
|
|-heal|p2a: Celebi|100/100|[from] item: Leftovers
|upkeep
|turn|12
|
|t:|1729731703
|move|p2a: Celebi|Substitute|p2a: Celebi
|-start|p2a: Celebi|Substitute
|-damage|p2a: Celebi|75/100
|move|p1a: Solrock|Cosmic Power|p1a: Solrock
|-boost|p1a: Solrock|def|1
|-boost|p1a: Solrock|spd|1
|
|-heal|p2a: Celebi|82/100|[from] item: Leftovers
|upkeep
|turn|13
|
|t:|1729731707
|move|p2a: Celebi|Leech Seed|p1a: Solrock
|-start|p1a: Solrock|move: Leech Seed
|move|p1a: Solrock|Cosmic Power|p1a: Solrock
|-boost|p1a: Solrock|def|1
|-boost|p1a: Solrock|spd|1
|
|-heal|p2a: Celebi|88/100|[from] item: Leftovers
|-damage|p1a: Solrock|88/100|[from] Leech Seed|[of] p2a: Celebi
|-heal|p2a: Celebi|98/100|[silent]
|upkeep
|turn|14
|
|t:|1729731716
|move|p2a: Celebi|Baton Pass|p2a: Celebi
|
|t:|1729731718
|switch|p2a: Tyranitar|Tyranitar, M|100/100|[from] Baton Pass
|-weather|Sandstorm|[from] ability: Sand Stream|[of] p2a: Tyranitar
|move|p1a: Solrock|Cosmic Power|p1a: Solrock
|-boost|p1a: Solrock|def|1
|-boost|p1a: Solrock|spd|1
|
|-weather|Sandstorm|[upkeep]
|-damage|p1a: Solrock|76/100|[from] Leech Seed|[of] p2a: Tyranitar
|upkeep
|turn|15
|
|t:|1729731724
|move|p2a: Tyranitar|Dragon Dance|p2a: Tyranitar
|-boost|p2a: Tyranitar|atk|1
|-boost|p2a: Tyranitar|spe|1
|move|p1a: Solrock|Baton Pass|p1a: Solrock
|
|t:|1729731731
|switch|p1a: Suicune|Suicune|100/100|[from] Baton Pass
|
|-weather|Sandstorm|[upkeep]
|-damage|p1a: Suicune|94/100|[from] Sandstorm
|-heal|p1a: Suicune|100/100|[from] item: Leftovers
|-damage|p1a: Suicune|88/100|[from] Leech Seed|[of] p2a: Tyranitar
|upkeep
|turn|16
|
|t:|1729731736
|move|p2a: Tyranitar|Rock Slide|p1a: Suicune
|-damage|p1a: Suicune|74/100
|move|p1a: Suicune|Surf|p2a: Tyranitar
|-supereffective|p2a: Tyranitar
|-end|p2a: Tyranitar|Substitute
|
|-weather|Sandstorm|[upkeep]
|-damage|p1a: Suicune|68/100|[from] Sandstorm
|-heal|p1a: Suicune|74/100|[from] item: Leftovers
|-damage|p1a: Suicune|62/100|[from] Leech Seed|[of] p2a: Tyranitar
|upkeep
|turn|17
|
|t:|1729731739
|move|p2a: Tyranitar|Rock Slide|p1a: Suicune
|-damage|p1a: Suicune|49/100
|move|p1a: Suicune|Surf|p2a: Tyranitar
|-supereffective|p2a: Tyranitar
|-damage|p2a: Tyranitar|40/100
|
|-weather|Sandstorm|[upkeep]
|-damage|p1a: Suicune|42/100|[from] Sandstorm
|-heal|p1a: Suicune|49/100|[from] item: Leftovers
|-damage|p1a: Suicune|36/100|[from] Leech Seed|[of] p2a: Tyranitar
|-heal|p2a: Tyranitar|54/100|[silent]
|upkeep
|turn|18
|
|t:|1729731743
|move|p2a: Tyranitar|Rock Slide|p1a: Suicune
|-damage|p1a: Suicune|23/100
|cant|p1a: Suicune|flinch
|
|-weather|Sandstorm|[upkeep]
|-damage|p1a: Suicune|17/100|[from] Sandstorm
|-heal|p1a: Suicune|23/100|[from] item: Leftovers
|-damage|p1a: Suicune|11/100|[from] Leech Seed|[of] p2a: Tyranitar
|-heal|p2a: Tyranitar|69/100|[silent]
|upkeep
|turn|19
|
|t:|1729731760
|move|p2a: Tyranitar|Rock Slide|p1a: Suicune
|-damage|p1a: Suicune|0 fnt
|faint|p1a: Suicune
|
|t:|1729731772
|switch|p1a: Octillery|Octillery, M|100/100
|
|-weather|Sandstorm|[upkeep]
|-damage|p1a: Octillery|94/100|[from] Sandstorm
|-heal|p1a: Octillery|100/100|[from] item: Leftovers
|upkeep
|turn|20
|
|t:|1729731777
|move|p2a: Tyranitar|Rock Slide|p1a: Octillery
|-damage|p1a: Octillery|27/100
|move|p1a: Octillery|Octazooka|p2a: Tyranitar
|-supereffective|p2a: Tyranitar
|-damage|p2a: Tyranitar|0 fnt
|faint|p2a: Tyranitar
|
|t:|1729731790
|switch|p2a: Salamence|Salamence, M|100/100
|-ability|p2a: Salamence|Intimidate|boost
|-unboost|p1a: Octillery|atk|1
|
|-weather|Sandstorm|[upkeep]
|-damage|p2a: Salamence|94/100|[from] Sandstorm
|-damage|p1a: Octillery|21/100|[from] Sandstorm
|-heal|p2a: Salamence|100/100|[from] item: Leftovers
|-heal|p1a: Octillery|27/100|[from] item: Leftovers
|upkeep
|turn|21
|
|t:|1729731792
|move|p2a: Salamence|Hidden Power|p1a: Octillery
|-damage|p1a: Octillery|0 fnt
|faint|p1a: Octillery
|
|t:|1729731798
|switch|p1a: Solrock|Solrock|76/100
|
|-weather|Sandstorm|[upkeep]
|-damage|p2a: Salamence|94/100|[from] Sandstorm
|-heal|p2a: Salamence|100/100|[from] item: Leftovers
|upkeep
|turn|22
|
|t:|1729731812
|move|p2a: Salamence|Dragon Dance|p2a: Salamence
|-boost|p2a: Salamence|atk|1
|-boost|p2a: Salamence|spe|1
|move|p1a: Solrock|Cosmic Power|p1a: Solrock
|-boost|p1a: Solrock|def|1
|-boost|p1a: Solrock|spd|1
|
|-weather|Sandstorm|[upkeep]
|-damage|p2a: Salamence|94/100|[from] Sandstorm
|-heal|p2a: Salamence|100/100|[from] item: Leftovers
|upkeep
|turn|23
|
|t:|1729731817
|move|p2a: Salamence|Rock Slide|p1a: Solrock
|-damage|p1a: Solrock|44/100
|move|p1a: Solrock|Cosmic Power|p1a: Solrock
|-boost|p1a: Solrock|def|1
|-boost|p1a: Solrock|spd|1
|
|-weather|Sandstorm|[upkeep]
|-damage|p2a: Salamence|94/100|[from] Sandstorm
|-heal|p2a: Salamence|100/100|[from] item: Leftovers
|upkeep
|turn|24
|
|t:|1729731821
|move|p2a: Salamence|Rock Slide|p1a: Solrock
|-damage|p1a: Solrock|20/100
|move|p1a: Solrock|Baton Pass|p1a: Solrock
|
|t:|1729731823
|switch|p1a: Snorlax|Snorlax, F|100/100|[from] Baton Pass
|
|-weather|Sandstorm|[upkeep]
|-damage|p2a: Salamence|94/100|[from] Sandstorm
|-damage|p1a: Snorlax|94/100|[from] Sandstorm
|-heal|p2a: Salamence|100/100|[from] item: Leftovers
|-heal|p1a: Snorlax|100/100|[from] item: Leftovers
|upkeep
|turn|25
|
|t:|1729731827
|move|p2a: Salamence|Hidden Power|p1a: Snorlax
|-damage|p1a: Snorlax|75/100
|move|p1a: Snorlax|Curse|p1a: Snorlax
|-unboost|p1a: Snorlax|spe|1
|-boost|p1a: Snorlax|atk|1
|-boost|p1a: Snorlax|def|1
|
|-weather|Sandstorm|[upkeep]
|-damage|p2a: Salamence|94/100|[from] Sandstorm
|-damage|p1a: Snorlax|69/100|[from] Sandstorm
|-heal|p2a: Salamence|100/100|[from] item: Leftovers
|-heal|p1a: Snorlax|75/100|[from] item: Leftovers
|upkeep
|turn|26
|
|t:|1729731829
|move|p2a: Salamence|Hidden Power|p1a: Snorlax
|-damage|p1a: Snorlax|56/100
|move|p1a: Snorlax|Body Slam|p2a: Salamence
|-damage|p2a: Salamence|40/100
|-status|p2a: Salamence|par
|
|-weather|Sandstorm|[upkeep]
|-damage|p2a: Salamence|34/100 par|[from] Sandstorm
|-damage|p1a: Snorlax|50/100|[from] Sandstorm
|-heal|p2a: Salamence|40/100 par|[from] item: Leftovers
|-heal|p1a: Snorlax|56/100|[from] item: Leftovers
|upkeep
|turn|27
|
|t:|1729731834
|move|p2a: Salamence|Hidden Power|p1a: Snorlax
|-damage|p1a: Snorlax|35/100
|move|p1a: Snorlax|Body Slam|p2a: Salamence
|-damage|p2a: Salamence|0 fnt
|faint|p2a: Salamence
|
|t:|1729731839
|switch|p2a: Magneton|Magneton|100/100
|
|-weather|Sandstorm|[upkeep]
|-damage|p1a: Snorlax|29/100|[from] Sandstorm
|-heal|p1a: Snorlax|35/100|[from] item: Leftovers
|upkeep
|turn|28
|
|t:|1729731844
|move|p2a: Magneton|Thunderbolt|p1a: Snorlax
|-damage|p1a: Snorlax|22/100
|move|p1a: Snorlax|Body Slam|p2a: Magneton
|-resisted|p2a: Magneton
|-damage|p2a: Magneton|59/100
|-status|p2a: Magneton|par
|
|-weather|Sandstorm|[upkeep]
|-damage|p1a: Snorlax|16/100|[from] Sandstorm
|-heal|p1a: Snorlax|22/100|[from] item: Leftovers
|upkeep
|turn|29
|
|t:|1729731851
|move|p2a: Magneton|Thunderbolt|p1a: Snorlax
|-damage|p1a: Snorlax|11/100
|move|p1a: Snorlax|Rest|p1a: Snorlax
|-status|p1a: Snorlax|slp|[from] move: Rest
|-heal|p1a: Snorlax|100/100 slp|[silent]
|
|-weather|Sandstorm|[upkeep]
|-damage|p1a: Snorlax|94/100 slp|[from] Sandstorm
|-heal|p1a: Snorlax|100/100 slp|[from] item: Leftovers
|upkeep
|turn|30
|
|t:|1729731854
|switch|p2a: Celebi|Celebi|98/100
|cant|p1a: Snorlax|slp
|
|-weather|Sandstorm|[upkeep]
|-damage|p2a: Celebi|92/100|[from] Sandstorm
|-damage|p1a: Snorlax|94/100 slp|[from] Sandstorm
|-heal|p2a: Celebi|98/100|[from] item: Leftovers
|-heal|p1a: Snorlax|100/100 slp|[from] item: Leftovers
|upkeep
|turn|31
|
|t:|1729731855
|move|p2a: Celebi|Leech Seed|p1a: Snorlax
|-start|p1a: Snorlax|move: Leech Seed
|cant|p1a: Snorlax|slp
|
|-weather|Sandstorm|[upkeep]
|-damage|p2a: Celebi|92/100|[from] Sandstorm
|-damage|p1a: Snorlax|94/100 slp|[from] Sandstorm
|-heal|p2a: Celebi|98/100|[from] item: Leftovers
|-heal|p1a: Snorlax|100/100 slp|[from] item: Leftovers
|-damage|p1a: Snorlax|88/100 slp|[from] Leech Seed|[of] p2a: Celebi
|-heal|p2a: Celebi|100/100|[silent]
|upkeep
|turn|32
|
|t:|1729731859
|move|p2a: Celebi|Substitute|p2a: Celebi
|-start|p2a: Celebi|Substitute
|-damage|p2a: Celebi|75/100
|-curestatus|p1a: Snorlax|slp|[msg]
|move|p1a: Snorlax|Curse|p1a: Snorlax
|-unboost|p1a: Snorlax|spe|1
|-boost|p1a: Snorlax|atk|1
|-boost|p1a: Snorlax|def|1
|
|-weather|Sandstorm|[upkeep]
|-damage|p2a: Celebi|69/100|[from] Sandstorm
|-damage|p1a: Snorlax|82/100|[from] Sandstorm
|-heal|p2a: Celebi|75/100|[from] item: Leftovers
|-heal|p1a: Snorlax|88/100|[from] item: Leftovers
|-damage|p1a: Snorlax|76/100|[from] Leech Seed|[of] p2a: Celebi
|-heal|p2a: Celebi|91/100|[silent]
|upkeep
|turn|33
|
|t:|1729731864
|move|p2a: Celebi|Psychic|p1a: Snorlax
|-damage|p1a: Snorlax|68/100
|move|p1a: Snorlax|Shadow Ball|p2a: Celebi
|-supereffective|p2a: Celebi
|-end|p2a: Celebi|Substitute
|
|-weather|Sandstorm|[upkeep]
|-damage|p2a: Celebi|85/100|[from] Sandstorm
|-damage|p1a: Snorlax|61/100|[from] Sandstorm
|-heal|p2a: Celebi|91/100|[from] item: Leftovers
|-heal|p1a: Snorlax|68/100|[from] item: Leftovers
|-damage|p1a: Snorlax|55/100|[from] Leech Seed|[of] p2a: Celebi
|-heal|p2a: Celebi|100/100|[silent]
|upkeep
|turn|34
|
|t:|1729731869
|move|p2a: Celebi|Substitute|p2a: Celebi
|-start|p2a: Celebi|Substitute
|-damage|p2a: Celebi|75/100
|move|p1a: Snorlax|Shadow Ball|p2a: Celebi
|-supereffective|p2a: Celebi
|-end|p2a: Celebi|Substitute
|
|-weather|Sandstorm|[upkeep]
|-damage|p2a: Celebi|69/100|[from] Sandstorm
|-damage|p1a: Snorlax|49/100|[from] Sandstorm
|-heal|p2a: Celebi|75/100|[from] item: Leftovers
|-heal|p1a: Snorlax|55/100|[from] item: Leftovers
|-damage|p1a: Snorlax|43/100|[from] Leech Seed|[of] p2a: Celebi
|-heal|p2a: Celebi|91/100|[silent]
|upkeep
|turn|35
|
|t:|1729731873
|move|p2a: Celebi|Substitute|p2a: Celebi
|-start|p2a: Celebi|Substitute
|-damage|p2a: Celebi|66/100
|move|p1a: Snorlax|Shadow Ball|p2a: Celebi
|-supereffective|p2a: Celebi
|-end|p2a: Celebi|Substitute
|
|-weather|Sandstorm|[upkeep]
|-damage|p2a: Celebi|60/100|[from] Sandstorm
|-damage|p1a: Snorlax|36/100|[from] Sandstorm
|-heal|p2a: Celebi|66/100|[from] item: Leftovers
|-heal|p1a: Snorlax|43/100|[from] item: Leftovers
|-damage|p1a: Snorlax|30/100|[from] Leech Seed|[of] p2a: Celebi
|-heal|p2a: Celebi|81/100|[silent]
|upkeep
|turn|36
|
|t:|1729731877
|move|p2a: Celebi|Substitute|p2a: Celebi
|-start|p2a: Celebi|Substitute
|-damage|p2a: Celebi|56/100
|move|p1a: Snorlax|Rest|p1a: Snorlax
|-status|p1a: Snorlax|slp|[from] move: Rest
|-heal|p1a: Snorlax|100/100 slp|[silent]
|
|-weather|Sandstorm|[upkeep]
|-damage|p2a: Celebi|50/100|[from] Sandstorm
|-damage|p1a: Snorlax|94/100 slp|[from] Sandstorm
|-heal|p2a: Celebi|56/100|[from] item: Leftovers
|-heal|p1a: Snorlax|100/100 slp|[from] item: Leftovers
|-damage|p1a: Snorlax|88/100 slp|[from] Leech Seed|[of] p2a: Celebi
|-heal|p2a: Celebi|72/100|[silent]
|upkeep
|turn|37
|
|t:|1729731881
|move|p2a: Celebi|Psychic|p1a: Snorlax
|-damage|p1a: Snorlax|80/100 slp
|cant|p1a: Snorlax|slp
|
|-weather|Sandstorm|[upkeep]
|-damage|p2a: Celebi|65/100|[from] Sandstorm
|-damage|p1a: Snorlax|74/100 slp|[from] Sandstorm
|-heal|p2a: Celebi|72/100|[from] item: Leftovers
|-heal|p1a: Snorlax|80/100 slp|[from] item: Leftovers
|-damage|p1a: Snorlax|68/100 slp|[from] Leech Seed|[of] p2a: Celebi
|-heal|p2a: Celebi|87/100|[silent]
|upkeep
|turn|38
|
|t:|1729731885
|move|p2a: Celebi|Psychic|p1a: Snorlax
|-damage|p1a: Snorlax|59/100 slp
|cant|p1a: Snorlax|slp
|
|-weather|Sandstorm|[upkeep]
|-damage|p2a: Celebi|81/100|[from] Sandstorm
|-damage|p1a: Snorlax|53/100 slp|[from] Sandstorm
|-heal|p2a: Celebi|87/100|[from] item: Leftovers
|-heal|p1a: Snorlax|59/100 slp|[from] item: Leftovers
|-damage|p1a: Snorlax|47/100 slp|[from] Leech Seed|[of] p2a: Celebi
|-heal|p2a: Celebi|100/100|[silent]
|upkeep
|turn|39
|
|t:|1729731888
|move|p2a: Celebi|Psychic|p1a: Snorlax
|-damage|p1a: Snorlax|40/100 slp
|-unboost|p1a: Snorlax|spd|1
|-curestatus|p1a: Snorlax|slp|[msg]
|move|p1a: Snorlax|Shadow Ball|p2a: Celebi
|-supereffective|p2a: Celebi
|-crit|p2a: Celebi
|-end|p2a: Celebi|Substitute
|
|-weather|Sandstorm|[upkeep]
|-damage|p2a: Celebi|94/100|[from] Sandstorm
|-damage|p1a: Snorlax|33/100|[from] Sandstorm
|-heal|p2a: Celebi|100/100|[from] item: Leftovers
|-heal|p1a: Snorlax|40/100|[from] item: Leftovers
|-damage|p1a: Snorlax|27/100|[from] Leech Seed|[of] p2a: Celebi
|upkeep
|turn|40
|
|t:|1729731891
|move|p2a: Celebi|Substitute|p2a: Celebi
|-start|p2a: Celebi|Substitute
|-damage|p2a: Celebi|75/100
|move|p1a: Snorlax|Rest|p1a: Snorlax
|-status|p1a: Snorlax|slp|[from] move: Rest
|-heal|p1a: Snorlax|100/100 slp|[silent]
|
|-weather|Sandstorm|[upkeep]
|-damage|p2a: Celebi|69/100|[from] Sandstorm
|-damage|p1a: Snorlax|94/100 slp|[from] Sandstorm
|-heal|p2a: Celebi|75/100|[from] item: Leftovers
|-heal|p1a: Snorlax|100/100 slp|[from] item: Leftovers
|-damage|p1a: Snorlax|88/100 slp|[from] Leech Seed|[of] p2a: Celebi
|-heal|p2a: Celebi|91/100|[silent]
|upkeep
|turn|41
|
|t:|1729731896
|move|p2a: Celebi|Psychic|p1a: Snorlax
|-damage|p1a: Snorlax|78/100 slp
|cant|p1a: Snorlax|slp
|
|-weather|Sandstorm|[upkeep]
|-damage|p2a: Celebi|85/100|[from] Sandstorm
|-damage|p1a: Snorlax|72/100 slp|[from] Sandstorm
|-heal|p2a: Celebi|91/100|[from] item: Leftovers
|-heal|p1a: Snorlax|78/100 slp|[from] item: Leftovers
|-damage|p1a: Snorlax|65/100 slp|[from] Leech Seed|[of] p2a: Celebi
|-heal|p2a: Celebi|100/100|[silent]
|upkeep
|turn|42
|
|t:|1729731900
|move|p2a: Celebi|Psychic|p1a: Snorlax
|-damage|p1a: Snorlax|54/100 slp
|cant|p1a: Snorlax|slp
|
|-weather|Sandstorm|[upkeep]
|-damage|p2a: Celebi|94/100|[from] Sandstorm
|-damage|p1a: Snorlax|48/100 slp|[from] Sandstorm
|-heal|p2a: Celebi|100/100|[from] item: Leftovers
|-heal|p1a: Snorlax|54/100 slp|[from] item: Leftovers
|-damage|p1a: Snorlax|42/100 slp|[from] Leech Seed|[of] p2a: Celebi
|upkeep
|turn|43
|
|t:|1729731902
|move|p2a: Celebi|Psychic|p1a: Snorlax
|-crit|p1a: Snorlax
|-damage|p1a: Snorlax|10/100 slp
|-curestatus|p1a: Snorlax|slp|[msg]
|move|p1a: Snorlax|Shadow Ball|p2a: Celebi
|-supereffective|p2a: Celebi
|-end|p2a: Celebi|Substitute
|
|-weather|Sandstorm|[upkeep]
|-damage|p2a: Celebi|94/100|[from] Sandstorm
|-damage|p1a: Snorlax|4/100|[from] Sandstorm
|-heal|p2a: Celebi|100/100|[from] item: Leftovers
|-heal|p1a: Snorlax|10/100|[from] item: Leftovers
|-damage|p1a: Snorlax|0 fnt|[from] Leech Seed|[of] p2a: Celebi
|faint|p1a: Snorlax
|upkeep
|
|t:|1729731912
|switch|p1a: Solrock|Solrock|20/100
|turn|44
|
|t:|1729731919
|move|p2a: Celebi|Psychic|p1a: Solrock
|-resisted|p1a: Solrock
|-damage|p1a: Solrock|7/100
|move|p1a: Solrock|Rest|p1a: Solrock
|-status|p1a: Solrock|slp|[from] move: Rest
|-heal|p1a: Solrock|100/100 slp|[silent]
|-enditem|p1a: Solrock|Chesto Berry|[eat]
|-curestatus|p1a: Solrock|slp|[msg]
|
|-weather|Sandstorm|[upkeep]
|-damage|p2a: Celebi|94/100|[from] Sandstorm
|-heal|p2a: Celebi|100/100|[from] item: Leftovers
|upkeep
|turn|45
|
|t:|1729731926
|move|p2a: Celebi|Substitute|p2a: Celebi
|-start|p2a: Celebi|Substitute
|-damage|p2a: Celebi|75/100
|move|p1a: Solrock|Cosmic Power|p1a: Solrock
|-boost|p1a: Solrock|def|1
|-boost|p1a: Solrock|spd|1
|
|-weather|Sandstorm|[upkeep]
|-damage|p2a: Celebi|69/100|[from] Sandstorm
|-heal|p2a: Celebi|75/100|[from] item: Leftovers
|upkeep
|turn|46
|
|t:|1729731928
|move|p2a: Celebi|Leech Seed|p1a: Solrock
|-start|p1a: Solrock|move: Leech Seed
|move|p1a: Solrock|Cosmic Power|p1a: Solrock
|-boost|p1a: Solrock|def|1
|-boost|p1a: Solrock|spd|1
|
|-weather|Sandstorm|[upkeep]
|-damage|p2a: Celebi|69/100|[from] Sandstorm
|-heal|p2a: Celebi|75/100|[from] item: Leftovers
|-damage|p1a: Solrock|88/100|[from] Leech Seed|[of] p2a: Celebi
|-heal|p2a: Celebi|86/100|[silent]
|upkeep
|turn|47
|
|t:|1729731930
|move|p2a: Celebi|Baton Pass|p2a: Celebi
|
|t:|1729731932
|switch|p2a: Magneton|Magneton|59/100 par|[from] Baton Pass
|move|p1a: Solrock|Cosmic Power|p1a: Solrock
|-boost|p1a: Solrock|def|1
|-boost|p1a: Solrock|spd|1
|
|-weather|Sandstorm|[upkeep]
|-damage|p1a: Solrock|76/100|[from] Leech Seed|[of] p2a: Magneton
|-heal|p2a: Magneton|76/100 par|[silent]
|upkeep
|turn|48
|
|t:|1729731939
|switch|p1a: Smeargle|Smeargle, F|42/100
|cant|p2a: Magneton|par
|
|-weather|Sandstorm|[upkeep]
|-damage|p1a: Smeargle|36/100|[from] Sandstorm
|-heal|p1a: Smeargle|42/100|[from] item: Leftovers
|upkeep
|turn|49
|
|t:|1729731943
|move|p1a: Smeargle|Substitute|p1a: Smeargle
|-start|p1a: Smeargle|Substitute
|-damage|p1a: Smeargle|17/100
|move|p2a: Magneton|Thunderbolt|p1a: Smeargle
|-end|p1a: Smeargle|Substitute
|
|-weather|Sandstorm|[upkeep]
|-damage|p1a: Smeargle|11/100|[from] Sandstorm
|-heal|p1a: Smeargle|17/100|[from] item: Leftovers
|upkeep
|turn|50
|
|t:|1729731949
|move|p1a: Smeargle|Encore|p2a: Magneton
|-start|p2a: Magneton|Encore
|move|p2a: Magneton|Thunderbolt|p1a: Smeargle
|-damage|p1a: Smeargle|0 fnt
|faint|p1a: Smeargle
|
|t:|1729731951
|switch|p1a: Solrock|Solrock|76/100
|
|-weather|Sandstorm|[upkeep]
|upkeep
|turn|51
|
|t:|1729731953
|switch|p2a: Celebi|Celebi|86/100
|move|p1a: Solrock|Cosmic Power|p1a: Solrock
|-boost|p1a: Solrock|def|1
|-boost|p1a: Solrock|spd|1
|
|-weather|Sandstorm|[upkeep]
|-damage|p2a: Celebi|80/100|[from] Sandstorm
|-heal|p2a: Celebi|86/100|[from] item: Leftovers
|upkeep
|turn|52
|
|t:|1729731954
|move|p2a: Celebi|Leech Seed|p1a: Solrock
|-start|p1a: Solrock|move: Leech Seed
|move|p1a: Solrock|Fire Spin|p2a: Celebi
|-supereffective|p2a: Celebi
|-damage|p2a: Celebi|82/100
|-activate|p2a: Celebi|move: Fire Spin|[of] p1a: Solrock
|
|-weather|Sandstorm|[upkeep]
|-damage|p2a: Celebi|75/100|[from] Sandstorm
|-heal|p2a: Celebi|82/100|[from] item: Leftovers
|-damage|p2a: Celebi|75/100|[from] move: Fire Spin|[partiallytrapped]
|-damage|p1a: Solrock|64/100|[from] Leech Seed|[of] p2a: Celebi
|-heal|p2a: Celebi|86/100|[silent]
|upkeep
|turn|53
|
|t:|1729731959
|move|p2a: Celebi|Substitute|p2a: Celebi
|-start|p2a: Celebi|Substitute
|-damage|p2a: Celebi|61/100
|move|p1a: Solrock|Fire Spin|p2a: Celebi|[miss]
|-miss|p1a: Solrock|p2a: Celebi
|
|-weather|Sandstorm|[upkeep]
|-damage|p2a: Celebi|55/100|[from] Sandstorm
|-heal|p2a: Celebi|61/100|[from] item: Leftovers
|-damage|p1a: Solrock|52/100|[from] Leech Seed|[of] p2a: Celebi
|-heal|p2a: Celebi|71/100|[silent]
|upkeep
|turn|54
|
|t:|1729731964
|move|p2a: Celebi|Psychic|p1a: Solrock
|-resisted|p1a: Solrock
|-damage|p1a: Solrock|42/100
|move|p1a: Solrock|Cosmic Power|p1a: Solrock
|-boost|p1a: Solrock|def|1
|-boost|p1a: Solrock|spd|1
|
|-weather|Sandstorm|[upkeep]
|-damage|p2a: Celebi|65/100|[from] Sandstorm
|-heal|p2a: Celebi|71/100|[from] item: Leftovers
|-damage|p1a: Solrock|29/100|[from] Leech Seed|[of] p2a: Celebi
|-heal|p2a: Celebi|82/100|[silent]
|upkeep
|turn|55
|
|t:|1729731973
|move|p2a: Celebi|Psychic|p1a: Solrock
|-resisted|p1a: Solrock
|-damage|p1a: Solrock|22/100
|-unboost|p1a: Solrock|spd|1
|move|p1a: Solrock|Rest|p1a: Solrock
|-status|p1a: Solrock|slp|[from] move: Rest
|-heal|p1a: Solrock|100/100 slp|[silent]
|
|-weather|Sandstorm|[upkeep]
|-damage|p2a: Celebi|75/100|[from] Sandstorm
|-heal|p2a: Celebi|82/100|[from] item: Leftovers
|-damage|p1a: Solrock|88/100 slp|[from] Leech Seed|[of] p2a: Celebi
|-heal|p2a: Celebi|92/100|[silent]
|upkeep
|turn|56
|
|t:|1729731981
|move|p2a: Celebi|Baton Pass|p2a: Celebi
|
|t:|1729731983
|switch|p2a: Magneton|Magneton|76/100 par|[from] Baton Pass
|cant|p1a: Solrock|slp
|
|-weather|Sandstorm|[upkeep]
|-damage|p1a: Solrock|76/100 slp|[from] Leech Seed|[of] p2a: Magneton
|-heal|p2a: Magneton|94/100 par|[silent]
|upkeep
|turn|57
|
|t:|1729731989
|cant|p1a: Solrock|slp
|cant|p2a: Magneton|par
|
|-weather|Sandstorm|[upkeep]
|-damage|p1a: Solrock|64/100 slp|[from] Leech Seed|[of] p2a: Magneton
|-heal|p2a: Magneton|100/100 par|[silent]
|upkeep
|turn|58
|
|t:|1729731996
|-curestatus|p1a: Solrock|slp|[msg]
|move|p1a: Solrock|Fire Spin|p2a: Magneton
|-supereffective|p2a: Magneton
|-activate|p2a: Magneton|Substitute|[damage]
|cant|p2a: Magneton|par
|
|-weather|Sandstorm|[upkeep]
|-damage|p1a: Solrock|52/100|[from] Leech Seed|[of] p2a: Magneton
|upkeep
|turn|59
|
|t:|1729732002
|move|p1a: Solrock|Cosmic Power|p1a: Solrock
|-boost|p1a: Solrock|def|1
|-boost|p1a: Solrock|spd|1
|move|p2a: Magneton|Substitute|p2a: Magneton
|-fail|p2a: Magneton|move: Substitute
|
|-weather|Sandstorm|[upkeep]
|-damage|p1a: Solrock|39/100|[from] Leech Seed|[of] p2a: Magneton
|upkeep
|turn|60
|
|t:|1729732004
|move|p1a: Solrock|Cosmic Power|p1a: Solrock
|-boost|p1a: Solrock|def|1
|-boost|p1a: Solrock|spd|1
|move|p2a: Magneton|Thunderbolt|p1a: Solrock
|-damage|p1a: Solrock|22/100
|
|-weather|Sandstorm|[upkeep]
|-damage|p1a: Solrock|10/100|[from] Leech Seed|[of] p2a: Magneton
|upkeep
|turn|61
|
|t:|1729732011
|move|p1a: Solrock|Rest|p1a: Solrock
|-status|p1a: Solrock|slp|[from] move: Rest
|-heal|p1a: Solrock|100/100 slp|[silent]
|move|p2a: Magneton|Thunderbolt|p1a: Solrock
|-damage|p1a: Solrock|81/100 slp
|
|-weather|Sandstorm|[upkeep]
|-damage|p1a: Solrock|69/100 slp|[from] Leech Seed|[of] p2a: Magneton
|upkeep
|turn|62
|
|t:|1729732016
|cant|p1a: Solrock|slp
|move|p2a: Magneton|Thunderbolt|p1a: Solrock
|-damage|p1a: Solrock|51/100 slp
|
|-weather|Sandstorm|[upkeep]
|-damage|p1a: Solrock|39/100 slp|[from] Leech Seed|[of] p2a: Magneton
|upkeep
|turn|63
|
|t:|1729732023
|cant|p1a: Solrock|slp
|move|p2a: Magneton|Hidden Power|p1a: Solrock
|-supereffective|p1a: Solrock
|-damage|p1a: Solrock|22/100 slp
|
|-weather|Sandstorm|[upkeep]
|-damage|p1a: Solrock|10/100 slp|[from] Leech Seed|[of] p2a: Magneton
|upkeep
|turn|64
|
|t:|1729732027
|-curestatus|p1a: Solrock|slp|[msg]
|move|p1a: Solrock|Rest|p1a: Solrock
|-status|p1a: Solrock|slp|[from] move: Rest
|-heal|p1a: Solrock|100/100 slp|[silent]
|move|p2a: Magneton|Hidden Power|p1a: Solrock
|-supereffective|p1a: Solrock
|-damage|p1a: Solrock|82/100 slp
|
|-weather|Sandstorm|[upkeep]
|-damage|p1a: Solrock|70/100 slp|[from] Leech Seed|[of] p2a: Magneton
|upkeep
|turn|65
|
|t:|1729732035
|cant|p1a: Solrock|slp
|move|p2a: Magneton|Hidden Power|p1a: Solrock
|-supereffective|p1a: Solrock
|-damage|p1a: Solrock|52/100 slp
|
|-weather|Sandstorm|[upkeep]
|-damage|p1a: Solrock|40/100 slp|[from] Leech Seed|[of] p2a: Magneton
|upkeep
|turn|66
|
|t:|1729732039
|cant|p1a: Solrock|slp
|move|p2a: Magneton|Hidden Power|p1a: Solrock
|-supereffective|p1a: Solrock
|-damage|p1a: Solrock|21/100 slp
|
|-weather|Sandstorm|[upkeep]
|-damage|p1a: Solrock|9/100 slp|[from] Leech Seed|[of] p2a: Magneton
|upkeep
|turn|67
|
|t:|1729732043
|-curestatus|p1a: Solrock|slp|[msg]
|move|p1a: Solrock|Rest|p1a: Solrock
|-status|p1a: Solrock|slp|[from] move: Rest
|-heal|p1a: Solrock|100/100 slp|[silent]
|move|p2a: Magneton|Hidden Power|p1a: Solrock
|-supereffective|p1a: Solrock
|-damage|p1a: Solrock|82/100 slp
|
|-weather|Sandstorm|[upkeep]
|-damage|p1a: Solrock|70/100 slp|[from] Leech Seed|[of] p2a: Magneton
|upkeep
|turn|68
|
|t:|1729732062
|cant|p1a: Solrock|slp
|move|p2a: Magneton|Hidden Power|p1a: Solrock
|-supereffective|p1a: Solrock
|-damage|p1a: Solrock|51/100 slp
|
|-weather|Sandstorm|[upkeep]
|-damage|p1a: Solrock|38/100 slp|[from] Leech Seed|[of] p2a: Magneton
|upkeep
|turn|69
|
|t:|1729732066
|cant|p1a: Solrock|slp
|move|p2a: Magneton|Hidden Power|p1a: Solrock
|-supereffective|p1a: Solrock
|-damage|p1a: Solrock|21/100 slp
|
|-weather|Sandstorm|[upkeep]
|-damage|p1a: Solrock|9/100 slp|[from] Leech Seed|[of] p2a: Magneton
|upkeep
|turn|70
|
|t:|1729732071
|-curestatus|p1a: Solrock|slp|[msg]
|move|p1a: Solrock|Rest|p1a: Solrock
|-status|p1a: Solrock|slp|[from] move: Rest
|-heal|p1a: Solrock|100/100 slp|[silent]
|move|p2a: Magneton|Hidden Power|p1a: Solrock
|-supereffective|p1a: Solrock
|-damage|p1a: Solrock|82/100 slp
|
|-weather|Sandstorm|[upkeep]
|-damage|p1a: Solrock|69/100 slp|[from] Leech Seed|[of] p2a: Magneton
|upkeep
|turn|71
|
|t:|1729732079
|cant|p1a: Solrock|slp
|move|p2a: Magneton|Hidden Power|p1a: Solrock
|-supereffective|p1a: Solrock
|-damage|p1a: Solrock|52/100 slp
|
|-weather|Sandstorm|[upkeep]
|-damage|p1a: Solrock|40/100 slp|[from] Leech Seed|[of] p2a: Magneton
|upkeep
|turn|72
|
|t:|1729732083
|cant|p1a: Solrock|slp
|cant|p2a: Magneton|par
|
|-weather|Sandstorm|[upkeep]
|-damage|p1a: Solrock|28/100 slp|[from] Leech Seed|[of] p2a: Magneton
|upkeep
|turn|73
|
|t:|1729732087
|-curestatus|p1a: Solrock|slp|[msg]
|move|p1a: Solrock|Rest|p1a: Solrock
|-status|p1a: Solrock|slp|[from] move: Rest
|-heal|p1a: Solrock|100/100 slp|[silent]
|move|p2a: Magneton|Hidden Power|p1a: Solrock
|-supereffective|p1a: Solrock
|-damage|p1a: Solrock|82/100 slp
|
|-weather|Sandstorm|[upkeep]
|-damage|p1a: Solrock|70/100 slp|[from] Leech Seed|[of] p2a: Magneton
|upkeep
|turn|74
|
|t:|1729732091
|cant|p1a: Solrock|slp
|cant|p2a: Magneton|par
|
|-weather|Sandstorm|[upkeep]
|-damage|p1a: Solrock|58/100 slp|[from] Leech Seed|[of] p2a: Magneton
|upkeep
|turn|75
|
|t:|1729732093
|cant|p1a: Solrock|slp
|move|p2a: Magneton|Hidden Power|p1a: Solrock
|-supereffective|p1a: Solrock
|-damage|p1a: Solrock|42/100 slp
|
|-weather|Sandstorm|[upkeep]
|-damage|p1a: Solrock|29/100 slp|[from] Leech Seed|[of] p2a: Magneton
|upkeep
|turn|76
|
|t:|1729732097
|-curestatus|p1a: Solrock|slp|[msg]
|move|p1a: Solrock|Rest|p1a: Solrock
|-status|p1a: Solrock|slp|[from] move: Rest
|-heal|p1a: Solrock|100/100 slp|[silent]
|move|p2a: Magneton|Hidden Power|p1a: Solrock
|-supereffective|p1a: Solrock
|-damage|p1a: Solrock|81/100 slp
|
|-weather|Sandstorm|[upkeep]
|-damage|p1a: Solrock|69/100 slp|[from] Leech Seed|[of] p2a: Magneton
|upkeep
|turn|77
|
|t:|1729732100
|cant|p1a: Solrock|slp
|cant|p2a: Magneton|par
|
|-weather|Sandstorm|[upkeep]
|-damage|p1a: Solrock|57/100 slp|[from] Leech Seed|[of] p2a: Magneton
|upkeep
|turn|78
|
|t:|1729732103
|cant|p1a: Solrock|slp
|move|p2a: Magneton|Hidden Power|p1a: Solrock
|-supereffective|p1a: Solrock
|-damage|p1a: Solrock|39/100 slp
|
|-weather|Sandstorm|[upkeep]
|-damage|p1a: Solrock|26/100 slp|[from] Leech Seed|[of] p2a: Magneton
|upkeep
|turn|79
|
|t:|1729732107
|-curestatus|p1a: Solrock|slp|[msg]
|move|p1a: Solrock|Rest|p1a: Solrock
|-status|p1a: Solrock|slp|[from] move: Rest
|-heal|p1a: Solrock|100/100 slp|[silent]
|move|p2a: Magneton|Hidden Power|p1a: Solrock
|-supereffective|p1a: Solrock
|-damage|p1a: Solrock|84/100 slp
|
|-weather|Sandstorm|[upkeep]
|-damage|p1a: Solrock|71/100 slp|[from] Leech Seed|[of] p2a: Magneton
|upkeep
|turn|80
|
|t:|1729732125
|cant|p1a: Solrock|slp
|cant|p2a: Magneton|par
|
|-weather|Sandstorm|[upkeep]
|-damage|p1a: Solrock|59/100 slp|[from] Leech Seed|[of] p2a: Magneton
|upkeep
|turn|81
|
|t:|1729732129
|cant|p1a: Solrock|slp
|move|p2a: Magneton|Hidden Power|p1a: Solrock
|-supereffective|p1a: Solrock
|-damage|p1a: Solrock|41/100 slp
|
|-weather|Sandstorm|[upkeep]
|-damage|p1a: Solrock|28/100 slp|[from] Leech Seed|[of] p2a: Magneton
|upkeep
|turn|82
|
|t:|1729732133
|-curestatus|p1a: Solrock|slp|[msg]
|move|p1a: Solrock|Rest|p1a: Solrock
|-status|p1a: Solrock|slp|[from] move: Rest
|-heal|p1a: Solrock|100/100 slp|[silent]
|move|p2a: Magneton|Hidden Power|p1a: Solrock
|-supereffective|p1a: Solrock
|-damage|p1a: Solrock|82/100 slp
|
|-weather|Sandstorm|[upkeep]
|-damage|p1a: Solrock|70/100 slp|[from] Leech Seed|[of] p2a: Magneton
|upkeep
|turn|83
|
|t:|1729732137
|cant|p1a: Solrock|slp
|move|p2a: Magneton|Hidden Power|p1a: Solrock
|-supereffective|p1a: Solrock
|-crit|p1a: Solrock
|-damage|p1a: Solrock|0 fnt
|faint|p1a: Solrock
|
|win|hey its me riley
|c|☆hey its me riley|gg
|c|☆Tree69420|gg
|c|☆hey its me riley|chal me for g2
|c|☆hey its me riley|give me a min first
|player|p2|

</script>
<script type="application/json" class="data" id="replaydata-smogtours-gen3ou-801484">
{"id":"smogtours-gen3ou-801484","format":"[Gen 3] OU","players":["Tree69420","hey its me riley"],"uploadtime":1729732137,"views":127,"formatid":"gen3ou","rating":null,"private":0,"password":null}
</script>

<script defer src="js/replays.js?9d40a366"></script>
