<!DOCTYPE html>
<meta charset="utf-8" />
<meta name="viewport" content="width=device-width" />

<title>[Gen 3] OU: Calm Stiege vs. Dr4gonl0rd - Replays - Pok&eacute;mon Showdown!</title>

<meta name="description" content="Watch a replay of a Pok&eacute;mon battle between Calm Stiege and Dr4gonl0rd! Format: [Gen 3] OU; Date: Oct 22, 2024" />
<!--

Hey, you! Looking in the source for the replay log?

You can find them in JSON format, just add `.json` at the end of a replay URL.

https://replay.pokemonshowdown.com/gen7randomdoublesbattle-865046831.json

Or, if you only need the log itself, add `.log` instead:

https://replay.pokemonshowdown.com/gen7randomdoublesbattle-865046831.log

-->

<link rel="stylesheet" href="//pokemonshowdown.com/style/global.css?0.767286132409787" />
<link rel="stylesheet" href="//play.pokemonshowdown.com/style/font-awesome.css?0.9266228007934947" />
<link rel="stylesheet" href="//play.pokemonshowdown.com/style/battle.css?0.7924700842790926" />
<link rel="stylesheet" href="//play.pokemonshowdown.com/style/utilichart.css?0.8777417872839479" />

<!-- Global site tag (gtag.js) - Google Analytics -->
<script async src="https://www.googletagmanager.com/gtag/js?id=UA-26211653-1"></script>
<script>
  window.dataLayer = window.dataLayer || [];
  function gtag(){dataLayer.push(arguments);}
  gtag('js', new Date());

  gtag('config', 'UA-26211653-1');
</script>
<!-- End Google Analytics -->
<!-- Venatus Ad Manager - Install in <HEAD> of page -->
	<script src="https://hb.vntsm.com/v3/live/ad-manager.min.js" type="text/javascript" data-site-id="642aba63ec9a7b11c3c9c1be" data-mode="scan" async></script>
<!-- / Venatus Ad Manager -->

<style>
	@media (max-width:820px) {
		.battle {
			margin: 0 auto;
		}
		.battle-log {
			margin: 7px auto 0;
			max-width: 640px;
			height: 300px;
			position: static;
		}
	}
	.optgroup {
		display: inline-block;
		line-height: 22px;
		font-size: 10pt;
	}
	.optgroup .button {
		height: 25px;
		padding-top: 0;
		padding-bottom: 0;
	}
	.optgroup button.button {
		padding-left: 12px;
		padding-right: 12px;
	}
	.linklist {
		list-style: none;
		margin: 0.5em 0;
		padding: 0;
	}
	.linklist li {
		padding: 2px 0;
	}
	.sidebar {
		float: left;
		width: 320px;
	}
	.bar-wrapper {
		max-width: 1100px;
		margin: 0 auto;
	}
	.bar-wrapper.has-sidebar {
		max-width: 1430px;
	}
	.mainbar {
		margin: 0;
		padding-right: 1px;
	}
	.mainbar.has-sidebar {
		margin-left: 330px;
	}
	@media (min-width: 1511px) {
		.sidebar {
			width: 400px;
		}
		.bar-wrapper.has-sidebar {
			max-width: 1510px;
		}
		.mainbar.has-sidebar {
			margin-left: 410px;
		}
	}
	.section.first-section {
		margin-top: 9px;
	}
	.blocklink small {
		white-space: normal;
	}
	.button {
		vertical-align: middle;
	}
	.replay-controls {
		padding-top: 10px;
	}
	.replay-controls h1 {
		font-size: 16pt;
		font-weight: normal;
		color: #CCC;
	}
	.pagelink {
		text-align: center;
	}
	.pagelink a {
		width: 150px;
	}
	.textbox, .button {
		font-size: 11pt;
		vertical-align: middle;
	}
	@media (max-width: 450px) {
		.button {
			font-size: 9pt;
		}
	}
</style>

<div>

	<header>
		<div class="nav-wrapper"><ul class="nav">
			<li><a class="button nav-first" href="//pokemonshowdown.com/"><img src="//pokemonshowdown.com/images/pokemonshowdownbeta.png" srcset="//pokemonshowdown.com/images/pokemonshowdownbeta.png 1x, //pokemonshowdown.com/images/pokemonshowdownbeta@2x.png 2x" alt="Pok&eacute;mon Showdown" width="146" height="44" /> Home</a></li>
			<li><a class="button" href="//pokemonshowdown.com/dex/">Pok&eacute;dex</a></li>
			<li><a class="button cur" href="/">Replays</a></li>
			<li><a class="button" href="//pokemonshowdown.com/ladder/">Ladder</a></li>
			<li><a class="button nav-last" href="//pokemonshowdown.com/forums/">Forum</a></li>
			<li><a class="button greenbutton nav-first nav-last" href="//play.pokemonshowdown.com/">Play</a></li>
		</ul></div>
	</header>

	<div class="main" id="main">

		<noscript><section class="section">You need to enable JavaScript to use this page; sorry!</section></noscript>

	</div>

</div>

<script defer nomodule src="//play.pokemonshowdown.com/js/lib/ps-polyfill.js"></script>
<script defer src="//play.pokemonshowdown.com/js/lib/preact.min.js"></script>

<script defer src="//play.pokemonshowdown.com/config/config.js?6dec07f6"></script>
<script defer src="//play.pokemonshowdown.com/js/lib/jquery-1.11.0.min.js"></script>
<script defer src="//play.pokemonshowdown.com/js/lib/html-sanitizer-minified.js"></script>
<script defer src="//play.pokemonshowdown.com/js/battle-sound.js"></script>
<script defer src="//play.pokemonshowdown.com/js/battledata.js?0.6315294753075389"></script>
<script defer src="//play.pokemonshowdown.com/data/pokedex-mini.js?0.7603743185311358"></script>
<script defer src="//play.pokemonshowdown.com/data/pokedex-mini-bw.js?0.030888842834281283"></script>
<script defer src="//play.pokemonshowdown.com/data/graphics.js?0.05593094747507488"></script>
<script defer src="//play.pokemonshowdown.com/data/pokedex.js?0.47064822249611904"></script>
<script defer src="//play.pokemonshowdown.com/data/moves.js?0.8583693120512459"></script>
<script defer src="//play.pokemonshowdown.com/data/abilities.js?0.16017181182386842"></script>
<script defer src="//play.pokemonshowdown.com/data/items.js?0.4163379185673943"></script>
<script defer src="//play.pokemonshowdown.com/data/teambuilder-tables.js?0.31075597372830477"></script>
<script defer src="//play.pokemonshowdown.com/js/battle-tooltips.js?0.6536193500708172"></script>
<script defer src="//play.pokemonshowdown.com/js/battle.js?0.1916591943277901"></script>

<script defer src="js/utils.js?e31f9a17"></script>
<script defer src="js/replays-battle.js?7008c182"></script>

<!-- don't scrape this data! just add .json or .log after the URL!
Full API docs: https://github.com/smogon/pokemon-showdown-client/blob/master/WEB-API.md -->
<script type="text/plain" class="log" id="replaylog-smogtours-gen3ou-801244">
|inactive|Battle timer is ON: inactive players will automatically lose when time's up.
|t:|1729626181
|gametype|singles
|player|p1|Calm Stiege|265|
|player|p2|Dr4gonl0rd|102|
|teamsize|p1|6
|teamsize|p2|6
|gen|3
|tier|[Gen 3] OU
|rule|Sleep Clause Mod: Limit one foe put to sleep
|rule|Switch Priority Clause Mod: Faster Pokémon switch first
|rule|Species Clause: Limit one of each Pokémon
|rule|OHKO Clause: OHKO moves are banned
|rule|Evasion Items Clause: Evasion items are banned
|rule|Evasion Moves Clause: Evasion moves are banned
|rule|Endless Battle Clause: Forcing endless battles is banned
|rule|HP Percentage Mod: HP is shown in percentages
|rule|One Boost Passer Clause: Limit one Baton Passer that has a way to boost its stats
|rule|Freeze Clause Mod: Limit one foe frozen
|
|t:|1729626181
|start
|switch|p1a: Zapdos|Zapdos|100/100
|switch|p2a: Bluedog|Suicune|100/100
|turn|1
|c|☆Dr4gonl0rd|gl
|c|☆Calm Stiege|hfgl
|inactive|Calm Stiege has 270 seconds left.
|
|t:|1729626226
|switch|p1a: Forretress|Forretress, M|100/100
|switch|p2a: Huevo nuovo|Blissey, F|100/100
|
|upkeep
|turn|2
|
|t:|1729626239
|switch|p2a: Forretress|Forretress, F|100/100
|move|p1a: Forretress|Spikes|p2a: Forretress
|-sidestart|p2: Dr4gonl0rd|Spikes
|
|upkeep
|turn|3
|
|t:|1729626248
|switch|p1a: Charizard|Charizard, F|100/100
|move|p2a: Forretress|Spikes|p1a: Charizard
|-sidestart|p1: Calm Stiege|Spikes
|
|upkeep
|turn|4
|
|t:|1729626263
|-singleturn|p1a: Charizard|move: Focus Punch
|move|p2a: Forretress|Explosion|p1a: Charizard
|-damage|p1a: Charizard|0 fnt
|faint|p2a: Forretress
|faint|p1a: Charizard
|
|t:|1729626276
|switch|p1a: Celebi|Celebi|100/100
|switch|p2a: Bluedog|Suicune|100/100
|-damage|p1a: Celebi|88/100|[from] Spikes
|-damage|p2a: Bluedog|88/100|[from] Spikes
|
|-heal|p1a: Celebi|94/100|[from] item: Leftovers
|-heal|p2a: Bluedog|94/100|[from] item: Leftovers
|upkeep
|turn|5
|
|t:|1729626281
|switch|p2a: duggy|Dugtrio, M|100/100
|-damage|p2a: duggy|88/100|[from] Spikes
|move|p1a: Celebi|Giga Drain|p2a: duggy
|-supereffective|p2a: duggy
|-damage|p2a: duggy|0 fnt
|-heal|p1a: Celebi|100/100|[from] drain|[of] p2a: duggy
|faint|p2a: duggy
|
|t:|1729626293
|switch|p2a: Huevo nuovo|Blissey, F|100/100
|-damage|p2a: Huevo nuovo|88/100|[from] Spikes
|
|-heal|p2a: Huevo nuovo|94/100|[from] item: Leftovers
|upkeep
|turn|6
|
|t:|1729626295
|move|p1a: Celebi|Leech Seed|p2a: Huevo nuovo|[miss]
|-miss|p1a: Celebi|p2a: Huevo nuovo
|move|p2a: Huevo nuovo|Calm Mind|p2a: Huevo nuovo
|-boost|p2a: Huevo nuovo|spa|1
|-boost|p2a: Huevo nuovo|spd|1
|
|-heal|p2a: Huevo nuovo|99/100|[from] item: Leftovers
|upkeep
|turn|7
|
|t:|1729626302
|move|p1a: Celebi|Leech Seed|p2a: Huevo nuovo|[miss]
|-miss|p1a: Celebi|p2a: Huevo nuovo
|move|p2a: Huevo nuovo|Ice Beam|p1a: Celebi
|-supereffective|p1a: Celebi
|-damage|p1a: Celebi|25/100
|-status|p1a: Celebi|frz
|
|-heal|p1a: Celebi|31/100 frz|[from] item: Leftovers
|-heal|p2a: Huevo nuovo|100/100|[from] item: Leftovers
|upkeep
|turn|8
|
|t:|1729626313
|-curestatus|p1a: Celebi|frz|[from] ability: Natural Cure
|switch|p1a: Forretress|Forretress, M|100/100
|-damage|p1a: Forretress|88/100|[from] Spikes
|move|p2a: Huevo nuovo|Calm Mind|p2a: Huevo nuovo
|-boost|p2a: Huevo nuovo|spa|1
|-boost|p2a: Huevo nuovo|spd|1
|
|-heal|p1a: Forretress|94/100|[from] item: Leftovers
|upkeep
|turn|9
|
|t:|1729626320
|move|p2a: Huevo nuovo|Thunderbolt|p1a: Forretress
|-damage|p1a: Forretress|39/100
|move|p1a: Forretress|Spikes|p2a: Huevo nuovo
|-sidestart|p2: Dr4gonl0rd|Spikes
|
|-heal|p1a: Forretress|45/100|[from] item: Leftovers
|upkeep
|turn|10
|
|t:|1729626325
|switch|p1a: Blissey|Blissey, F|100/100
|-damage|p1a: Blissey|88/100|[from] Spikes
|move|p2a: Huevo nuovo|Thunderbolt|p1a: Blissey
|-damage|p1a: Blissey|69/100
|
|-heal|p1a: Blissey|75/100|[from] item: Leftovers
|upkeep
|turn|11
|
|t:|1729626330
|move|p2a: Huevo nuovo|Ice Beam|p1a: Blissey
|-damage|p1a: Blissey|56/100
|move|p1a: Blissey|Calm Mind|p1a: Blissey
|-boost|p1a: Blissey|spa|1
|-boost|p1a: Blissey|spd|1
|
|-heal|p1a: Blissey|62/100|[from] item: Leftovers
|upkeep
|turn|12
|
|t:|1729626335
|move|p1a: Blissey|Soft-Boiled|p1a: Blissey
|-heal|p1a: Blissey|100/100
|move|p2a: Huevo nuovo|Ice Beam|p1a: Blissey
|-damage|p1a: Blissey|86/100
|
|-heal|p1a: Blissey|92/100|[from] item: Leftovers
|upkeep
|turn|13
|
|t:|1729626342
|move|p2a: Huevo nuovo|Ice Beam|p1a: Blissey
|-damage|p1a: Blissey|79/100
|move|p1a: Blissey|Calm Mind|p1a: Blissey
|-boost|p1a: Blissey|spa|1
|-boost|p1a: Blissey|spd|1
|
|-heal|p1a: Blissey|85/100|[from] item: Leftovers
|upkeep
|turn|14
|
|t:|1729626346
|move|p2a: Huevo nuovo|Ice Beam|p1a: Blissey
|-damage|p1a: Blissey|76/100
|move|p1a: Blissey|Calm Mind|p1a: Blissey
|-boost|p1a: Blissey|spa|1
|-boost|p1a: Blissey|spd|1
|
|-heal|p1a: Blissey|82/100|[from] item: Leftovers
|upkeep
|turn|15
|
|t:|1729626354
|move|p1a: Blissey|Calm Mind|p1a: Blissey
|-boost|p1a: Blissey|spa|1
|-boost|p1a: Blissey|spd|1
|move|p2a: Huevo nuovo|Calm Mind|p2a: Huevo nuovo
|-boost|p2a: Huevo nuovo|spa|1
|-boost|p2a: Huevo nuovo|spd|1
|
|-heal|p1a: Blissey|88/100|[from] item: Leftovers
|upkeep
|turn|16
|
|t:|1729626356
|move|p2a: Huevo nuovo|Calm Mind|p2a: Huevo nuovo
|-boost|p2a: Huevo nuovo|spa|1
|-boost|p2a: Huevo nuovo|spd|1
|move|p1a: Blissey|Calm Mind|p1a: Blissey
|-boost|p1a: Blissey|spa|1
|-boost|p1a: Blissey|spd|1
|
|-heal|p1a: Blissey|94/100|[from] item: Leftovers
|upkeep
|turn|17
|
|t:|1729626359
|move|p2a: Huevo nuovo|Ice Beam|p1a: Blissey
|-damage|p1a: Blissey|85/100
|move|p1a: Blissey|Calm Mind|p1a: Blissey
|-boost|p1a: Blissey|spa|1
|-boost|p1a: Blissey|spd|1
|
|-heal|p1a: Blissey|91/100|[from] item: Leftovers
|upkeep
|turn|18
|
|t:|1729626363
|move|p1a: Blissey|Ice Beam|p2a: Huevo nuovo
|-damage|p2a: Huevo nuovo|86/100
|move|p2a: Huevo nuovo|Ice Beam|p1a: Blissey
|-damage|p1a: Blissey|82/100
|
|-heal|p2a: Huevo nuovo|92/100|[from] item: Leftovers
|-heal|p1a: Blissey|89/100|[from] item: Leftovers
|upkeep
|turn|19
|
|t:|1729626367
|move|p1a: Blissey|Ice Beam|p2a: Huevo nuovo
|-damage|p2a: Huevo nuovo|78/100
|move|p2a: Huevo nuovo|Calm Mind|p2a: Huevo nuovo
|-boost|p2a: Huevo nuovo|spa|1
|-boost|p2a: Huevo nuovo|spd|1
|
|-heal|p2a: Huevo nuovo|85/100|[from] item: Leftovers
|-heal|p1a: Blissey|95/100|[from] item: Leftovers
|upkeep
|turn|20
|
|t:|1729626369
|move|p2a: Huevo nuovo|Calm Mind|p2a: Huevo nuovo
|-boost|p2a: Huevo nuovo|spa|1
|-boost|p2a: Huevo nuovo|spd|1
|move|p1a: Blissey|Ice Beam|p2a: Huevo nuovo
|-damage|p2a: Huevo nuovo|75/100
|
|-heal|p2a: Huevo nuovo|81/100|[from] item: Leftovers
|-heal|p1a: Blissey|100/100|[from] item: Leftovers
|upkeep
|turn|21
|
|t:|1729626381
|move|p2a: Huevo nuovo|Ice Beam|p1a: Blissey
|-damage|p1a: Blissey|91/100
|move|p1a: Blissey|Ice Beam|p2a: Huevo nuovo
|-damage|p2a: Huevo nuovo|70/100
|
|-heal|p2a: Huevo nuovo|77/100|[from] item: Leftovers
|-heal|p1a: Blissey|97/100|[from] item: Leftovers
|upkeep
|turn|22
|
|t:|1729626386
|move|p1a: Blissey|Ice Beam|p2a: Huevo nuovo
|-damage|p2a: Huevo nuovo|67/100
|move|p2a: Huevo nuovo|Ice Beam|p1a: Blissey
|-damage|p1a: Blissey|87/100
|
|-heal|p2a: Huevo nuovo|73/100|[from] item: Leftovers
|-heal|p1a: Blissey|93/100|[from] item: Leftovers
|upkeep
|turn|23
|
|t:|1729626394
|move|p1a: Blissey|Ice Beam|p2a: Huevo nuovo
|-damage|p2a: Huevo nuovo|63/100
|move|p2a: Huevo nuovo|Soft-Boiled|p2a: Huevo nuovo
|-heal|p2a: Huevo nuovo|100/100
|
|-heal|p1a: Blissey|99/100|[from] item: Leftovers
|upkeep
|turn|24
|
|t:|1729626399
|move|p1a: Blissey|Thunderbolt|p2a: Huevo nuovo
|-damage|p2a: Huevo nuovo|91/100
|move|p2a: Huevo nuovo|Ice Beam|p1a: Blissey
|-damage|p1a: Blissey|89/100
|-status|p1a: Blissey|frz
|
|-heal|p2a: Huevo nuovo|97/100|[from] item: Leftovers
|-heal|p1a: Blissey|95/100 frz|[from] item: Leftovers
|upkeep
|turn|25
|
|t:|1729626407
|move|p2a: Huevo nuovo|Thunderbolt|p1a: Blissey
|-damage|p1a: Blissey|85/100 frz
|cant|p1a: Blissey|frz
|
|-heal|p2a: Huevo nuovo|100/100|[from] item: Leftovers
|-heal|p1a: Blissey|91/100 frz|[from] item: Leftovers
|upkeep
|turn|26
|
|t:|1729626410
|cant|p1a: Blissey|frz
|move|p2a: Huevo nuovo|Thunderbolt|p1a: Blissey
|-damage|p1a: Blissey|81/100 frz
|
|-heal|p1a: Blissey|87/100 frz|[from] item: Leftovers
|upkeep
|turn|27
|
|t:|1729626415
|-curestatus|p1a: Blissey|frz|[msg]
|move|p1a: Blissey|Calm Mind|p1a: Blissey
|-boost|p1a: Blissey|spa|0
|-boost|p1a: Blissey|spd|0
|move|p2a: Huevo nuovo|Thunderbolt|p1a: Blissey
|-damage|p1a: Blissey|76/100
|
|-heal|p1a: Blissey|82/100|[from] item: Leftovers
|upkeep
|turn|28
|
|t:|1729626419
|move|p2a: Huevo nuovo|Thunderbolt|p1a: Blissey
|-damage|p1a: Blissey|73/100
|move|p1a: Blissey|Calm Mind|p1a: Blissey
|-boost|p1a: Blissey|spa|0
|-boost|p1a: Blissey|spd|0
|
|-heal|p1a: Blissey|79/100|[from] item: Leftovers
|upkeep
|turn|29
|
|t:|1729626423
|move|p1a: Blissey|Ice Beam|p2a: Huevo nuovo
|-damage|p2a: Huevo nuovo|90/100
|-status|p2a: Huevo nuovo|frz
|cant|p2a: Huevo nuovo|frz
|
|-heal|p2a: Huevo nuovo|96/100 frz|[from] item: Leftovers
|-heal|p1a: Blissey|85/100|[from] item: Leftovers
|upkeep
|turn|30
|
|t:|1729626427
|move|p1a: Blissey|Thunderbolt|p2a: Huevo nuovo
|-damage|p2a: Huevo nuovo|86/100 frz
|cant|p2a: Huevo nuovo|frz
|
|-heal|p1a: Blissey|91/100|[from] item: Leftovers
|-heal|p2a: Huevo nuovo|93/100 frz|[from] item: Leftovers
|upkeep
|turn|31
|
|t:|1729626430
|move|p1a: Blissey|Thunderbolt|p2a: Huevo nuovo
|-damage|p2a: Huevo nuovo|83/100 frz
|cant|p2a: Huevo nuovo|frz
|
|-heal|p1a: Blissey|97/100|[from] item: Leftovers
|-heal|p2a: Huevo nuovo|89/100 frz|[from] item: Leftovers
|upkeep
|turn|32
|
|t:|1729626432
|cant|p2a: Huevo nuovo|frz
|move|p1a: Blissey|Thunderbolt|p2a: Huevo nuovo
|-damage|p2a: Huevo nuovo|79/100 frz
|
|-heal|p1a: Blissey|100/100|[from] item: Leftovers
|-heal|p2a: Huevo nuovo|85/100 frz|[from] item: Leftovers
|upkeep
|turn|33
|
|t:|1729626436
|switch|p1a: Forretress|Forretress, M|45/100
|-damage|p1a: Forretress|33/100|[from] Spikes
|cant|p2a: Huevo nuovo|frz
|
|-heal|p2a: Huevo nuovo|91/100 frz|[from] item: Leftovers
|-heal|p1a: Forretress|39/100|[from] item: Leftovers
|upkeep
|turn|34
|
|t:|1729626441
|cant|p2a: Huevo nuovo|frz
|move|p1a: Forretress|Explosion|p2a: Huevo nuovo
|-damage|p2a: Huevo nuovo|0 fnt
|faint|p1a: Forretress
|faint|p2a: Huevo nuovo
|
|t:|1729626453
|switch|p2a: Claydol|Claydol|100/100
|switch|p1a: Zapdos|Zapdos|100/100
|
|upkeep
|turn|35
|
|t:|1729626461
|move|p1a: Zapdos|Drill Peck|p2a: Claydol
|-damage|p2a: Claydol|47/100
|move|p2a: Claydol|Rapid Spin|p1a: Zapdos
|-damage|p1a: Zapdos|94/100
|-sideend|p2: Dr4gonl0rd|Spikes|[from] move: Rapid Spin|[of] p2a: Claydol
|
|-heal|p2a: Claydol|53/100|[from] item: Leftovers
|upkeep
|turn|36
|
|t:|1729626466
|move|p1a: Zapdos|Drill Peck|p2a: Claydol
|-damage|p2a: Claydol|0 fnt
|faint|p2a: Claydol
|
|t:|1729626471
|switch|p2a: 👻|Gengar, F|100/100
|
|upkeep
|turn|37
|
|t:|1729626475
|switch|p1a: Blissey|Blissey, F|100/100
|-damage|p1a: Blissey|88/100|[from] Spikes
|move|p2a: 👻|Will-O-Wisp|p1a: Blissey|[miss]
|-miss|p2a: 👻|p1a: Blissey
|
|-heal|p1a: Blissey|94/100|[from] item: Leftovers
|upkeep
|turn|38
|
|t:|1729626481
|move|p2a: 👻|Taunt|p1a: Blissey
|-start|p1a: Blissey|move: Taunt
|move|p1a: Blissey|Thunderbolt|p2a: 👻
|-damage|p2a: 👻|74/100
|-status|p2a: 👻|par
|
|-heal|p1a: Blissey|99/100|[from] item: Leftovers
|-heal|p2a: 👻|80/100 par|[from] item: Leftovers
|upkeep
|turn|39
|
|t:|1729626485
|move|p1a: Blissey|Thunderbolt|p2a: 👻
|-damage|p2a: 👻|53/100 par
|move|p2a: 👻|Will-O-Wisp|p1a: Blissey
|-status|p1a: Blissey|brn
|
|-heal|p1a: Blissey|100/100 brn|[from] item: Leftovers
|-damage|p1a: Blissey|88/100 brn|[from] brn
|-end|p1a: Blissey|move: Taunt|[silent]
|-heal|p2a: 👻|59/100 par|[from] item: Leftovers
|upkeep
|turn|40
|
|t:|1729626490
|move|p1a: Blissey|Thunderbolt|p2a: 👻
|-damage|p2a: 👻|29/100 par
|move|p2a: 👻|Taunt|p1a: Blissey
|-start|p1a: Blissey|move: Taunt
|
|-heal|p1a: Blissey|94/100 brn|[from] item: Leftovers
|-damage|p1a: Blissey|82/100 brn|[from] brn
|-heal|p2a: 👻|35/100 par|[from] item: Leftovers
|upkeep
|turn|41
|
|t:|1729626494
|move|p1a: Blissey|Thunderbolt|p2a: 👻
|-damage|p2a: 👻|5/100 par
|cant|p2a: 👻|par
|
|-heal|p1a: Blissey|88/100 brn|[from] item: Leftovers
|-damage|p1a: Blissey|75/100 brn|[from] brn
|-end|p1a: Blissey|move: Taunt|[silent]
|-heal|p2a: 👻|12/100 par|[from] item: Leftovers
|upkeep
|turn|42
|
|t:|1729626504
|move|p1a: Blissey|Calm Mind|p1a: Blissey
|-boost|p1a: Blissey|spa|1
|-boost|p1a: Blissey|spd|1
|move|p2a: 👻|Ice Punch|p1a: Blissey
|-damage|p1a: Blissey|70/100 brn
|
|-heal|p1a: Blissey|76/100 brn|[from] item: Leftovers
|-damage|p1a: Blissey|64/100 brn|[from] brn
|-heal|p2a: 👻|18/100 par|[from] item: Leftovers
|upkeep
|turn|43
|
|t:|1729626507
|move|p1a: Blissey|Calm Mind|p1a: Blissey
|-boost|p1a: Blissey|spa|1
|-boost|p1a: Blissey|spd|1
|move|p2a: 👻|Taunt|p1a: Blissey
|-start|p1a: Blissey|move: Taunt
|
|-heal|p1a: Blissey|70/100 brn|[from] item: Leftovers
|-damage|p1a: Blissey|57/100 brn|[from] brn
|-heal|p2a: 👻|24/100 par|[from] item: Leftovers
|upkeep
|turn|44
|
|t:|1729626512
|move|p1a: Blissey|Thunderbolt|p2a: 👻
|-damage|p2a: 👻|0 fnt
|faint|p2a: 👻
|
|t:|1729626514
|switch|p2a: Bluedog|Suicune|94/100
|
|-heal|p2a: Bluedog|100/100|[from] item: Leftovers
|-heal|p1a: Blissey|63/100 brn|[from] item: Leftovers
|-damage|p1a: Blissey|51/100 brn|[from] brn
|-end|p1a: Blissey|move: Taunt|[silent]
|upkeep
|turn|45
|
|t:|1729626516
|move|p2a: Bluedog|Calm Mind|p2a: Bluedog
|-boost|p2a: Bluedog|spa|1
|-boost|p2a: Bluedog|spd|1
|move|p1a: Blissey|Thunderbolt|p2a: Bluedog
|-supereffective|p2a: Bluedog
|-damage|p2a: Bluedog|52/100
|
|-heal|p2a: Bluedog|59/100|[from] item: Leftovers
|-heal|p1a: Blissey|57/100 brn|[from] item: Leftovers
|-damage|p1a: Blissey|45/100 brn|[from] brn
|upkeep
|turn|46
|
|t:|1729626522
|move|p2a: Bluedog|Calm Mind|p2a: Bluedog
|-boost|p2a: Bluedog|spa|1
|-boost|p2a: Bluedog|spd|1
|move|p1a: Blissey|Thunderbolt|p2a: Bluedog
|-supereffective|p2a: Bluedog
|-damage|p2a: Bluedog|21/100
|
|-heal|p2a: Bluedog|27/100|[from] item: Leftovers
|-heal|p1a: Blissey|51/100 brn|[from] item: Leftovers
|-damage|p1a: Blissey|38/100 brn|[from] brn
|upkeep
|turn|47
|
|t:|1729626526
|move|p2a: Bluedog|Rest|p2a: Bluedog
|-status|p2a: Bluedog|slp|[from] move: Rest
|-heal|p2a: Bluedog|100/100 slp|[silent]
|move|p1a: Blissey|Soft-Boiled|p1a: Blissey
|-heal|p1a: Blissey|88/100 brn
|
|-heal|p1a: Blissey|95/100 brn|[from] item: Leftovers
|-damage|p1a: Blissey|82/100 brn|[from] brn
|upkeep
|turn|48
|
|t:|1729626536
|-curestatus|p1a: Blissey|brn|[from] ability: Natural Cure
|switch|p1a: Celebi|Celebi|31/100
|-damage|p1a: Celebi|19/100|[from] Spikes
|cant|p2a: Bluedog|slp
|move|p2a: Bluedog|Sleep Talk|p2a: Bluedog
|move|p2a: Bluedog|Rest|p2a: Bluedog|[from]Sleep Talk
|
|-heal|p1a: Celebi|25/100|[from] item: Leftovers
|upkeep
|turn|49
|
|t:|1729626544
|move|p1a: Celebi|Leech Seed|p2a: Bluedog|[miss]
|-miss|p1a: Celebi|p2a: Bluedog
|cant|p2a: Bluedog|slp
|move|p2a: Bluedog|Sleep Talk|p2a: Bluedog
|move|p2a: Bluedog|Rest|p2a: Bluedog|[from]Sleep Talk
|
|-heal|p1a: Celebi|31/100|[from] item: Leftovers
|upkeep
|turn|50
|c|☆Calm Stiege|pls celebi :(
|
|t:|1729626555
|move|p1a: Celebi|Leech Seed|p2a: Bluedog
|-start|p2a: Bluedog|move: Leech Seed
|-curestatus|p2a: Bluedog|slp|[msg]
|move|p2a: Bluedog|Surf|p1a: Celebi
|-resisted|p1a: Celebi
|-damage|p1a: Celebi|0 fnt
|faint|p1a: Celebi
|
|t:|1729626561
|switch|p1a: Zapdos|Zapdos|94/100
|
|-damage|p2a: Bluedog|88/100|[from] Leech Seed|[of] p1a: Zapdos
|-heal|p1a: Zapdos|100/100|[silent]
|upkeep
|turn|51
|
|t:|1729626569
|move|p1a: Zapdos|Drill Peck|p2a: Bluedog
|-damage|p2a: Bluedog|46/100
|move|p2a: Bluedog|Surf|p1a: Zapdos
|-damage|p1a: Zapdos|0 fnt
|faint|p1a: Zapdos
|
|t:|1729626573
|switch|p1a: Snorlax|Snorlax, M|100/100
|-damage|p1a: Snorlax|88/100|[from] Spikes
|
|-heal|p2a: Bluedog|52/100|[from] item: Leftovers
|-damage|p2a: Bluedog|40/100|[from] Leech Seed|[of] p1a: Snorlax
|-heal|p1a: Snorlax|98/100|[silent]
|-heal|p1a: Snorlax|100/100|[from] item: Leftovers
|upkeep
|turn|52
|
|t:|1729626577
|move|p2a: Bluedog|Rest|p2a: Bluedog
|-status|p2a: Bluedog|slp|[from] move: Rest
|-heal|p2a: Bluedog|100/100 slp|[silent]
|move|p1a: Snorlax|Return|p2a: Bluedog
|-damage|p2a: Bluedog|71/100 slp
|
|-heal|p2a: Bluedog|77/100 slp|[from] item: Leftovers
|-damage|p2a: Bluedog|65/100 slp|[from] Leech Seed|[of] p1a: Snorlax
|upkeep
|turn|53
|
|t:|1729626581
|cant|p2a: Bluedog|slp
|move|p2a: Bluedog|Sleep Talk|p2a: Bluedog
|move|p2a: Bluedog|Calm Mind|p2a: Bluedog|[from]Sleep Talk
|-boost|p2a: Bluedog|spa|1
|-boost|p2a: Bluedog|spd|1
|move|p1a: Snorlax|Curse|p1a: Snorlax
|-unboost|p1a: Snorlax|spe|1
|-boost|p1a: Snorlax|atk|1
|-boost|p1a: Snorlax|def|1
|
|-heal|p2a: Bluedog|71/100 slp|[from] item: Leftovers
|-damage|p2a: Bluedog|59/100 slp|[from] Leech Seed|[of] p1a: Snorlax
|upkeep
|turn|54
|
|t:|1729626587
|cant|p2a: Bluedog|slp
|move|p2a: Bluedog|Sleep Talk|p2a: Bluedog
|move|p2a: Bluedog|Calm Mind|p2a: Bluedog|[from]Sleep Talk
|-boost|p2a: Bluedog|spa|1
|-boost|p2a: Bluedog|spd|1
|move|p1a: Snorlax|Return|p2a: Bluedog
|-damage|p2a: Bluedog|11/100 slp
|
|-heal|p2a: Bluedog|17/100 slp|[from] item: Leftovers
|-damage|p2a: Bluedog|4/100 slp|[from] Leech Seed|[of] p1a: Snorlax
|upkeep
|turn|55
|
|t:|1729626593
|-curestatus|p2a: Bluedog|slp|[msg]
|move|p2a: Bluedog|Rest|p2a: Bluedog
|-status|p2a: Bluedog|slp|[from] move: Rest
|-heal|p2a: Bluedog|100/100 slp|[silent]
|move|p1a: Snorlax|Return|p2a: Bluedog
|-damage|p2a: Bluedog|56/100 slp
|
|-heal|p2a: Bluedog|62/100 slp|[from] item: Leftovers
|-damage|p2a: Bluedog|50/100 slp|[from] Leech Seed|[of] p1a: Snorlax
|upkeep
|turn|56
|
|t:|1729626596
|cant|p2a: Bluedog|slp
|move|p2a: Bluedog|Sleep Talk|p2a: Bluedog
|move|p2a: Bluedog|Surf|p1a: Snorlax|[from]Sleep Talk
|-damage|p1a: Snorlax|43/100
|move|p1a: Snorlax|Return|p2a: Bluedog
|-damage|p2a: Bluedog|2/100 slp
|
|-heal|p2a: Bluedog|9/100 slp|[from] item: Leftovers
|-damage|p2a: Bluedog|0 fnt|[from] Leech Seed|[of] p1a: Snorlax
|-heal|p1a: Snorlax|49/100|[silent]
|faint|p2a: Bluedog
|
|win|Calm Stiege
|upkeep
|c|☆Calm Stiege|gg
|c|☆Dr4gonl0rd|gg

</script>
<script type="application/json" class="data" id="replaydata-smogtours-gen3ou-801244">
{"id":"smogtours-gen3ou-801244","format":"[Gen 3] OU","players":["Calm Stiege","Dr4gonl0rd"],"uploadtime":1729626596,"views":90,"formatid":"gen3ou","rating":null,"private":0,"password":null}
</script>

<script defer src="js/replays.js?9d40a366"></script>
