<!DOCTYPE html>
<meta charset="utf-8" />
<meta name="viewport" content="width=device-width" />

<title>[Gen 3] OU: lemoncholy vs. DimmyJean - Replays - Pok&eacute;mon Showdown!</title>

<meta name="description" content="Watch a replay of a Pok&eacute;mon battle between lemoncholy and DimmyJean! Format: [Gen 3] OU; Date: Oct 28, 2024" />
<!--

Hey, you! Looking in the source for the replay log?

You can find them in JSON format, just add `.json` at the end of a replay URL.

https://replay.pokemonshowdown.com/gen7randomdoublesbattle-865046831.json

Or, if you only need the log itself, add `.log` instead:

https://replay.pokemonshowdown.com/gen7randomdoublesbattle-865046831.log

-->

<link rel="stylesheet" href="//pokemonshowdown.com/style/global.css?0.023195364461161105" />
<link rel="stylesheet" href="//play.pokemonshowdown.com/style/font-awesome.css?0.13261647063804238" />
<link rel="stylesheet" href="//play.pokemonshowdown.com/style/battle.css?0.8753245789963631" />
<link rel="stylesheet" href="//play.pokemonshowdown.com/style/utilichart.css?0.8627959624976733" />

<!-- Global site tag (gtag.js) - Google Analytics -->
<script async src="https://www.googletagmanager.com/gtag/js?id=UA-26211653-1"></script>
<script>
  window.dataLayer = window.dataLayer || [];
  function gtag(){dataLayer.push(arguments);}
  gtag('js', new Date());

  gtag('config', 'UA-26211653-1');
</script>
<!-- End Google Analytics -->
<!-- Venatus Ad Manager - Install in <HEAD> of page -->
	<script src="https://hb.vntsm.com/v3/live/ad-manager.min.js" type="text/javascript" data-site-id="642aba63ec9a7b11c3c9c1be" data-mode="scan" async></script>
<!-- / Venatus Ad Manager -->

<style>
	@media (max-width:820px) {
		.battle {
			margin: 0 auto;
		}
		.battle-log {
			margin: 7px auto 0;
			max-width: 640px;
			height: 300px;
			position: static;
		}
	}
	.optgroup {
		display: inline-block;
		line-height: 22px;
		font-size: 10pt;
	}
	.optgroup .button {
		height: 25px;
		padding-top: 0;
		padding-bottom: 0;
	}
	.optgroup button.button {
		padding-left: 12px;
		padding-right: 12px;
	}
	.linklist {
		list-style: none;
		margin: 0.5em 0;
		padding: 0;
	}
	.linklist li {
		padding: 2px 0;
	}
	.sidebar {
		float: left;
		width: 320px;
	}
	.bar-wrapper {
		max-width: 1100px;
		margin: 0 auto;
	}
	.bar-wrapper.has-sidebar {
		max-width: 1430px;
	}
	.mainbar {
		margin: 0;
		padding-right: 1px;
	}
	.mainbar.has-sidebar {
		margin-left: 330px;
	}
	@media (min-width: 1511px) {
		.sidebar {
			width: 400px;
		}
		.bar-wrapper.has-sidebar {
			max-width: 1510px;
		}
		.mainbar.has-sidebar {
			margin-left: 410px;
		}
	}
	.section.first-section {
		margin-top: 9px;
	}
	.blocklink small {
		white-space: normal;
	}
	.button {
		vertical-align: middle;
	}
	.replay-controls {
		padding-top: 10px;
	}
	.replay-controls h1 {
		font-size: 16pt;
		font-weight: normal;
		color: #CCC;
	}
	.pagelink {
		text-align: center;
	}
	.pagelink a {
		width: 150px;
	}
	.textbox, .button {
		font-size: 11pt;
		vertical-align: middle;
	}
	@media (max-width: 450px) {
		.button {
			font-size: 9pt;
		}
	}
</style>

<div>

	<header>
		<div class="nav-wrapper"><ul class="nav">
			<li><a class="button nav-first" href="//pokemonshowdown.com/"><img src="//pokemonshowdown.com/images/pokemonshowdownbeta.png" srcset="//pokemonshowdown.com/images/pokemonshowdownbeta.png 1x, //pokemonshowdown.com/images/pokemonshowdownbeta@2x.png 2x" alt="Pok&eacute;mon Showdown" width="146" height="44" /> Home</a></li>
			<li><a class="button" href="//pokemonshowdown.com/dex/">Pok&eacute;dex</a></li>
			<li><a class="button cur" href="/">Replays</a></li>
			<li><a class="button" href="//pokemonshowdown.com/ladder/">Ladder</a></li>
			<li><a class="button nav-last" href="//pokemonshowdown.com/forums/">Forum</a></li>
			<li><a class="button greenbutton nav-first nav-last" href="//play.pokemonshowdown.com/">Play</a></li>
		</ul></div>
	</header>

	<div class="main" id="main">

		<noscript><section class="section">You need to enable JavaScript to use this page; sorry!</section></noscript>

	</div>

</div>

<script defer nomodule src="//play.pokemonshowdown.com/js/lib/ps-polyfill.js"></script>
<script defer src="//play.pokemonshowdown.com/js/lib/preact.min.js"></script>

<script defer src="//play.pokemonshowdown.com/config/config.js?2bddbc15"></script>
<script defer src="//play.pokemonshowdown.com/js/lib/jquery-1.11.0.min.js"></script>
<script defer src="//play.pokemonshowdown.com/js/lib/html-sanitizer-minified.js"></script>
<script defer src="//play.pokemonshowdown.com/js/battle-sound.js"></script>
<script defer src="//play.pokemonshowdown.com/js/battledata.js?0.7209276989879541"></script>
<script defer src="//play.pokemonshowdown.com/data/pokedex-mini.js?0.6111056340867951"></script>
<script defer src="//play.pokemonshowdown.com/data/pokedex-mini-bw.js?0.3532142036491459"></script>
<script defer src="//play.pokemonshowdown.com/data/graphics.js?0.24223875632456182"></script>
<script defer src="//play.pokemonshowdown.com/data/pokedex.js?0.38839984266356864"></script>
<script defer src="//play.pokemonshowdown.com/data/moves.js?0.21866028504024015"></script>
<script defer src="//play.pokemonshowdown.com/data/abilities.js?0.2005157953846628"></script>
<script defer src="//play.pokemonshowdown.com/data/items.js?0.9894211263848525"></script>
<script defer src="//play.pokemonshowdown.com/data/teambuilder-tables.js?0.6008791140282215"></script>
<script defer src="//play.pokemonshowdown.com/js/battle-tooltips.js?0.7580118955022959"></script>
<script defer src="//play.pokemonshowdown.com/js/battle.js?0.6057722274234274"></script>

<script defer src="js/utils.js?e31f9a17"></script>
<script defer src="js/replays-battle.js?7008c182"></script>

<!-- don't scrape this data! just add .json or .log after the URL!
Full API docs: https://github.com/smogon/pokemon-showdown-client/blob/master/WEB-API.md -->
<script type="text/plain" class="log" id="replaylog-smogtours-gen3ou-803173">
|inactive|Battle timer is ON: inactive players will automatically lose when time's up.
|t:|1730153770
|gametype|singles
|player|p1|lemoncholy|will|
|player|p2|DimmyJean|psychic-gen2|
|teamsize|p1|6
|teamsize|p2|6
|gen|3
|tier|[Gen 3] OU
|rule|Sleep Clause Mod: Limit one foe put to sleep
|rule|Switch Priority Clause Mod: Faster Pokémon switch first
|rule|Species Clause: Limit one of each Pokémon
|rule|OHKO Clause: OHKO moves are banned
|rule|Evasion Items Clause: Evasion items are banned
|rule|Evasion Moves Clause: Evasion moves are banned
|rule|Endless Battle Clause: Forcing endless battles is banned
|rule|HP Percentage Mod: HP is shown in percentages
|rule|One Boost Passer Clause: Limit one Baton Passer that has a way to boost its stats
|rule|Freeze Clause Mod: Limit one foe frozen
|
|t:|1730153770
|start
|switch|p1a: Salamence|Salamence, M|100/100
|switch|p2a: Tyranitar|Tyranitar, M|100/100
|-ability|p1a: Salamence|Intimidate|boost
|-unboost|p2a: Tyranitar|atk|1
|-weather|Sandstorm|[from] ability: Sand Stream|[of] p2a: Tyranitar
|turn|1
|c|☆lemoncholy|hf
|
|t:|1730153792
|switch|p1a: Metagross|Metagross|100/100
|switch|p2a: Swampert|Swampert, F|100/100
|
|-weather|Sandstorm|[upkeep]
|upkeep
|turn|2
|
|t:|1730153804
|switch|p1a: Skarmory|Skarmory, M|100/100
|move|p2a: Swampert|Protect||[still]
|-fail|p2a: Swampert
|
|-weather|Sandstorm|[upkeep]
|upkeep
|turn|3
|
|t:|1730153813
|switch|p2a: Starmie|Starmie|100/100
|move|p1a: Skarmory|Spikes|p2a: Starmie
|-sidestart|p2: DimmyJean|Spikes
|
|-weather|Sandstorm|[upkeep]
|-damage|p2a: Starmie|94/100|[from] Sandstorm
|-heal|p2a: Starmie|100/100|[from] item: Leftovers
|upkeep
|turn|4
|
|t:|1730153826
|move|p2a: Starmie|Hydro Pump|p1a: Skarmory
|-damage|p1a: Skarmory|55/100
|move|p1a: Skarmory|Toxic|p2a: Starmie
|-status|p2a: Starmie|tox
|
|-weather|Sandstorm|[upkeep]
|-damage|p2a: Starmie|94/100 tox|[from] Sandstorm
|-heal|p2a: Starmie|100/100 tox|[from] item: Leftovers
|-damage|p2a: Starmie|94/100 tox|[from] psn
|-heal|p1a: Skarmory|61/100|[from] item: Leftovers
|upkeep
|turn|5
|
|t:|1730153846
|-curestatus|p2a: Starmie|tox|[from] ability: Natural Cure
|switch|p2a: Tyranitar|Tyranitar, M|100/100
|-damage|p2a: Tyranitar|88/100|[from] Spikes
|move|p1a: Skarmory|Protect||[still]
|-fail|p1a: Skarmory
|
|-weather|Sandstorm|[upkeep]
|-heal|p1a: Skarmory|67/100|[from] item: Leftovers
|upkeep
|turn|6
|
|t:|1730153857
|-singleturn|p2a: Tyranitar|move: Focus Punch
|switch|p1a: Blissey|Blissey, F|100/100
|move|p2a: Tyranitar|Focus Punch|p1a: Blissey
|-supereffective|p1a: Blissey
|-damage|p1a: Blissey|16/100
|
|-weather|Sandstorm|[upkeep]
|-damage|p1a: Blissey|10/100|[from] Sandstorm
|-heal|p1a: Blissey|16/100|[from] item: Leftovers
|upkeep
|turn|7
|
|t:|1730153869
|-singleturn|p2a: Tyranitar|move: Focus Punch
|switch|p1a: Salamence|Salamence, M|100/100
|-ability|p1a: Salamence|Intimidate|boost
|-unboost|p2a: Tyranitar|atk|1
|move|p2a: Tyranitar|Focus Punch|p1a: Salamence
|-resisted|p1a: Salamence
|-crit|p1a: Salamence
|-damage|p1a: Salamence|48/100
|
|-weather|Sandstorm|[upkeep]
|-damage|p1a: Salamence|42/100|[from] Sandstorm
|-heal|p1a: Salamence|48/100|[from] item: Leftovers
|upkeep
|turn|8
|
|t:|1730153879
|switch|p2a: Starmie|Starmie|94/100
|-damage|p2a: Starmie|82/100|[from] Spikes
|move|p1a: Salamence|Hidden Power|p2a: Starmie
|-supereffective|p2a: Starmie
|-damage|p2a: Starmie|5/100
|
|-weather|Sandstorm|[upkeep]
|-damage|p2a: Starmie|0 fnt|[from] Sandstorm
|-damage|p1a: Salamence|42/100|[from] Sandstorm
|faint|p2a: Starmie
|-heal|p1a: Salamence|48/100|[from] item: Leftovers
|upkeep
|inactive|DimmyJean has 270 seconds left.
|
|t:|1730153910
|switch|p2a: Metagross|Metagross|100/100
|-damage|p2a: Metagross|88/100|[from] Spikes
|turn|9
|
|t:|1730153919
|switch|p1a: Metagross|Metagross|100/100
|move|p2a: Metagross|Meteor Mash|p1a: Metagross
|-resisted|p1a: Metagross
|-damage|p1a: Metagross|85/100
|
|-weather|Sandstorm|[upkeep]
|-heal|p1a: Metagross|91/100|[from] item: Leftovers
|-heal|p2a: Metagross|94/100|[from] item: Leftovers
|upkeep
|turn|10
|inactive|DimmyJean has 270 seconds left.
|
|t:|1730153940
|switch|p1a: Skarmory|Skarmory, M|67/100
|switch|p2a: Porygon2|Porygon2|100/100
|-damage|p2a: Porygon2|88/100|[from] Spikes
|-ability|p2a: Porygon2|Keen Eye|[from] ability: Trace|[of] p1a: Skarmory
|
|-weather|Sandstorm|[upkeep]
|-damage|p2a: Porygon2|82/100|[from] Sandstorm
|-heal|p1a: Skarmory|73/100|[from] item: Leftovers
|-heal|p2a: Porygon2|88/100|[from] item: Leftovers
|upkeep
|turn|11
|
|t:|1730153948
|move|p1a: Skarmory|Toxic|p2a: Porygon2
|-status|p2a: Porygon2|tox
|move|p2a: Porygon2|Thunderbolt|p1a: Skarmory
|-supereffective|p1a: Skarmory
|-damage|p1a: Skarmory|19/100
|
|-weather|Sandstorm|[upkeep]
|-damage|p2a: Porygon2|82/100 tox|[from] Sandstorm
|-heal|p1a: Skarmory|25/100|[from] item: Leftovers
|-heal|p2a: Porygon2|88/100 tox|[from] item: Leftovers
|-damage|p2a: Porygon2|82/100 tox|[from] psn
|upkeep
|turn|12
|
|t:|1730153961
|switch|p1a: Claydol|Claydol|100/100
|move|p2a: Porygon2|Thunderbolt|p1a: Claydol
|-immune|p1a: Claydol
|
|-weather|Sandstorm|[upkeep]
|-damage|p2a: Porygon2|76/100 tox|[from] Sandstorm
|-heal|p2a: Porygon2|82/100 tox|[from] item: Leftovers
|-damage|p2a: Porygon2|70/100 tox|[from] psn
|upkeep
|turn|13
|
|t:|1730153989
|switch|p2a: Swampert|Swampert, F|100/100
|-damage|p2a: Swampert|88/100|[from] Spikes
|move|p1a: Claydol|Earthquake|p2a: Swampert
|-damage|p2a: Swampert|52/100
|
|-weather|Sandstorm|[upkeep]
|-heal|p2a: Swampert|58/100|[from] item: Leftovers
|upkeep
|turn|14
|inactive|DimmyJean has 240 seconds left.
|inactive|lemoncholy has 270 seconds left.
|
|t:|1730154020
|switch|p1a: Blissey|Blissey, F|16/100
|move|p2a: Swampert|Protect||[still]
|-fail|p2a: Swampert
|
|-weather|Sandstorm|[upkeep]
|-damage|p1a: Blissey|10/100|[from] Sandstorm
|-heal|p1a: Blissey|16/100|[from] item: Leftovers
|-heal|p2a: Swampert|64/100|[from] item: Leftovers
|upkeep
|turn|15
|
|t:|1730154025
|move|p1a: Blissey|Soft-Boiled|p1a: Blissey
|-heal|p1a: Blissey|66/100
|move|p2a: Swampert|Surf|p1a: Blissey
|-damage|p1a: Blissey|55/100
|
|-weather|Sandstorm|[upkeep]
|-damage|p1a: Blissey|48/100|[from] Sandstorm
|-heal|p1a: Blissey|55/100|[from] item: Leftovers
|-heal|p2a: Swampert|70/100|[from] item: Leftovers
|upkeep
|turn|16
|inactive|DimmyJean has 240 seconds left.
|
|t:|1730154038
|switch|p1a: Skarmory|Skarmory, M|25/100
|switch|p2a: Metagross|Metagross|94/100
|-damage|p2a: Metagross|82/100|[from] Spikes
|
|-weather|Sandstorm|[upkeep]
|-heal|p1a: Skarmory|31/100|[from] item: Leftovers
|-heal|p2a: Metagross|88/100|[from] item: Leftovers
|upkeep
|turn|17
|
|t:|1730154043
|move|p1a: Skarmory|Spikes|p2a: Metagross
|-sidestart|p2: DimmyJean|Spikes
|move|p2a: Metagross|Thunder Punch|p1a: Skarmory
|-supereffective|p1a: Skarmory
|-crit|p1a: Skarmory
|-damage|p1a: Skarmory|0 fnt
|faint|p1a: Skarmory
|
|t:|1730154052
|switch|p1a: Claydol|Claydol|100/100
|
|-weather|Sandstorm|[upkeep]
|-heal|p2a: Metagross|94/100|[from] item: Leftovers
|upkeep
|turn|18
|
|t:|1730154062
|move|p1a: Claydol|Earthquake|p2a: Metagross
|-supereffective|p2a: Metagross
|-damage|p2a: Metagross|40/100
|move|p2a: Metagross|Explosion|p1a: Claydol
|-damage|p1a: Claydol|0 fnt
|faint|p2a: Metagross
|faint|p1a: Claydol
|inactive|DimmyJean has 240 seconds left.
|
|t:|1730154092
|switch|p1a: Salamence|Salamence, M|48/100
|switch|p2a: Swampert|Swampert, F|70/100
|-ability|p1a: Salamence|Intimidate|boost
|-unboost|p2a: Swampert|atk|1
|-damage|p2a: Swampert|54/100|[from] Spikes
|
|-weather|Sandstorm|[upkeep]
|-damage|p1a: Salamence|42/100|[from] Sandstorm
|-heal|p1a: Salamence|48/100|[from] item: Leftovers
|-heal|p2a: Swampert|60/100|[from] item: Leftovers
|upkeep
|turn|19
|inactive|DimmyJean has 240 seconds left.
|
|t:|1730154103
|move|p2a: Swampert|Protect|p2a: Swampert
|-singleturn|p2a: Swampert|Protect
|move|p1a: Salamence|Hidden Power|p2a: Swampert
|-activate|p2a: Swampert|Protect
|
|-weather|Sandstorm|[upkeep]
|-damage|p1a: Salamence|42/100|[from] Sandstorm
|-heal|p1a: Salamence|48/100|[from] item: Leftovers
|-heal|p2a: Swampert|66/100|[from] item: Leftovers
|upkeep
|turn|20
|
|t:|1730154109
|switch|p2a: Celebi|Celebi|100/100
|-damage|p2a: Celebi|84/100|[from] Spikes
|move|p1a: Salamence|Hidden Power|p2a: Celebi
|-resisted|p2a: Celebi
|-damage|p2a: Celebi|73/100
|
|-weather|Sandstorm|[upkeep]
|-damage|p2a: Celebi|67/100|[from] Sandstorm
|-damage|p1a: Salamence|42/100|[from] Sandstorm
|-heal|p2a: Celebi|73/100|[from] item: Leftovers
|-heal|p1a: Salamence|48/100|[from] item: Leftovers
|upkeep
|turn|21
|
|t:|1730154119
|switch|p1a: Metagross|Metagross|91/100
|move|p2a: Celebi|Calm Mind|p2a: Celebi
|-boost|p2a: Celebi|spa|1
|-boost|p2a: Celebi|spd|1
|
|-weather|Sandstorm|[upkeep]
|-damage|p2a: Celebi|67/100|[from] Sandstorm
|-heal|p2a: Celebi|73/100|[from] item: Leftovers
|-heal|p1a: Metagross|97/100|[from] item: Leftovers
|upkeep
|turn|22
|
|t:|1730154127
|move|p2a: Celebi|Hidden Power|p1a: Metagross
|-supereffective|p1a: Metagross
|-crit|p1a: Metagross
|-damage|p1a: Metagross|0 fnt
|faint|p1a: Metagross
|
|t:|1730154132
|switch|p1a: Tyranitar|Tyranitar, F|100/100
|
|-weather|Sandstorm|[upkeep]
|-damage|p2a: Celebi|67/100|[from] Sandstorm
|-heal|p2a: Celebi|73/100|[from] item: Leftovers
|upkeep
|turn|23
|
|t:|1730154137
|move|p2a: Celebi|Giga Drain|p1a: Tyranitar
|-supereffective|p1a: Tyranitar
|-damage|p1a: Tyranitar|47/100
|-heal|p2a: Celebi|99/100|[from] drain|[of] p1a: Tyranitar
|move|p1a: Tyranitar|Hidden Power|p2a: Celebi
|-supereffective|p2a: Celebi
|-damage|p2a: Celebi|19/100
|
|-weather|Sandstorm|[upkeep]
|-damage|p2a: Celebi|12/100|[from] Sandstorm
|-heal|p2a: Celebi|19/100|[from] item: Leftovers
|-heal|p1a: Tyranitar|53/100|[from] item: Leftovers
|upkeep
|turn|24
|inactive|DimmyJean has 270 seconds left.
|
|t:|1730154167
|switch|p1a: Blissey|Blissey, F|55/100
|move|p2a: Celebi|Giga Drain|p1a: Blissey
|-damage|p1a: Blissey|41/100
|-heal|p2a: Celebi|29/100|[from] drain|[of] p1a: Blissey
|
|-weather|Sandstorm|[upkeep]
|-damage|p2a: Celebi|23/100|[from] Sandstorm
|-damage|p1a: Blissey|35/100|[from] Sandstorm
|-heal|p2a: Celebi|29/100|[from] item: Leftovers
|-heal|p1a: Blissey|41/100|[from] item: Leftovers
|upkeep
|turn|25
|inactive|DimmyJean has 270 seconds left.
|
|t:|1730154177
|move|p2a: Celebi|Giga Drain|p1a: Blissey
|-damage|p1a: Blissey|28/100
|-heal|p2a: Celebi|40/100|[from] drain|[of] p1a: Blissey
|move|p1a: Blissey|Soft-Boiled|p1a: Blissey
|-heal|p1a: Blissey|78/100
|
|-weather|Sandstorm|[upkeep]
|-damage|p2a: Celebi|34/100|[from] Sandstorm
|-damage|p1a: Blissey|72/100|[from] Sandstorm
|-heal|p2a: Celebi|40/100|[from] item: Leftovers
|-heal|p1a: Blissey|78/100|[from] item: Leftovers
|upkeep
|turn|26
|inactive|DimmyJean has 270 seconds left.
|
|t:|1730154183
|move|p2a: Celebi|Calm Mind|p2a: Celebi
|-boost|p2a: Celebi|spa|1
|-boost|p2a: Celebi|spd|1
|move|p1a: Blissey|Calm Mind|p1a: Blissey
|-boost|p1a: Blissey|spa|1
|-boost|p1a: Blissey|spd|1
|
|-weather|Sandstorm|[upkeep]
|-damage|p2a: Celebi|34/100|[from] Sandstorm
|-damage|p1a: Blissey|72/100|[from] Sandstorm
|-heal|p2a: Celebi|40/100|[from] item: Leftovers
|-heal|p1a: Blissey|78/100|[from] item: Leftovers
|upkeep
|turn|27
|
|t:|1730154186
|move|p2a: Celebi|Calm Mind|p2a: Celebi
|-boost|p2a: Celebi|spa|1
|-boost|p2a: Celebi|spd|1
|move|p1a: Blissey|Calm Mind|p1a: Blissey
|-boost|p1a: Blissey|spa|1
|-boost|p1a: Blissey|spd|1
|
|-weather|Sandstorm|[upkeep]
|-damage|p2a: Celebi|34/100|[from] Sandstorm
|-damage|p1a: Blissey|72/100|[from] Sandstorm
|-heal|p2a: Celebi|40/100|[from] item: Leftovers
|-heal|p1a: Blissey|78/100|[from] item: Leftovers
|upkeep
|turn|28
|
|t:|1730154189
|move|p2a: Celebi|Calm Mind|p2a: Celebi
|-boost|p2a: Celebi|spa|1
|-boost|p2a: Celebi|spd|1
|move|p1a: Blissey|Calm Mind|p1a: Blissey
|-boost|p1a: Blissey|spa|1
|-boost|p1a: Blissey|spd|1
|
|-weather|Sandstorm|[upkeep]
|-damage|p2a: Celebi|34/100|[from] Sandstorm
|-damage|p1a: Blissey|72/100|[from] Sandstorm
|-heal|p2a: Celebi|40/100|[from] item: Leftovers
|-heal|p1a: Blissey|78/100|[from] item: Leftovers
|upkeep
|turn|29
|
|t:|1730154191
|move|p2a: Celebi|Calm Mind|p2a: Celebi
|-boost|p2a: Celebi|spa|1
|-boost|p2a: Celebi|spd|1
|move|p1a: Blissey|Ice Beam|p2a: Celebi
|-supereffective|p2a: Celebi
|-damage|p2a: Celebi|11/100
|
|-weather|Sandstorm|[upkeep]
|-damage|p2a: Celebi|4/100|[from] Sandstorm
|-damage|p1a: Blissey|72/100|[from] Sandstorm
|-heal|p2a: Celebi|11/100|[from] item: Leftovers
|-heal|p1a: Blissey|78/100|[from] item: Leftovers
|upkeep
|turn|30
|
|t:|1730154197
|move|p2a: Celebi|Baton Pass|p2a: Celebi
|
|t:|1730154201
|switch|p2a: Tyranitar|Tyranitar, M|88/100|[from] Baton Pass
|-damage|p2a: Tyranitar|72/100|[from] Spikes
|move|p1a: Blissey|Soft-Boiled|p1a: Blissey
|-heal|p1a: Blissey|100/100
|
|-weather|Sandstorm|[upkeep]
|-damage|p1a: Blissey|94/100|[from] Sandstorm
|-heal|p1a: Blissey|100/100|[from] item: Leftovers
|upkeep
|turn|31
|
|t:|1730154209
|-singleturn|p2a: Tyranitar|move: Focus Punch
|move|p1a: Blissey|Ice Beam|p2a: Tyranitar
|-damage|p2a: Tyranitar|55/100
|move|p2a: Tyranitar|Focus Punch||[still]
|cant|p2a: Tyranitar|Focus Punch|Focus Punch
|
|-weather|Sandstorm|[upkeep]
|-damage|p1a: Blissey|94/100|[from] Sandstorm
|-heal|p1a: Blissey|100/100|[from] item: Leftovers
|upkeep
|turn|32
|
|t:|1730154216
|move|p2a: Tyranitar|Fire Blast|p1a: Blissey
|-damage|p1a: Blissey|80/100
|-status|p1a: Blissey|brn
|move|p1a: Blissey|Ice Beam|p2a: Tyranitar
|-damage|p2a: Tyranitar|36/100
|
|-weather|Sandstorm|[upkeep]
|-damage|p1a: Blissey|74/100 brn|[from] Sandstorm
|-heal|p1a: Blissey|80/100 brn|[from] item: Leftovers
|-damage|p1a: Blissey|68/100 brn|[from] brn
|upkeep
|turn|33
|
|t:|1730154225
|move|p2a: Tyranitar|Fire Blast|p1a: Blissey
|-damage|p1a: Blissey|48/100 brn
|move|p1a: Blissey|Ice Beam|p2a: Tyranitar
|-damage|p2a: Tyranitar|19/100
|
|-weather|Sandstorm|[upkeep]
|-damage|p1a: Blissey|42/100 brn|[from] Sandstorm
|-heal|p1a: Blissey|48/100 brn|[from] item: Leftovers
|-damage|p1a: Blissey|36/100 brn|[from] brn
|upkeep
|turn|34
|
|t:|1730154233
|-singleturn|p2a: Tyranitar|move: Focus Punch
|move|p1a: Blissey|Ice Beam|p2a: Tyranitar
|-damage|p2a: Tyranitar|0 fnt
|faint|p2a: Tyranitar
|
|t:|1730154246
|switch|p2a: Swampert|Swampert, F|66/100
|-damage|p2a: Swampert|50/100|[from] Spikes
|
|-weather|Sandstorm|[upkeep]
|-damage|p1a: Blissey|30/100 brn|[from] Sandstorm
|-heal|p1a: Blissey|36/100 brn|[from] item: Leftovers
|-damage|p1a: Blissey|23/100 brn|[from] brn
|-heal|p2a: Swampert|56/100|[from] item: Leftovers
|upkeep
|turn|35
|
|t:|1730154260
|move|p1a: Blissey|Soft-Boiled|p1a: Blissey
|-heal|p1a: Blissey|73/100 brn
|move|p2a: Swampert|Surf|p1a: Blissey
|-damage|p1a: Blissey|69/100 brn
|
|-weather|Sandstorm|[upkeep]
|-damage|p1a: Blissey|63/100 brn|[from] Sandstorm
|-heal|p1a: Blissey|69/100 brn|[from] item: Leftovers
|-damage|p1a: Blissey|56/100 brn|[from] brn
|-heal|p2a: Swampert|62/100|[from] item: Leftovers
|upkeep
|turn|36
|
|t:|1730154263
|move|p1a: Blissey|Soft-Boiled|p1a: Blissey
|-heal|p1a: Blissey|100/100 brn
|move|p2a: Swampert|Surf|p1a: Blissey
|-damage|p1a: Blissey|96/100 brn
|
|-weather|Sandstorm|[upkeep]
|-damage|p1a: Blissey|90/100 brn|[from] Sandstorm
|-heal|p1a: Blissey|96/100 brn|[from] item: Leftovers
|-damage|p1a: Blissey|83/100 brn|[from] brn
|-heal|p2a: Swampert|68/100|[from] item: Leftovers
|upkeep
|turn|37
|
|t:|1730154266
|move|p1a: Blissey|Ice Beam|p2a: Swampert
|-damage|p2a: Swampert|27/100
|move|p2a: Swampert|Surf|p1a: Blissey
|-damage|p1a: Blissey|77/100 brn
|
|-weather|Sandstorm|[upkeep]
|-damage|p1a: Blissey|70/100 brn|[from] Sandstorm
|-heal|p1a: Blissey|77/100 brn|[from] item: Leftovers
|-damage|p1a: Blissey|64/100 brn|[from] brn
|-heal|p2a: Swampert|34/100|[from] item: Leftovers
|upkeep
|turn|38
|
|t:|1730154269
|move|p1a: Blissey|Ice Beam|p2a: Swampert
|-damage|p2a: Swampert|0 fnt
|faint|p2a: Swampert
|
|t:|1730154273
|switch|p2a: Celebi|Celebi|11/100
|-damage|p2a: Celebi|0 fnt|[from] Spikes
|faint|p2a: Celebi
|
|t:|1730154274
|switch|p2a: Porygon2|Porygon2|70/100 tox
|-damage|p2a: Porygon2|53/100 tox|[from] Spikes
|-ability|p2a: Porygon2|Natural Cure|[from] ability: Trace|[of] p1a: Blissey
|
|-weather|Sandstorm|[upkeep]
|-damage|p2a: Porygon2|47/100 tox|[from] Sandstorm
|-damage|p1a: Blissey|58/100 brn|[from] Sandstorm
|-heal|p2a: Porygon2|53/100 tox|[from] item: Leftovers
|-damage|p2a: Porygon2|47/100 tox|[from] psn
|-heal|p1a: Blissey|64/100 brn|[from] item: Leftovers
|-damage|p1a: Blissey|52/100 brn|[from] brn
|upkeep
|turn|39
|
|t:|1730154278
|move|p2a: Porygon2|Thunderbolt|p1a: Blissey
|-damage|p1a: Blissey|47/100 brn
|move|p1a: Blissey|Ice Beam|p2a: Porygon2
|-damage|p2a: Porygon2|0 fnt
|faint|p2a: Porygon2
|
|win|lemoncholy
|c|☆DimmyJean|ggs
|c|☆lemoncholy|ggs

</script>
<script type="application/json" class="data" id="replaydata-smogtours-gen3ou-803173">
{"id":"smogtours-gen3ou-803173","format":"[Gen 3] OU","players":["lemoncholy","DimmyJean"],"uploadtime":1730154278,"views":57,"formatid":"gen3ou","rating":null,"private":0,"password":null}
</script>

<script defer src="js/replays.js?9d40a366"></script>
