<!DOCTYPE html>
<meta charset="utf-8" />
<meta name="viewport" content="width=device-width" />

<title>[Gen 3] OU: gxe maxing vs. Eduardo Carapinga - Replays - Pok&eacute;mon Showdown!</title>

<meta name="description" content="Watch a replay of a Pok&eacute;mon battle between gxe maxing and Eduardo Carapinga! Format: [Gen 3] OU; Date: Oct 6, 2024" />
<!--

Hey, you! Looking in the source for the replay log?

You can find them in JSON format, just add `.json` at the end of a replay URL.

https://replay.pokemonshowdown.com/gen7randomdoublesbattle-865046831.json

Or, if you only need the log itself, add `.log` instead:

https://replay.pokemonshowdown.com/gen7randomdoublesbattle-865046831.log

-->

<link rel="stylesheet" href="//pokemonshowdown.com/style/global.css?0.767286132409787" />
<link rel="stylesheet" href="//play.pokemonshowdown.com/style/font-awesome.css?0.9266228007934947" />
<link rel="stylesheet" href="//play.pokemonshowdown.com/style/battle.css?0.7924700842790926" />
<link rel="stylesheet" href="//play.pokemonshowdown.com/style/utilichart.css?0.8777417872839479" />

<!-- Global site tag (gtag.js) - Google Analytics -->
<script async src="https://www.googletagmanager.com/gtag/js?id=UA-26211653-1"></script>
<script>
  window.dataLayer = window.dataLayer || [];
  function gtag(){dataLayer.push(arguments);}
  gtag('js', new Date());

  gtag('config', 'UA-26211653-1');
</script>
<!-- End Google Analytics -->
<!-- Venatus Ad Manager - Install in <HEAD> of page -->
	<script src="https://hb.vntsm.com/v3/live/ad-manager.min.js" type="text/javascript" data-site-id="642aba63ec9a7b11c3c9c1be" data-mode="scan" async></script>
<!-- / Venatus Ad Manager -->

<style>
	@media (max-width:820px) {
		.battle {
			margin: 0 auto;
		}
		.battle-log {
			margin: 7px auto 0;
			max-width: 640px;
			height: 300px;
			position: static;
		}
	}
	.optgroup {
		display: inline-block;
		line-height: 22px;
		font-size: 10pt;
	}
	.optgroup .button {
		height: 25px;
		padding-top: 0;
		padding-bottom: 0;
	}
	.optgroup button.button {
		padding-left: 12px;
		padding-right: 12px;
	}
	.linklist {
		list-style: none;
		margin: 0.5em 0;
		padding: 0;
	}
	.linklist li {
		padding: 2px 0;
	}
	.sidebar {
		float: left;
		width: 320px;
	}
	.bar-wrapper {
		max-width: 1100px;
		margin: 0 auto;
	}
	.bar-wrapper.has-sidebar {
		max-width: 1430px;
	}
	.mainbar {
		margin: 0;
		padding-right: 1px;
	}
	.mainbar.has-sidebar {
		margin-left: 330px;
	}
	@media (min-width: 1511px) {
		.sidebar {
			width: 400px;
		}
		.bar-wrapper.has-sidebar {
			max-width: 1510px;
		}
		.mainbar.has-sidebar {
			margin-left: 410px;
		}
	}
	.section.first-section {
		margin-top: 9px;
	}
	.blocklink small {
		white-space: normal;
	}
	.button {
		vertical-align: middle;
	}
	.replay-controls {
		padding-top: 10px;
	}
	.replay-controls h1 {
		font-size: 16pt;
		font-weight: normal;
		color: #CCC;
	}
	.pagelink {
		text-align: center;
	}
	.pagelink a {
		width: 150px;
	}
	.textbox, .button {
		font-size: 11pt;
		vertical-align: middle;
	}
	@media (max-width: 450px) {
		.button {
			font-size: 9pt;
		}
	}
</style>

<div>

	<header>
		<div class="nav-wrapper"><ul class="nav">
			<li><a class="button nav-first" href="//pokemonshowdown.com/"><img src="//pokemonshowdown.com/images/pokemonshowdownbeta.png" srcset="//pokemonshowdown.com/images/pokemonshowdownbeta.png 1x, //pokemonshowdown.com/images/pokemonshowdownbeta@2x.png 2x" alt="Pok&eacute;mon Showdown" width="146" height="44" /> Home</a></li>
			<li><a class="button" href="//pokemonshowdown.com/dex/">Pok&eacute;dex</a></li>
			<li><a class="button cur" href="/">Replays</a></li>
			<li><a class="button" href="//pokemonshowdown.com/ladder/">Ladder</a></li>
			<li><a class="button nav-last" href="//pokemonshowdown.com/forums/">Forum</a></li>
			<li><a class="button greenbutton nav-first nav-last" href="//play.pokemonshowdown.com/">Play</a></li>
		</ul></div>
	</header>

	<div class="main" id="main">

		<noscript><section class="section">You need to enable JavaScript to use this page; sorry!</section></noscript>

	</div>

</div>

<script defer nomodule src="//play.pokemonshowdown.com/js/lib/ps-polyfill.js"></script>
<script defer src="//play.pokemonshowdown.com/js/lib/preact.min.js"></script>

<script defer src="//play.pokemonshowdown.com/config/config.js?6dec07f6"></script>
<script defer src="//play.pokemonshowdown.com/js/lib/jquery-1.11.0.min.js"></script>
<script defer src="//play.pokemonshowdown.com/js/lib/html-sanitizer-minified.js"></script>
<script defer src="//play.pokemonshowdown.com/js/battle-sound.js"></script>
<script defer src="//play.pokemonshowdown.com/js/battledata.js?0.6315294753075389"></script>
<script defer src="//play.pokemonshowdown.com/data/pokedex-mini.js?0.7603743185311358"></script>
<script defer src="//play.pokemonshowdown.com/data/pokedex-mini-bw.js?0.030888842834281283"></script>
<script defer src="//play.pokemonshowdown.com/data/graphics.js?0.05593094747507488"></script>
<script defer src="//play.pokemonshowdown.com/data/pokedex.js?0.47064822249611904"></script>
<script defer src="//play.pokemonshowdown.com/data/moves.js?0.8583693120512459"></script>
<script defer src="//play.pokemonshowdown.com/data/abilities.js?0.16017181182386842"></script>
<script defer src="//play.pokemonshowdown.com/data/items.js?0.4163379185673943"></script>
<script defer src="//play.pokemonshowdown.com/data/teambuilder-tables.js?0.31075597372830477"></script>
<script defer src="//play.pokemonshowdown.com/js/battle-tooltips.js?0.6536193500708172"></script>
<script defer src="//play.pokemonshowdown.com/js/battle.js?0.1916591943277901"></script>

<script defer src="js/utils.js?e31f9a17"></script>
<script defer src="js/replays-battle.js?7008c182"></script>

<!-- don't scrape this data! just add .json or .log after the URL!
Full API docs: https://github.com/smogon/pokemon-showdown-client/blob/master/WEB-API.md -->
<script type="text/plain" class="log" id="replaylog-gen3ou-2217288603-ccssecubf84c8k4gt292gqisf6mttzipw">
|j|☆gxe maxing
|j|☆Eduardo Carapinga
|t:|1728243028
|gametype|singles
|player|p1|gxe maxing|red|
|player|p2|Eduardo Carapinga|#splxvraiders|
|teamsize|p1|6
|teamsize|p2|6
|gen|3
|tier|[Gen 3] OU
|rule|Sleep Clause Mod: Limit one foe put to sleep
|rule|Switch Priority Clause Mod: Faster Pokémon switch first
|rule|Species Clause: Limit one of each Pokémon
|rule|OHKO Clause: OHKO moves are banned
|rule|Evasion Items Clause: Evasion items are banned
|rule|Evasion Moves Clause: Evasion moves are banned
|rule|Endless Battle Clause: Forcing endless battles is banned
|rule|HP Percentage Mod: HP is shown in percentages
|rule|One Boost Passer Clause: Limit one Baton Passer that has a way to boost its stats
|rule|Freeze Clause Mod: Limit one foe frozen
|
|t:|1728243028
|start
|switch|p1a: Zapdos|Zapdos|100/100
|switch|p2a: Zapdos|Zapdos|100/100
|turn|1
|inactive|Battle timer is ON: inactive players will automatically lose when time's up. (requested by Eduardo Carapinga)
|inactive|gxe maxing has 270 seconds left.
|
|t:|1728243066
|switch|p1a: Celebi|Celebi|100/100
|move|p2a: Zapdos|Thunder Wave|p1a: Celebi
|-status|p1a: Celebi|par
|
|upkeep
|turn|2
|
|t:|1728243072
|move|p2a: Zapdos|Baton Pass|p2a: Zapdos
|
|t:|1728243084
|switch|p2a: Charizard|Charizard, F|100/100|[from] Baton Pass
|cant|p1a: Celebi|par
|
|upkeep
|turn|3
|
|t:|1728243112
|-singleturn|p2a: Charizard|move: Focus Punch
|-curestatus|p1a: Celebi|par|[from] ability: Natural Cure
|switch|p1a: Zapdos|Zapdos|100/100
|move|p2a: Charizard|Focus Punch|p1a: Zapdos
|-resisted|p1a: Zapdos
|-damage|p1a: Zapdos|81/100
|
|-heal|p1a: Zapdos|87/100|[from] item: Leftovers
|upkeep
|turn|4
|
|t:|1728243121
|switch|p2a: Zapdos|Zapdos|100/100
|move|p1a: Zapdos|Thunderbolt|p2a: Zapdos
|-damage|p2a: Zapdos|58/100
|
|-heal|p1a: Zapdos|93/100|[from] item: Leftovers
|-heal|p2a: Zapdos|64/100|[from] item: Leftovers
|upkeep
|turn|5
|
|t:|1728243138
|switch|p1a: Celebi|Celebi|100/100
|move|p2a: Zapdos|Thunder Wave|p1a: Celebi
|-status|p1a: Celebi|par
|
|-heal|p2a: Zapdos|70/100|[from] item: Leftovers
|upkeep
|turn|6
|
|t:|1728243142
|move|p2a: Zapdos|Baton Pass|p2a: Zapdos
|
|t:|1728243144
|switch|p2a: Charizard|Charizard, F|100/100|[from] Baton Pass
|cant|p1a: Celebi|par
|
|upkeep
|turn|7
|c|☆gxe maxing|Wow
|inactive|gxe maxing has 270 seconds left.
|
|t:|1728243179
|-curestatus|p1a: Celebi|par|[from] ability: Natural Cure
|switch|p1a: Tyranitar|Tyranitar, M|100/100
|-weather|Sandstorm|[from] ability: Sand Stream|[of] p1a: Tyranitar
|move|p2a: Charizard|Fire Blast|p1a: Tyranitar
|-resisted|p1a: Tyranitar
|-damage|p1a: Tyranitar|75/100
|
|-weather|Sandstorm|[upkeep]
|-damage|p2a: Charizard|94/100|[from] Sandstorm
|-heal|p2a: Charizard|100/100|[from] item: Leftovers
|-heal|p1a: Tyranitar|81/100|[from] item: Leftovers
|upkeep
|turn|8
|inactive|gxe maxing has 270 seconds left.
|
|t:|1728243194
|-singleturn|p1a: Tyranitar|move: Focus Punch
|switch|p2a: Swampert|Swampert, F|100/100
|move|p1a: Tyranitar|Focus Punch|p2a: Swampert
|-damage|p2a: Swampert|48/100
|
|-weather|Sandstorm|[upkeep]
|-heal|p2a: Swampert|54/100|[from] item: Leftovers
|-heal|p1a: Tyranitar|87/100|[from] item: Leftovers
|upkeep
|turn|9
|
|t:|1728243203
|switch|p1a: Celebi|Celebi|100/100
|move|p2a: Swampert|Ice Beam|p1a: Celebi
|-supereffective|p1a: Celebi
|-damage|p1a: Celebi|68/100
|
|-weather|Sandstorm|[upkeep]
|-damage|p1a: Celebi|62/100|[from] Sandstorm
|-heal|p1a: Celebi|68/100|[from] item: Leftovers
|-heal|p2a: Swampert|61/100|[from] item: Leftovers
|upkeep
|turn|10
|
|t:|1728243206
|switch|p2a: Charizard|Charizard, F|100/100
|move|p1a: Celebi|Leech Seed|p2a: Charizard
|-start|p2a: Charizard|move: Leech Seed
|
|-weather|Sandstorm|[upkeep]
|-damage|p2a: Charizard|94/100|[from] Sandstorm
|-damage|p1a: Celebi|62/100|[from] Sandstorm
|-heal|p2a: Charizard|100/100|[from] item: Leftovers
|-damage|p2a: Charizard|88/100|[from] Leech Seed|[of] p1a: Celebi
|-heal|p1a: Celebi|71/100|[silent]
|-heal|p1a: Celebi|77/100|[from] item: Leftovers
|upkeep
|turn|11
|
|t:|1728243230
|switch|p2a: Tyranitar|Tyranitar, F|100/100
|switch|p1a: Starmie|Starmie|100/100
|
|-weather|Sandstorm|[upkeep]
|-damage|p1a: Starmie|94/100|[from] Sandstorm
|-heal|p1a: Starmie|100/100|[from] item: Leftovers
|upkeep
|turn|12
|
|t:|1728243251
|switch|p2a: Zapdos|Zapdos|70/100
|move|p1a: Starmie|Hydro Pump|p2a: Zapdos|[miss]
|-miss|p1a: Starmie|p2a: Zapdos
|
|-weather|Sandstorm|[upkeep]
|-damage|p1a: Starmie|94/100|[from] Sandstorm
|-damage|p2a: Zapdos|64/100|[from] Sandstorm
|-heal|p1a: Starmie|100/100|[from] item: Leftovers
|-heal|p2a: Zapdos|70/100|[from] item: Leftovers
|upkeep
|turn|13
|inactive|gxe maxing has 270 seconds left.
|
|t:|1728243294
|switch|p1a: Celebi|Celebi|77/100
|move|p2a: Zapdos|Baton Pass|p2a: Zapdos
|
|t:|1728243308
|switch|p2a: Charizard|Charizard, F|88/100|[from] Baton Pass
|
|-weather|Sandstorm|[upkeep]
|-damage|p2a: Charizard|82/100|[from] Sandstorm
|-damage|p1a: Celebi|71/100|[from] Sandstorm
|-heal|p2a: Charizard|88/100|[from] item: Leftovers
|-heal|p1a: Celebi|77/100|[from] item: Leftovers
|upkeep
|turn|14
|inactive|gxe maxing has 240 seconds left.
|
|t:|1728243356
|switch|p1a: Starmie|Starmie|100/100
|move|p2a: Charizard|Fire Blast|p1a: Starmie
|-resisted|p1a: Starmie
|-damage|p1a: Starmie|57/100
|-status|p1a: Starmie|brn
|
|-weather|Sandstorm|[upkeep]
|-damage|p1a: Starmie|50/100 brn|[from] Sandstorm
|-damage|p2a: Charizard|82/100|[from] Sandstorm
|-heal|p1a: Starmie|57/100 brn|[from] item: Leftovers
|-damage|p1a: Starmie|44/100 brn|[from] brn
|-heal|p2a: Charizard|88/100|[from] item: Leftovers
|upkeep
|turn|15
|
|t:|1728243374
|switch|p2a: Breloom|Breloom, F, shiny|100/100
|move|p1a: Starmie|Hydro Pump|p2a: Breloom
|-resisted|p2a: Breloom
|-damage|p2a: Breloom|51/100
|
|-weather|Sandstorm|[upkeep]
|-damage|p1a: Starmie|38/100 brn|[from] Sandstorm
|-damage|p2a: Breloom|45/100|[from] Sandstorm
|-heal|p1a: Starmie|44/100 brn|[from] item: Leftovers
|-damage|p1a: Starmie|32/100 brn|[from] brn
|-heal|p2a: Breloom|51/100|[from] item: Leftovers
|upkeep
|turn|16
|inactive|gxe maxing has 210 seconds left.
|
|t:|1728243432
|switch|p2a: Metagross|Metagross, shiny|100/100
|move|p1a: Starmie|Ice Beam|p2a: Metagross
|-resisted|p2a: Metagross
|-damage|p2a: Metagross|87/100
|
|-weather|Sandstorm|[upkeep]
|-damage|p1a: Starmie|26/100 brn|[from] Sandstorm
|-heal|p1a: Starmie|32/100 brn|[from] item: Leftovers
|-damage|p1a: Starmie|20/100 brn|[from] brn
|-heal|p2a: Metagross|93/100|[from] item: Leftovers
|upkeep
|turn|17
|
|t:|1728243437
|-curestatus|p1a: Starmie|brn|[from] ability: Natural Cure
|switch|p1a: Swampert|Swampert, M|100/100
|move|p2a: Metagross|Agility|p2a: Metagross
|-boost|p2a: Metagross|spe|2
|
|-weather|Sandstorm|[upkeep]
|-heal|p2a: Metagross|99/100|[from] item: Leftovers
|upkeep
|turn|18
|
|t:|1728243447
|move|p2a: Metagross|Meteor Mash|p1a: Swampert
|-resisted|p1a: Swampert
|-damage|p1a: Swampert|79/100
|move|p1a: Swampert|Ice Beam|p2a: Metagross
|-resisted|p2a: Metagross
|-damage|p2a: Metagross|89/100
|
|-weather|Sandstorm|[upkeep]
|-heal|p2a: Metagross|95/100|[from] item: Leftovers
|-heal|p1a: Swampert|85/100|[from] item: Leftovers
|upkeep
|turn|19
|
|t:|1728243451
|move|p1a: Swampert|Protect|p1a: Swampert
|-singleturn|p1a: Swampert|Protect
|move|p2a: Metagross|Explosion|p1a: Swampert
|-activate|p1a: Swampert|Protect
|faint|p2a: Metagross
|
|t:|1728243459
|switch|p2a: Breloom|Breloom, F, shiny|51/100
|
|-weather|Sandstorm|[upkeep]
|-damage|p2a: Breloom|45/100|[from] Sandstorm
|-heal|p2a: Breloom|51/100|[from] item: Leftovers
|-heal|p1a: Swampert|92/100|[from] item: Leftovers
|upkeep
|turn|20
|inactive|gxe maxing has 210 seconds left.
|
|t:|1728243504
|switch|p1a: Celebi|Celebi|77/100
|move|p2a: Breloom|Spore|p1a: Celebi
|-status|p1a: Celebi|slp|[from] move: Spore
|
|-weather|Sandstorm|[upkeep]
|-damage|p2a: Breloom|45/100|[from] Sandstorm
|-damage|p1a: Celebi|71/100 slp|[from] Sandstorm
|-heal|p2a: Breloom|51/100|[from] item: Leftovers
|-heal|p1a: Celebi|77/100 slp|[from] item: Leftovers
|upkeep
|turn|21
|
|t:|1728243520
|-singleturn|p2a: Breloom|move: Focus Punch
|-curestatus|p1a: Celebi|slp|[from] ability: Natural Cure
|switch|p1a: Zapdos|Zapdos|93/100
|move|p2a: Breloom|Focus Punch|p1a: Zapdos
|-resisted|p1a: Zapdos
|-damage|p1a: Zapdos|42/100
|
|-weather|Sandstorm|[upkeep]
|-damage|p1a: Zapdos|36/100|[from] Sandstorm
|-damage|p2a: Breloom|45/100|[from] Sandstorm
|-heal|p1a: Zapdos|42/100|[from] item: Leftovers
|-heal|p2a: Breloom|51/100|[from] item: Leftovers
|upkeep
|turn|22
|
|t:|1728243532
|switch|p2a: Tyranitar|Tyranitar, F|100/100
|move|p1a: Zapdos|Thunder Wave|p2a: Tyranitar
|-status|p2a: Tyranitar|par
|-enditem|p2a: Tyranitar|Lum Berry|[eat]
|-curestatus|p2a: Tyranitar|par|[msg]
|
|-weather|Sandstorm|[upkeep]
|-damage|p1a: Zapdos|36/100|[from] Sandstorm
|-heal|p1a: Zapdos|42/100|[from] item: Leftovers
|upkeep
|turn|23
|
|t:|1728243540
|switch|p2a: Breloom|Breloom, F, shiny|51/100
|move|p1a: Zapdos|Baton Pass|p1a: Zapdos
|
|t:|1728243545
|switch|p1a: Dugtrio|Dugtrio, F|100/100|[from] Baton Pass
|
|-weather|Sandstorm|[upkeep]
|-damage|p2a: Breloom|45/100|[from] Sandstorm
|-heal|p2a: Breloom|51/100|[from] item: Leftovers
|upkeep
|turn|24
|
|t:|1728243552
|move|p1a: Dugtrio|Aerial Ace|p2a: Breloom
|-supereffective|p2a: Breloom
|-damage|p2a: Breloom|0 fnt
|faint|p2a: Breloom
|
|t:|1728243559
|switch|p2a: Charizard|Charizard, F|88/100
|
|-weather|Sandstorm|[upkeep]
|-damage|p2a: Charizard|82/100|[from] Sandstorm
|-heal|p2a: Charizard|88/100|[from] item: Leftovers
|upkeep
|turn|25
|
|t:|1728243573
|move|p1a: Dugtrio|Aerial Ace|p2a: Charizard
|-damage|p2a: Charizard|52/100
|move|p2a: Charizard|Substitute|p2a: Charizard
|-start|p2a: Charizard|Substitute
|-damage|p2a: Charizard|27/100
|
|-weather|Sandstorm|[upkeep]
|-damage|p2a: Charizard|21/100|[from] Sandstorm
|-heal|p2a: Charizard|27/100|[from] item: Leftovers
|upkeep
|turn|26
|
|t:|1728243579
|move|p1a: Dugtrio|Aerial Ace|p2a: Charizard
|-end|p2a: Charizard|Substitute
|move|p2a: Charizard|Fire Blast|p1a: Dugtrio|[miss]
|-miss|p2a: Charizard|p1a: Dugtrio
|
|-weather|Sandstorm|[upkeep]
|-damage|p2a: Charizard|21/100|[from] Sandstorm
|-heal|p2a: Charizard|27/100|[from] item: Leftovers
|upkeep
|turn|27
|
|t:|1728243587
|move|p1a: Dugtrio|Aerial Ace|p2a: Charizard
|-crit|p2a: Charizard
|-damage|p2a: Charizard|0 fnt
|faint|p2a: Charizard
|
|t:|1728243588
|switch|p2a: Tyranitar|Tyranitar, F|100/100
|
|-weather|Sandstorm|[upkeep]
|upkeep
|turn|28
|
|t:|1728243594
|switch|p1a: Swampert|Swampert, M|92/100
|move|p2a: Tyranitar|Dragon Dance|p2a: Tyranitar
|-boost|p2a: Tyranitar|atk|1
|-boost|p2a: Tyranitar|spe|1
|
|-weather|Sandstorm|[upkeep]
|-heal|p1a: Swampert|98/100|[from] item: Leftovers
|upkeep
|turn|29
|
|t:|1728243602
|move|p2a: Tyranitar|Dragon Dance|p2a: Tyranitar
|-boost|p2a: Tyranitar|atk|1
|-boost|p2a: Tyranitar|spe|1
|move|p1a: Swampert|Earthquake|p2a: Tyranitar
|-supereffective|p2a: Tyranitar
|-damage|p2a: Tyranitar|27/100
|
|-weather|Sandstorm|[upkeep]
|-heal|p1a: Swampert|100/100|[from] item: Leftovers
|upkeep
|turn|30
|
|t:|1728243607
|move|p2a: Tyranitar|Rock Slide|p1a: Swampert
|-resisted|p1a: Swampert
|-damage|p1a: Swampert|70/100
|cant|p1a: Swampert|flinch
|
|-weather|Sandstorm|[upkeep]
|-heal|p1a: Swampert|76/100|[from] item: Leftovers
|upkeep
|turn|31
|
|t:|1728243611
|move|p2a: Tyranitar|Rock Slide|p1a: Swampert
|-resisted|p1a: Swampert
|-damage|p1a: Swampert|47/100
|move|p1a: Swampert|Earthquake|p2a: Tyranitar
|-supereffective|p2a: Tyranitar
|-damage|p2a: Tyranitar|0 fnt
|faint|p2a: Tyranitar
|c|☆Eduardo Carapinga|/log Eduardo Carapinga hid the replay of this battle.
|c|☆gxe maxing|Gg
|-message|Eduardo Carapinga forfeited.
|
|win|gxe maxing
|l|☆Eduardo Carapinga
|player|p2|
|l|☆gxe maxing
|player|p1|
|j|☆Eduardo Carapinga
|player|p2|Eduardo Carapinga|#splxvraiders|

</script>
<script type="application/json" class="data" id="replaydata-gen3ou-2217288603-ccssecubf84c8k4gt292gqisf6mttzipw">
{"id":"gen3ou-2217288603","format":"[Gen 3] OU","players":["gxe maxing","Eduardo Carapinga"],"uploadtime":1728243625,"views":109,"formatid":"gen3ou","rating":null,"private":1,"password":"ccssecubf84c8k4gt292gqisf6mttzi"}
</script>

<script defer src="js/replays.js?9d40a366"></script>
