<!DOCTYPE html>
<meta charset="utf-8" />
<meta name="viewport" content="width=device-width" />

<title>[Gen 3] OU: aahaahaah vs. FunkyCop1998 - Replays - Pok&eacute;mon Showdown!</title>

<meta name="description" content="Watch a replay of a Pok&eacute;mon battle between aahaahaah and FunkyCop1998! Format: [Gen 3] OU; Date: Oct 13, 2024" />
<!--

Hey, you! Looking in the source for the replay log?

You can find them in JSON format, just add `.json` at the end of a replay URL.

https://replay.pokemonshowdown.com/gen7randomdoublesbattle-865046831.json

Or, if you only need the log itself, add `.log` instead:

https://replay.pokemonshowdown.com/gen7randomdoublesbattle-865046831.log

-->

<link rel="stylesheet" href="//pokemonshowdown.com/style/global.css?0.023195364461161105" />
<link rel="stylesheet" href="//play.pokemonshowdown.com/style/font-awesome.css?0.13261647063804238" />
<link rel="stylesheet" href="//play.pokemonshowdown.com/style/battle.css?0.8753245789963631" />
<link rel="stylesheet" href="//play.pokemonshowdown.com/style/utilichart.css?0.8627959624976733" />

<!-- Global site tag (gtag.js) - Google Analytics -->
<script async src="https://www.googletagmanager.com/gtag/js?id=UA-26211653-1"></script>
<script>
  window.dataLayer = window.dataLayer || [];
  function gtag(){dataLayer.push(arguments);}
  gtag('js', new Date());

  gtag('config', 'UA-26211653-1');
</script>
<!-- End Google Analytics -->
<!-- Venatus Ad Manager - Install in <HEAD> of page -->
	<script src="https://hb.vntsm.com/v3/live/ad-manager.min.js" type="text/javascript" data-site-id="642aba63ec9a7b11c3c9c1be" data-mode="scan" async></script>
<!-- / Venatus Ad Manager -->

<style>
	@media (max-width:820px) {
		.battle {
			margin: 0 auto;
		}
		.battle-log {
			margin: 7px auto 0;
			max-width: 640px;
			height: 300px;
			position: static;
		}
	}
	.optgroup {
		display: inline-block;
		line-height: 22px;
		font-size: 10pt;
	}
	.optgroup .button {
		height: 25px;
		padding-top: 0;
		padding-bottom: 0;
	}
	.optgroup button.button {
		padding-left: 12px;
		padding-right: 12px;
	}
	.linklist {
		list-style: none;
		margin: 0.5em 0;
		padding: 0;
	}
	.linklist li {
		padding: 2px 0;
	}
	.sidebar {
		float: left;
		width: 320px;
	}
	.bar-wrapper {
		max-width: 1100px;
		margin: 0 auto;
	}
	.bar-wrapper.has-sidebar {
		max-width: 1430px;
	}
	.mainbar {
		margin: 0;
		padding-right: 1px;
	}
	.mainbar.has-sidebar {
		margin-left: 330px;
	}
	@media (min-width: 1511px) {
		.sidebar {
			width: 400px;
		}
		.bar-wrapper.has-sidebar {
			max-width: 1510px;
		}
		.mainbar.has-sidebar {
			margin-left: 410px;
		}
	}
	.section.first-section {
		margin-top: 9px;
	}
	.blocklink small {
		white-space: normal;
	}
	.button {
		vertical-align: middle;
	}
	.replay-controls {
		padding-top: 10px;
	}
	.replay-controls h1 {
		font-size: 16pt;
		font-weight: normal;
		color: #CCC;
	}
	.pagelink {
		text-align: center;
	}
	.pagelink a {
		width: 150px;
	}
	.textbox, .button {
		font-size: 11pt;
		vertical-align: middle;
	}
	@media (max-width: 450px) {
		.button {
			font-size: 9pt;
		}
	}
</style>

<div>

	<header>
		<div class="nav-wrapper"><ul class="nav">
			<li><a class="button nav-first" href="//pokemonshowdown.com/"><img src="//pokemonshowdown.com/images/pokemonshowdownbeta.png" srcset="//pokemonshowdown.com/images/pokemonshowdownbeta.png 1x, //pokemonshowdown.com/images/pokemonshowdownbeta@2x.png 2x" alt="Pok&eacute;mon Showdown" width="146" height="44" /> Home</a></li>
			<li><a class="button" href="//pokemonshowdown.com/dex/">Pok&eacute;dex</a></li>
			<li><a class="button cur" href="/">Replays</a></li>
			<li><a class="button" href="//pokemonshowdown.com/ladder/">Ladder</a></li>
			<li><a class="button nav-last" href="//pokemonshowdown.com/forums/">Forum</a></li>
			<li><a class="button greenbutton nav-first nav-last" href="//play.pokemonshowdown.com/">Play</a></li>
		</ul></div>
	</header>

	<div class="main" id="main">

		<noscript><section class="section">You need to enable JavaScript to use this page; sorry!</section></noscript>

	</div>

</div>

<script defer nomodule src="//play.pokemonshowdown.com/js/lib/ps-polyfill.js"></script>
<script defer src="//play.pokemonshowdown.com/js/lib/preact.min.js"></script>

<script defer src="//play.pokemonshowdown.com/config/config.js?2bddbc15"></script>
<script defer src="//play.pokemonshowdown.com/js/lib/jquery-1.11.0.min.js"></script>
<script defer src="//play.pokemonshowdown.com/js/lib/html-sanitizer-minified.js"></script>
<script defer src="//play.pokemonshowdown.com/js/battle-sound.js"></script>
<script defer src="//play.pokemonshowdown.com/js/battledata.js?0.7209276989879541"></script>
<script defer src="//play.pokemonshowdown.com/data/pokedex-mini.js?0.6111056340867951"></script>
<script defer src="//play.pokemonshowdown.com/data/pokedex-mini-bw.js?0.3532142036491459"></script>
<script defer src="//play.pokemonshowdown.com/data/graphics.js?0.24223875632456182"></script>
<script defer src="//play.pokemonshowdown.com/data/pokedex.js?0.38839984266356864"></script>
<script defer src="//play.pokemonshowdown.com/data/moves.js?0.21866028504024015"></script>
<script defer src="//play.pokemonshowdown.com/data/abilities.js?0.2005157953846628"></script>
<script defer src="//play.pokemonshowdown.com/data/items.js?0.9894211263848525"></script>
<script defer src="//play.pokemonshowdown.com/data/teambuilder-tables.js?0.6008791140282215"></script>
<script defer src="//play.pokemonshowdown.com/js/battle-tooltips.js?0.7580118955022959"></script>
<script defer src="//play.pokemonshowdown.com/js/battle.js?0.6057722274234274"></script>

<script defer src="js/utils.js?e31f9a17"></script>
<script defer src="js/replays-battle.js?7008c182"></script>

<!-- don't scrape this data! just add .json or .log after the URL!
Full API docs: https://github.com/smogon/pokemon-showdown-client/blob/master/WEB-API.md -->
<script type="text/plain" class="log" id="replaylog-smogtours-gen3ou-797966">
|inactive|Battle timer is ON: inactive players will automatically lose when time's up.
|t:|1728808370
|gametype|singles
|player|p1|aahaahaah|101|
|player|p2|FunkyCop1998|169|
|teamsize|p1|6
|teamsize|p2|6
|gen|3
|tier|[Gen 3] OU
|rule|Sleep Clause Mod: Limit one foe put to sleep
|rule|Switch Priority Clause Mod: Faster Pokémon switch first
|rule|Species Clause: Limit one of each Pokémon
|rule|OHKO Clause: OHKO moves are banned
|rule|Evasion Items Clause: Evasion items are banned
|rule|Evasion Moves Clause: Evasion moves are banned
|rule|Endless Battle Clause: Forcing endless battles is banned
|rule|HP Percentage Mod: HP is shown in percentages
|rule|One Boost Passer Clause: Limit one Baton Passer that has a way to boost its stats
|rule|Freeze Clause Mod: Limit one foe frozen
|
|t:|1728808370
|start
|switch|p1a: Jirachi|Jirachi|100/100
|switch|p2a: Popo|Slaking, F|100/100
|turn|1
|
|t:|1728808384
|move|p1a: Jirachi|Protect|p1a: Jirachi
|-singleturn|p1a: Jirachi|Protect
|move|p2a: Popo|Double-Edge|p1a: Jirachi
|-activate|p1a: Jirachi|Protect
|
|upkeep
|turn|2
|
|t:|1728808406
|switch|p2a: Skarmory|Skarmory, M|100/100
|move|p1a: Jirachi|Toxic|p2a: Skarmory
|-immune|p2a: Skarmory
|
|upkeep
|turn|3
|
|t:|1728808411
|move|p1a: Jirachi|Fire Punch|p2a: Skarmory
|-supereffective|p2a: Skarmory
|-damage|p2a: Skarmory|66/100
|move|p2a: Skarmory|Spikes|p1a: Jirachi
|-sidestart|p1: aahaahaah|Spikes
|
|-heal|p2a: Skarmory|72/100|[from] item: Leftovers
|upkeep
|turn|4
|
|t:|1728808417
|switch|p2a: Blastoise|Blastoise, M|100/100
|move|p1a: Jirachi|Fire Punch|p2a: Blastoise
|-resisted|p2a: Blastoise
|-damage|p2a: Blastoise|95/100
|
|-heal|p2a: Blastoise|100/100|[from] item: Leftovers
|upkeep
|turn|5
|
|t:|1728808428
|move|p1a: Jirachi|Toxic|p2a: Blastoise|[miss]
|-miss|p1a: Jirachi|p2a: Blastoise
|move|p2a: Blastoise|Refresh||[still]
|-fail|p2a: Blastoise
|
|upkeep
|turn|6
|
|t:|1728808434
|switch|p1a: Celebi|Celebi|100/100
|-damage|p1a: Celebi|88/100|[from] Spikes
|move|p2a: Blastoise|Roar|p1a: Celebi
|drag|p1a: Dugtrio|Dugtrio, M|100/100
|-damage|p1a: Dugtrio|88/100|[from] Spikes
|
|upkeep
|turn|7
|
|t:|1728808444
|switch|p1a: Celebi|Celebi|88/100
|-damage|p1a: Celebi|76/100|[from] Spikes
|move|p2a: Blastoise|Hydro Pump|p1a: Celebi
|-resisted|p1a: Celebi
|-damage|p1a: Celebi|61/100
|
|-heal|p1a: Celebi|67/100|[from] item: Leftovers
|upkeep
|turn|8
|
|t:|1728808465
|switch|p2a: Popo|Slaking, F|100/100
|move|p1a: Celebi|Leech Seed|p2a: Popo
|-start|p2a: Popo|move: Leech Seed
|
|-damage|p2a: Popo|88/100|[from] Leech Seed|[of] p1a: Celebi
|-heal|p1a: Celebi|81/100|[silent]
|-heal|p1a: Celebi|87/100|[from] item: Leftovers
|upkeep
|turn|9
|
|t:|1728808475
|switch|p1a: Jirachi|Jirachi|100/100
|-damage|p1a: Jirachi|88/100|[from] Spikes
|move|p2a: Popo|Double-Edge|p1a: Jirachi
|-resisted|p1a: Jirachi
|-damage|p1a: Jirachi|49/100
|-damage|p2a: Popo|76/100|[from] Recoil|[of] p1a: Jirachi
|
|-damage|p2a: Popo|64/100|[from] Leech Seed|[of] p1a: Jirachi
|-heal|p1a: Jirachi|63/100|[silent]
|-heal|p1a: Jirachi|69/100|[from] item: Leftovers
|upkeep
|turn|10
|
|t:|1728808485
|switch|p2a: Blastoise|Blastoise, M|100/100
|move|p1a: Jirachi|Fire Punch|p2a: Blastoise
|-resisted|p2a: Blastoise
|-crit|p2a: Blastoise
|-damage|p2a: Blastoise|87/100
|
|-heal|p1a: Jirachi|75/100|[from] item: Leftovers
|-heal|p2a: Blastoise|93/100|[from] item: Leftovers
|upkeep
|turn|11
|
|t:|1728808494
|switch|p1a: Celebi|Celebi|87/100
|-damage|p1a: Celebi|75/100|[from] Spikes
|move|p2a: Blastoise|Roar|p1a: Celebi
|drag|p1a: Blissey|Blissey, F|100/100
|-damage|p1a: Blissey|88/100|[from] Spikes
|
|-heal|p2a: Blastoise|99/100|[from] item: Leftovers
|-heal|p1a: Blissey|94/100|[from] item: Leftovers
|upkeep
|turn|12
|
|t:|1728808521
|switch|p2a: Skarmory|Skarmory, M|72/100
|move|p1a: Blissey|Seismic Toss|p2a: Skarmory
|-damage|p2a: Skarmory|42/100
|
|-heal|p2a: Skarmory|48/100|[from] item: Leftovers
|-heal|p1a: Blissey|99/100|[from] item: Leftovers
|upkeep
|turn|13
|inactive|FunkyCop1998 has 270 seconds left.
|
|t:|1728808536
|switch|p2a: Flygon|Flygon, F|100/100
|switch|p1a: Claydol|Claydol|100/100
|
|upkeep
|turn|14
|
|t:|1728808541
|move|p2a: Flygon|Toxic|p1a: Claydol
|-status|p1a: Claydol|tox
|move|p1a: Claydol|Rapid Spin|p2a: Flygon
|-damage|p2a: Flygon|96/100
|-sideend|p1: aahaahaah|Spikes|[from] move: Rapid Spin|[of] p1a: Claydol
|
|-heal|p2a: Flygon|100/100|[from] item: Leftovers
|-damage|p1a: Claydol|94/100 tox|[from] psn
|upkeep
|turn|15
|
|t:|1728808559
|move|p2a: Flygon|Protect|p2a: Flygon
|-singleturn|p2a: Flygon|Protect
|move|p1a: Claydol|Refresh|p1a: Claydol
|-curestatus|p1a: Claydol|tox|[msg]
|
|-heal|p1a: Claydol|100/100|[from] item: Leftovers
|upkeep
|turn|16
|
|t:|1728808576
|switch|p2a: Jirachi|Jirachi|100/100
|switch|p1a: Celebi|Celebi|75/100
|
|-heal|p1a: Celebi|81/100|[from] item: Leftovers
|upkeep
|turn|17
|
|t:|1728808580
|move|p2a: Jirachi|Wish|p2a: Jirachi
|move|p1a: Celebi|Leech Seed|p2a: Jirachi
|-start|p2a: Jirachi|move: Leech Seed
|
|-damage|p2a: Jirachi|88/100|[from] Leech Seed|[of] p1a: Celebi
|-heal|p1a: Celebi|93/100|[silent]
|-heal|p1a: Celebi|99/100|[from] item: Leftovers
|upkeep
|turn|18
|
|t:|1728808595
|switch|p2a: Popo|Slaking, F|64/100
|switch|p1a: Dugtrio|Dugtrio, M|88/100
|
|-heal|p2a: Popo|100/100|[from] move: Wish|[wisher] Jirachi
|upkeep
|turn|19
|
|t:|1728808601
|switch|p1a: Jirachi|Jirachi|75/100
|move|p2a: Popo|Earthquake|p1a: Jirachi
|-supereffective|p1a: Jirachi
|-damage|p1a: Jirachi|0 fnt
|faint|p1a: Jirachi
|inactive|aahaahaah has 270 seconds left.
|
|t:|1728808635
|switch|p1a: Celebi|Celebi|99/100
|
|-heal|p1a: Celebi|100/100|[from] item: Leftovers
|upkeep
|turn|20
|
|t:|1728808647
|switch|p2a: Jirachi|Jirachi|88/100
|move|p1a: Celebi|Leech Seed|p2a: Jirachi|[miss]
|-miss|p1a: Celebi|p2a: Jirachi
|
|-heal|p2a: Jirachi|94/100|[from] item: Leftovers
|upkeep
|turn|21
|inactive|aahaahaah has 270 seconds left.
|
|t:|1728808665
|switch|p1a: Milotic|Milotic, F|100/100
|move|p2a: Jirachi|Wish|p2a: Jirachi
|
|-heal|p2a: Jirachi|100/100|[from] item: Leftovers
|upkeep
|turn|22
|
|t:|1728808674
|switch|p2a: Popo|Slaking, F|100/100
|move|p1a: Milotic|Hidden Power|p2a: Popo
|-damage|p2a: Popo|82/100
|
|-heal|p2a: Popo|100/100|[from] move: Wish|[wisher] Jirachi
|upkeep
|turn|23
|
|t:|1728808681
|-singleturn|p2a: Popo|move: Focus Punch
|move|p1a: Milotic|Recover||[still]
|-fail|p1a: Milotic|heal
|move|p2a: Popo|Focus Punch|p1a: Milotic
|-damage|p1a: Milotic|32/100
|
|-heal|p1a: Milotic|38/100|[from] item: Leftovers
|upkeep
|turn|24
|
|t:|1728808703
|switch|p2a: Blissey|Blissey, F|100/100
|move|p1a: Milotic|Recover|p1a: Milotic
|-heal|p1a: Milotic|88/100
|
|-heal|p1a: Milotic|94/100|[from] item: Leftovers
|upkeep
|turn|25
|
|t:|1728808708
|switch|p1a: Celebi|Celebi|100/100
|move|p2a: Blissey|Calm Mind|p2a: Blissey
|-boost|p2a: Blissey|spa|1
|-boost|p2a: Blissey|spd|1
|
|upkeep
|turn|26
|
|t:|1728808714
|move|p1a: Celebi|Leech Seed|p2a: Blissey
|-start|p2a: Blissey|move: Leech Seed
|move|p2a: Blissey|Ice Beam|p1a: Celebi
|-supereffective|p1a: Celebi
|-damage|p1a: Celebi|39/100
|
|-heal|p1a: Celebi|45/100|[from] item: Leftovers
|-damage|p2a: Blissey|88/100|[from] Leech Seed|[of] p1a: Celebi
|-heal|p1a: Celebi|65/100|[silent]
|upkeep
|turn|27
|
|t:|1728808720
|switch|p2a: Blastoise|Blastoise, M|99/100
|move|p1a: Celebi|Calm Mind|p1a: Celebi
|-boost|p1a: Celebi|spa|1
|-boost|p1a: Celebi|spd|1
|
|-heal|p1a: Celebi|71/100|[from] item: Leftovers
|-heal|p2a: Blastoise|100/100|[from] item: Leftovers
|upkeep
|turn|28
|
|t:|1728808725
|move|p1a: Celebi|Hidden Power|p2a: Blastoise
|-supereffective|p2a: Blastoise
|-damage|p2a: Blastoise|44/100
|move|p2a: Blastoise|Roar|p1a: Celebi
|drag|p1a: Blissey|Blissey, F|99/100
|
|-heal|p2a: Blastoise|50/100|[from] item: Leftovers
|-heal|p1a: Blissey|100/100|[from] item: Leftovers
|upkeep
|turn|29
|
|t:|1728808744
|switch|p2a: Jirachi|Jirachi|100/100
|move|p1a: Blissey|Seismic Toss|p2a: Jirachi
|-damage|p2a: Jirachi|76/100
|
|-heal|p2a: Jirachi|82/100|[from] item: Leftovers
|upkeep
|turn|30
|
|t:|1728808750
|switch|p2a: Skarmory|Skarmory, M|48/100
|switch|p1a: Dugtrio|Dugtrio, M|88/100
|
|-heal|p2a: Skarmory|54/100|[from] item: Leftovers
|upkeep
|turn|31
|
|t:|1728808757
|switch|p1a: Claydol|Claydol|100/100
|move|p2a: Skarmory|Spikes|p1a: Claydol
|-sidestart|p1: aahaahaah|Spikes
|
|-heal|p2a: Skarmory|60/100|[from] item: Leftovers
|upkeep
|turn|32
|
|t:|1728808765
|switch|p2a: Popo|Slaking, F|100/100
|move|p1a: Claydol|Rapid Spin|p2a: Popo
|-damage|p2a: Popo|97/100
|-sideend|p1: aahaahaah|Spikes|[from] move: Rapid Spin|[of] p1a: Claydol
|
|upkeep
|turn|33
|
|t:|1728808775
|switch|p1a: Milotic|Milotic, F|94/100
|move|p2a: Popo|Double-Edge|p1a: Milotic
|-damage|p1a: Milotic|8/100
|-damage|p2a: Popo|71/100|[from] Recoil|[of] p1a: Milotic
|
|-heal|p1a: Milotic|14/100|[from] item: Leftovers
|upkeep
|turn|34
|
|t:|1728808784
|switch|p2a: Jirachi|Jirachi|82/100
|move|p1a: Milotic|Recover|p1a: Milotic
|-heal|p1a: Milotic|64/100
|
|-heal|p2a: Jirachi|88/100|[from] item: Leftovers
|-heal|p1a: Milotic|70/100|[from] item: Leftovers
|upkeep
|turn|35
|
|t:|1728808792
|move|p2a: Jirachi|Wish|p2a: Jirachi
|move|p1a: Milotic|Hidden Power|p2a: Jirachi
|-supereffective|p2a: Jirachi
|-damage|p2a: Jirachi|63/100
|
|-heal|p2a: Jirachi|69/100|[from] item: Leftovers
|-heal|p1a: Milotic|76/100|[from] item: Leftovers
|upkeep
|turn|36
|
|t:|1728808804
|move|p2a: Jirachi|Toxic|p1a: Milotic
|-status|p1a: Milotic|tox
|move|p1a: Milotic|Hidden Power|p2a: Jirachi
|-supereffective|p2a: Jirachi
|-damage|p2a: Jirachi|42/100
|
|-heal|p2a: Jirachi|92/100|[from] move: Wish|[wisher] Jirachi
|-heal|p2a: Jirachi|99/100|[from] item: Leftovers
|-heal|p1a: Milotic|82/100 tox|[from] item: Leftovers
|-damage|p1a: Milotic|76/100 tox|[from] psn
|upkeep
|turn|37
|
|t:|1728808811
|move|p2a: Jirachi|Wish|p2a: Jirachi
|move|p1a: Milotic|Refresh|p1a: Milotic
|-curestatus|p1a: Milotic|tox|[msg]
|
|-heal|p2a: Jirachi|100/100|[from] item: Leftovers
|-heal|p1a: Milotic|82/100|[from] item: Leftovers
|upkeep
|turn|38
|
|t:|1728808818
|switch|p2a: Blastoise|Blastoise, M|50/100
|move|p1a: Milotic|Hidden Power|p2a: Blastoise
|-resisted|p2a: Blastoise
|-damage|p2a: Blastoise|43/100
|
|-heal|p2a: Blastoise|93/100|[from] move: Wish|[wisher] Jirachi
|-heal|p2a: Blastoise|99/100|[from] item: Leftovers
|-heal|p1a: Milotic|88/100|[from] item: Leftovers
|upkeep
|turn|39
|
|t:|1728808828
|switch|p2a: Flygon|Flygon, F|100/100
|switch|p1a: Celebi|Celebi|71/100
|
|-heal|p1a: Celebi|77/100|[from] item: Leftovers
|upkeep
|turn|40
|
|t:|1728808834
|move|p2a: Flygon|Toxic|p1a: Celebi
|-status|p1a: Celebi|tox
|move|p1a: Celebi|Calm Mind|p1a: Celebi
|-boost|p1a: Celebi|spa|1
|-boost|p1a: Celebi|spd|1
|
|-heal|p1a: Celebi|84/100 tox|[from] item: Leftovers
|-damage|p1a: Celebi|77/100 tox|[from] psn
|upkeep
|turn|41
|inactive|FunkyCop1998 has 270 seconds left.
|
|t:|1728808882
|move|p2a: Flygon|Protect|p2a: Flygon
|-singleturn|p2a: Flygon|Protect
|move|p1a: Celebi|Calm Mind|p1a: Celebi
|-boost|p1a: Celebi|spa|1
|-boost|p1a: Celebi|spd|1
|
|-heal|p1a: Celebi|84/100 tox|[from] item: Leftovers
|-damage|p1a: Celebi|71/100 tox|[from] psn
|upkeep
|turn|42
|
|t:|1728808903
|move|p1a: Celebi|Leech Seed|p2a: Flygon
|-start|p2a: Flygon|move: Leech Seed
|move|p2a: Flygon|Earthquake|p1a: Celebi
|-resisted|p1a: Celebi
|-damage|p1a: Celebi|61/100 tox
|
|-heal|p1a: Celebi|67/100 tox|[from] item: Leftovers
|-damage|p2a: Flygon|88/100|[from] Leech Seed|[of] p1a: Celebi
|-heal|p1a: Celebi|78/100 tox|[silent]
|-damage|p1a: Celebi|59/100 tox|[from] psn
|upkeep
|turn|43
|
|t:|1728808916
|move|p2a: Flygon|Fire Blast|p1a: Celebi
|-supereffective|p1a: Celebi
|-damage|p1a: Celebi|44/100 tox
|move|p1a: Celebi|Calm Mind|p1a: Celebi
|-boost|p1a: Celebi|spa|1
|-boost|p1a: Celebi|spd|1
|
|-heal|p1a: Celebi|50/100 tox|[from] item: Leftovers
|-heal|p2a: Flygon|94/100|[from] item: Leftovers
|-damage|p2a: Flygon|82/100|[from] Leech Seed|[of] p1a: Celebi
|-heal|p1a: Celebi|61/100 tox|[silent]
|-damage|p1a: Celebi|37/100 tox|[from] psn
|upkeep
|turn|44
|
|t:|1728808928
|move|p1a: Celebi|Recover|p1a: Celebi
|-heal|p1a: Celebi|87/100 tox
|move|p2a: Flygon|Fire Blast|p1a: Celebi
|-supereffective|p1a: Celebi
|-damage|p1a: Celebi|72/100 tox
|
|-heal|p2a: Flygon|88/100|[from] item: Leftovers
|-heal|p1a: Celebi|78/100 tox|[from] item: Leftovers
|-damage|p2a: Flygon|75/100|[from] Leech Seed|[of] p1a: Celebi
|-heal|p1a: Celebi|90/100 tox|[silent]
|-damage|p1a: Celebi|59/100 tox|[from] psn
|upkeep
|turn|45
|
|t:|1728808934
|switch|p2a: Skarmory|Skarmory, M|60/100
|move|p1a: Celebi|Hidden Power|p2a: Skarmory
|-resisted|p2a: Skarmory
|-damage|p2a: Skarmory|46/100
|
|-heal|p1a: Celebi|65/100 tox|[from] item: Leftovers
|-damage|p1a: Celebi|28/100 tox|[from] psn
|-heal|p2a: Skarmory|52/100|[from] item: Leftovers
|upkeep
|turn|46
|
|t:|1728808947
|-curestatus|p1a: Celebi|tox|[from] ability: Natural Cure
|switch|p1a: Claydol|Claydol|100/100
|move|p2a: Skarmory|Drill Peck|p1a: Claydol
|-damage|p1a: Claydol|77/100
|
|-heal|p1a: Claydol|83/100|[from] item: Leftovers
|-heal|p2a: Skarmory|58/100|[from] item: Leftovers
|upkeep
|turn|47
|inactive|FunkyCop1998 has 270 seconds left.
|
|t:|1728808965
|switch|p1a: Milotic|Milotic, F|88/100
|move|p2a: Skarmory|Spikes|p1a: Milotic
|-sidestart|p1: aahaahaah|Spikes
|
|-heal|p1a: Milotic|94/100|[from] item: Leftovers
|-heal|p2a: Skarmory|64/100|[from] item: Leftovers
|upkeep
|turn|48
|inactive|FunkyCop1998 has 240 seconds left.
|
|t:|1728809001
|switch|p2a: Flygon|Flygon, F|75/100
|move|p1a: Milotic|Hidden Power|p2a: Flygon
|-resisted|p2a: Flygon
|-damage|p2a: Flygon|66/100
|
|-heal|p2a: Flygon|72/100|[from] item: Leftovers
|-heal|p1a: Milotic|99/100|[from] item: Leftovers
|upkeep
|turn|49
|inactive|FunkyCop1998 has 240 seconds left.
|
|t:|1728809015
|switch|p1a: Claydol|Claydol|83/100
|move|p2a: Flygon|Toxic|p1a: Claydol
|-status|p1a: Claydol|tox
|
|-heal|p2a: Flygon|78/100|[from] item: Leftovers
|-heal|p1a: Claydol|89/100 tox|[from] item: Leftovers
|-damage|p1a: Claydol|83/100 tox|[from] psn
|upkeep
|turn|50
|inactive|FunkyCop1998 has 240 seconds left.
|
|t:|1728809037
|move|p2a: Flygon|Fire Blast|p1a: Claydol|[miss]
|-miss|p2a: Flygon|p1a: Claydol
|move|p1a: Claydol|Refresh|p1a: Claydol
|-curestatus|p1a: Claydol|tox|[msg]
|
|-heal|p2a: Flygon|84/100|[from] item: Leftovers
|-heal|p1a: Claydol|89/100|[from] item: Leftovers
|upkeep
|turn|51
|
|t:|1728809048
|switch|p2a: Skarmory|Skarmory, M|64/100
|move|p1a: Claydol|Rapid Spin|p2a: Skarmory
|-resisted|p2a: Skarmory
|-crit|p2a: Skarmory
|-damage|p2a: Skarmory|59/100
|-sideend|p1: aahaahaah|Spikes|[from] move: Rapid Spin|[of] p1a: Claydol
|
|-heal|p1a: Claydol|95/100|[from] item: Leftovers
|-heal|p2a: Skarmory|65/100|[from] item: Leftovers
|upkeep
|turn|52
|
|t:|1728809053
|switch|p1a: Celebi|Celebi|28/100
|move|p2a: Skarmory|Spikes|p1a: Celebi
|-sidestart|p1: aahaahaah|Spikes
|
|-heal|p1a: Celebi|34/100|[from] item: Leftovers
|-heal|p2a: Skarmory|71/100|[from] item: Leftovers
|upkeep
|turn|53
|
|t:|1728809060
|move|p1a: Celebi|Recover|p1a: Celebi
|-heal|p1a: Celebi|84/100
|move|p2a: Skarmory|Taunt|p1a: Celebi
|-start|p1a: Celebi|move: Taunt
|
|-heal|p1a: Celebi|90/100|[from] item: Leftovers
|-heal|p2a: Skarmory|77/100|[from] item: Leftovers
|upkeep
|turn|54
|
|t:|1728809067
|switch|p1a: Claydol|Claydol|95/100
|move|p2a: Skarmory|Roar|p1a: Claydol
|drag|p1a: Celebi|Celebi|90/100
|-damage|p1a: Celebi|78/100|[from] Spikes
|
|-heal|p1a: Celebi|84/100|[from] item: Leftovers
|-heal|p2a: Skarmory|83/100|[from] item: Leftovers
|upkeep
|turn|55
|
|t:|1728809075
|move|p1a: Celebi|Leech Seed|p2a: Skarmory
|-start|p2a: Skarmory|move: Leech Seed
|move|p2a: Skarmory|Spikes|p1a: Celebi
|-sidestart|p1: aahaahaah|Spikes
|
|-heal|p1a: Celebi|90/100|[from] item: Leftovers
|-heal|p2a: Skarmory|89/100|[from] item: Leftovers
|-damage|p2a: Skarmory|77/100|[from] Leech Seed|[of] p1a: Celebi
|-heal|p1a: Celebi|99/100|[silent]
|upkeep
|turn|56
|
|t:|1728809083
|switch|p1a: Blissey|Blissey, F|100/100
|-damage|p1a: Blissey|84/100|[from] Spikes
|switch|p2a: Jirachi|Jirachi|100/100
|
|-heal|p1a: Blissey|90/100|[from] item: Leftovers
|upkeep
|turn|57
|
|t:|1728809091
|switch|p1a: Dugtrio|Dugtrio, M|88/100
|-damage|p1a: Dugtrio|72/100|[from] Spikes
|move|p2a: Jirachi|Toxic|p1a: Dugtrio
|-status|p1a: Dugtrio|tox
|
|-damage|p1a: Dugtrio|65/100 tox|[from] psn
|upkeep
|turn|58
|
|t:|1728809096
|move|p2a: Jirachi|Protect|p2a: Jirachi
|-singleturn|p2a: Jirachi|Protect
|move|p1a: Dugtrio|Earthquake|p2a: Jirachi
|-activate|p2a: Jirachi|Protect
|
|-damage|p1a: Dugtrio|53/100 tox|[from] psn
|upkeep
|turn|59
|
|t:|1728809099
|move|p1a: Dugtrio|Earthquake|p2a: Jirachi
|-supereffective|p2a: Jirachi
|-damage|p2a: Jirachi|21/100
|move|p2a: Jirachi|Wish|p2a: Jirachi
|
|-damage|p1a: Dugtrio|35/100 tox|[from] psn
|-heal|p2a: Jirachi|27/100|[from] item: Leftovers
|upkeep
|turn|60
|
|t:|1728809103
|move|p2a: Jirachi|Protect|p2a: Jirachi
|-singleturn|p2a: Jirachi|Protect
|move|p1a: Dugtrio|Earthquake|p2a: Jirachi
|-activate|p2a: Jirachi|Protect
|
|-heal|p2a: Jirachi|77/100|[from] move: Wish|[wisher] Jirachi
|-damage|p1a: Dugtrio|10/100 tox|[from] psn
|-heal|p2a: Jirachi|83/100|[from] item: Leftovers
|upkeep
|turn|61
|
|t:|1728809126
|move|p1a: Dugtrio|Earthquake|p2a: Jirachi
|-supereffective|p2a: Jirachi
|-damage|p2a: Jirachi|10/100
|move|p2a: Jirachi|Wish|p2a: Jirachi
|
|-damage|p1a: Dugtrio|0 fnt|[from] psn
|faint|p1a: Dugtrio
|-heal|p2a: Jirachi|16/100|[from] item: Leftovers
|upkeep
|
|t:|1728809133
|switch|p1a: Claydol|Claydol|95/100
|turn|62
|
|t:|1728809142
|move|p2a: Jirachi|Toxic|p1a: Claydol|[miss]
|-miss|p2a: Jirachi|p1a: Claydol
|move|p1a: Claydol|Earthquake|p2a: Jirachi
|-supereffective|p2a: Jirachi
|-damage|p2a: Jirachi|0 fnt
|faint|p2a: Jirachi
|
|t:|1728809145
|switch|p2a: Popo|Slaking, F|71/100
|
|-heal|p2a: Popo|100/100|[from] move: Wish|[wisher] Jirachi
|-heal|p1a: Claydol|100/100|[from] item: Leftovers
|upkeep
|turn|63
|
|t:|1728809153
|switch|p1a: Milotic|Milotic, F|99/100
|-damage|p1a: Milotic|84/100|[from] Spikes
|move|p2a: Popo|Double-Edge|p1a: Milotic
|-damage|p1a: Milotic|1/100
|-damage|p2a: Popo|76/100|[from] Recoil|[of] p1a: Milotic
|
|-heal|p1a: Milotic|7/100|[from] item: Leftovers
|upkeep
|turn|64
|
|t:|1728809165
|switch|p2a: Blissey|Blissey, F|88/100
|move|p1a: Milotic|Recover|p1a: Milotic
|-heal|p1a: Milotic|57/100
|
|-heal|p1a: Milotic|63/100|[from] item: Leftovers
|-heal|p2a: Blissey|94/100|[from] item: Leftovers
|upkeep
|turn|65
|
|t:|1728809174
|move|p1a: Milotic|Recover|p1a: Milotic
|-heal|p1a: Milotic|100/100
|move|p2a: Blissey|Calm Mind|p2a: Blissey
|-boost|p2a: Blissey|spa|1
|-boost|p2a: Blissey|spd|1
|
|-heal|p2a: Blissey|99/100|[from] item: Leftovers
|upkeep
|turn|66
|
|t:|1728809181
|switch|p1a: Blissey|Blissey, F|90/100
|-damage|p1a: Blissey|74/100|[from] Spikes
|move|p2a: Blissey|Calm Mind|p2a: Blissey
|-boost|p2a: Blissey|spa|1
|-boost|p2a: Blissey|spd|1
|
|-heal|p2a: Blissey|100/100|[from] item: Leftovers
|-heal|p1a: Blissey|80/100|[from] item: Leftovers
|upkeep
|turn|67
|
|t:|1728809204
|switch|p2a: Blastoise|Blastoise, M|99/100
|move|p1a: Blissey|Toxic|p2a: Blastoise
|-status|p2a: Blastoise|tox
|
|-heal|p2a: Blastoise|100/100 tox|[from] item: Leftovers
|-damage|p2a: Blastoise|94/100 tox|[from] psn
|-heal|p1a: Blissey|86/100|[from] item: Leftovers
|upkeep
|turn|68
|
|t:|1728809214
|switch|p1a: Celebi|Celebi|99/100
|-damage|p1a: Celebi|84/100|[from] Spikes
|move|p2a: Blastoise|Refresh|p2a: Blastoise
|-curestatus|p2a: Blastoise|tox|[msg]
|
|-heal|p1a: Celebi|90/100|[from] item: Leftovers
|-heal|p2a: Blastoise|100/100|[from] item: Leftovers
|upkeep
|turn|69
|
|t:|1728809228
|switch|p2a: Skarmory|Skarmory, M|77/100
|move|p1a: Celebi|Hidden Power|p2a: Skarmory
|-resisted|p2a: Skarmory
|-damage|p2a: Skarmory|72/100
|
|-heal|p1a: Celebi|96/100|[from] item: Leftovers
|-heal|p2a: Skarmory|78/100|[from] item: Leftovers
|upkeep
|turn|70
|
|t:|1728809233
|switch|p2a: Popo|Slaking, F|76/100
|move|p1a: Celebi|Leech Seed|p2a: Popo|[miss]
|-miss|p1a: Celebi|p2a: Popo
|
|-heal|p1a: Celebi|100/100|[from] item: Leftovers
|upkeep
|turn|71
|
|t:|1728809252
|-singleturn|p2a: Popo|move: Focus Punch
|move|p1a: Celebi|Hidden Power|p2a: Popo
|-damage|p2a: Popo|46/100
|move|p2a: Popo|Focus Punch||[still]
|cant|p2a: Popo|Focus Punch|Focus Punch
|
|upkeep
|turn|72
|
|t:|1728809260
|switch|p2a: Flygon|Flygon, F|84/100
|move|p1a: Celebi|Leech Seed|p2a: Flygon
|-start|p2a: Flygon|move: Leech Seed
|
|-heal|p2a: Flygon|90/100|[from] item: Leftovers
|-damage|p2a: Flygon|78/100|[from] Leech Seed|[of] p1a: Celebi
|upkeep
|turn|73
|
|t:|1728809265
|switch|p1a: Claydol|Claydol|100/100
|move|p2a: Flygon|Toxic|p1a: Claydol
|-status|p1a: Claydol|tox
|
|-heal|p2a: Flygon|84/100|[from] item: Leftovers
|-damage|p2a: Flygon|72/100|[from] Leech Seed|[of] p1a: Claydol
|-damage|p1a: Claydol|94/100 tox|[from] psn
|upkeep
|turn|74
|
|t:|1728809274
|switch|p2a: Blastoise|Blastoise, M|100/100
|move|p1a: Claydol|Rapid Spin|p2a: Blastoise
|-damage|p2a: Blastoise|96/100
|-sideend|p1: aahaahaah|Spikes|[from] move: Rapid Spin|[of] p1a: Claydol
|
|-heal|p2a: Blastoise|100/100|[from] item: Leftovers
|-heal|p1a: Claydol|100/100 tox|[from] item: Leftovers
|-damage|p1a: Claydol|88/100 tox|[from] psn
|upkeep
|turn|75
|
|t:|1728809280
|switch|p2a: Popo|Slaking, F|46/100
|switch|p1a: Celebi|Celebi|100/100
|
|upkeep
|turn|76
|
|t:|1728809289
|move|p2a: Popo|Shadow Ball|p1a: Celebi
|-supereffective|p1a: Celebi
|-damage|p1a: Celebi|25/100
|-unboost|p1a: Celebi|spd|1
|move|p1a: Celebi|Hidden Power|p2a: Popo
|-damage|p2a: Popo|21/100
|
|-heal|p1a: Celebi|31/100|[from] item: Leftovers
|upkeep
|turn|77
|
|t:|1728809302
|switch|p2a: Skarmory|Skarmory, M|78/100
|move|p1a: Celebi|Leech Seed|p2a: Skarmory
|-start|p2a: Skarmory|move: Leech Seed
|
|-heal|p1a: Celebi|38/100|[from] item: Leftovers
|-heal|p2a: Skarmory|84/100|[from] item: Leftovers
|-damage|p2a: Skarmory|71/100|[from] Leech Seed|[of] p1a: Celebi
|-heal|p1a: Celebi|48/100|[silent]
|upkeep
|turn|78
|
|t:|1728809309
|move|p1a: Celebi|Recover|p1a: Celebi
|-heal|p1a: Celebi|98/100
|move|p2a: Skarmory|Spikes|p1a: Celebi
|-sidestart|p1: aahaahaah|Spikes
|
|-heal|p1a: Celebi|100/100|[from] item: Leftovers
|-heal|p2a: Skarmory|77/100|[from] item: Leftovers
|-damage|p2a: Skarmory|65/100|[from] Leech Seed|[of] p1a: Celebi
|upkeep
|turn|79
|
|t:|1728809319
|switch|p2a: Blissey|Blissey, F|100/100
|move|p1a: Celebi|Calm Mind|p1a: Celebi
|-boost|p1a: Celebi|spa|1
|-boost|p1a: Celebi|spd|1
|
|upkeep
|turn|80
|
|t:|1728809329
|move|p1a: Celebi|Calm Mind|p1a: Celebi
|-boost|p1a: Celebi|spa|1
|-boost|p1a: Celebi|spd|1
|move|p2a: Blissey|Ice Beam|p1a: Celebi
|-supereffective|p1a: Celebi
|-damage|p1a: Celebi|74/100
|
|-heal|p1a: Celebi|80/100|[from] item: Leftovers
|upkeep
|turn|81
|
|t:|1728809343
|move|p1a: Celebi|Calm Mind|p1a: Celebi
|-boost|p1a: Celebi|spa|1
|-boost|p1a: Celebi|spd|1
|move|p2a: Blissey|Calm Mind|p2a: Blissey
|-boost|p2a: Blissey|spa|1
|-boost|p2a: Blissey|spd|1
|
|-heal|p1a: Celebi|86/100|[from] item: Leftovers
|upkeep
|turn|82
|
|t:|1728809348
|move|p1a: Celebi|Leech Seed|p2a: Blissey
|-start|p2a: Blissey|move: Leech Seed
|move|p2a: Blissey|Ice Beam|p1a: Celebi
|-supereffective|p1a: Celebi
|-damage|p1a: Celebi|53/100
|
|-heal|p1a: Celebi|59/100|[from] item: Leftovers
|-damage|p2a: Blissey|88/100|[from] Leech Seed|[of] p1a: Celebi
|-heal|p1a: Celebi|79/100|[silent]
|upkeep
|turn|83
|
|t:|1728809353
|switch|p2a: Flygon|Flygon, F|72/100
|move|p1a: Celebi|Calm Mind|p1a: Celebi
|-boost|p1a: Celebi|spa|1
|-boost|p1a: Celebi|spd|1
|
|-heal|p1a: Celebi|86/100|[from] item: Leftovers
|-heal|p2a: Flygon|78/100|[from] item: Leftovers
|upkeep
|turn|84
|
|t:|1728809360
|move|p2a: Flygon|Toxic|p1a: Celebi
|-status|p1a: Celebi|tox
|move|p1a: Celebi|Hidden Power|p2a: Flygon
|-damage|p2a: Flygon|2/100
|
|-heal|p2a: Flygon|8/100|[from] item: Leftovers
|-heal|p1a: Celebi|92/100 tox|[from] item: Leftovers
|-damage|p1a: Celebi|86/100 tox|[from] psn
|upkeep
|turn|85
|
|t:|1728809369
|move|p2a: Flygon|Protect|p2a: Flygon
|-singleturn|p2a: Flygon|Protect
|move|p1a: Celebi|Hidden Power|p2a: Flygon
|-activate|p2a: Flygon|Protect
|
|-heal|p2a: Flygon|15/100|[from] item: Leftovers
|-heal|p1a: Celebi|92/100 tox|[from] item: Leftovers
|-damage|p1a: Celebi|79/100 tox|[from] psn
|upkeep
|turn|86
|
|t:|1728809385
|switch|p2a: Skarmory|Skarmory, M|65/100
|move|p1a: Celebi|Hidden Power|p2a: Skarmory
|-resisted|p2a: Skarmory
|-damage|p2a: Skarmory|47/100
|
|-heal|p1a: Celebi|86/100 tox|[from] item: Leftovers
|-damage|p1a: Celebi|67/100 tox|[from] psn
|-heal|p2a: Skarmory|53/100|[from] item: Leftovers
|upkeep
|turn|87
|
|t:|1728809396
|move|p1a: Celebi|Leech Seed|p2a: Skarmory|[miss]
|-miss|p1a: Celebi|p2a: Skarmory
|move|p2a: Skarmory|Drill Peck|p1a: Celebi
|-supereffective|p1a: Celebi
|-crit|p1a: Celebi
|-damage|p1a: Celebi|1/100 tox
|
|-heal|p1a: Celebi|7/100 tox|[from] item: Leftovers
|-damage|p1a: Celebi|0 fnt|[from] psn
|faint|p1a: Celebi
|-heal|p2a: Skarmory|59/100|[from] item: Leftovers
|upkeep
|
|t:|1728809406
|switch|p1a: Claydol|Claydol|88/100 tox
|turn|88
|
|t:|1728809420
|move|p1a: Claydol|Refresh|p1a: Claydol
|-curestatus|p1a: Claydol|tox|[msg]
|move|p2a: Skarmory|Drill Peck|p1a: Claydol
|-damage|p1a: Claydol|65/100
|
|-heal|p1a: Claydol|71/100|[from] item: Leftovers
|-heal|p2a: Skarmory|65/100|[from] item: Leftovers
|upkeep
|turn|89
|
|t:|1728809425
|move|p1a: Claydol|Rapid Spin|p2a: Skarmory
|-resisted|p2a: Skarmory
|-damage|p2a: Skarmory|63/100
|-sideend|p1: aahaahaah|Spikes|[from] move: Rapid Spin|[of] p1a: Claydol
|move|p2a: Skarmory|Drill Peck|p1a: Claydol
|-damage|p1a: Claydol|47/100
|
|-heal|p1a: Claydol|54/100|[from] item: Leftovers
|-heal|p2a: Skarmory|69/100|[from] item: Leftovers
|upkeep
|turn|90
|
|t:|1728809432
|switch|p1a: Milotic|Milotic, F|100/100
|move|p2a: Skarmory|Spikes|p1a: Milotic
|-sidestart|p1: aahaahaah|Spikes
|
|-heal|p2a: Skarmory|75/100|[from] item: Leftovers
|upkeep
|turn|91
|
|t:|1728809444
|switch|p2a: Blissey|Blissey, F|88/100
|move|p1a: Milotic|Hidden Power|p2a: Blissey
|-damage|p2a: Blissey|82/100
|
|-heal|p2a: Blissey|88/100|[from] item: Leftovers
|upkeep
|turn|92
|
|t:|1728809448
|switch|p1a: Blissey|Blissey, F|86/100
|-damage|p1a: Blissey|73/100|[from] Spikes
|move|p2a: Blissey|Calm Mind|p2a: Blissey
|-boost|p2a: Blissey|spa|1
|-boost|p2a: Blissey|spd|1
|
|-heal|p2a: Blissey|94/100|[from] item: Leftovers
|-heal|p1a: Blissey|80/100|[from] item: Leftovers
|upkeep
|turn|93
|
|t:|1728809456
|switch|p2a: Skarmory|Skarmory, M|75/100
|move|p1a: Blissey|Toxic|p2a: Skarmory
|-immune|p2a: Skarmory
|
|-heal|p2a: Skarmory|81/100|[from] item: Leftovers
|-heal|p1a: Blissey|86/100|[from] item: Leftovers
|upkeep
|turn|94
|
|t:|1728809463
|move|p2a: Skarmory|Drill Peck|p1a: Blissey
|-damage|p1a: Blissey|60/100
|move|p1a: Blissey|Seismic Toss|p2a: Skarmory
|-damage|p2a: Skarmory|51/100
|
|-heal|p2a: Skarmory|57/100|[from] item: Leftovers
|-heal|p1a: Blissey|66/100|[from] item: Leftovers
|upkeep
|turn|95
|
|t:|1728809469
|switch|p2a: Blissey|Blissey, F|94/100
|move|p1a: Blissey|Seismic Toss|p2a: Blissey
|-damage|p2a: Blissey|79/100
|
|-heal|p2a: Blissey|85/100|[from] item: Leftovers
|-heal|p1a: Blissey|72/100|[from] item: Leftovers
|upkeep
|turn|96
|
|t:|1728809475
|switch|p2a: Blastoise|Blastoise, M|100/100
|move|p1a: Blissey|Ice Beam|p2a: Blastoise
|-resisted|p2a: Blastoise
|-crit|p2a: Blastoise
|-damage|p2a: Blastoise|81/100
|-status|p2a: Blastoise|frz
|
|-heal|p2a: Blastoise|87/100 frz|[from] item: Leftovers
|-heal|p1a: Blissey|78/100|[from] item: Leftovers
|upkeep
|turn|97
|
|t:|1728809485
|cant|p2a: Blastoise|frz
|move|p1a: Blissey|Seismic Toss|p2a: Blastoise
|-damage|p2a: Blastoise|60/100 frz
|
|-heal|p2a: Blastoise|66/100 frz|[from] item: Leftovers
|-heal|p1a: Blissey|84/100|[from] item: Leftovers
|upkeep
|turn|98
|
|t:|1728809491
|move|p1a: Blissey|Seismic Toss|p2a: Blastoise
|-damage|p2a: Blastoise|38/100 frz
|cant|p2a: Blastoise|frz
|
|-heal|p2a: Blastoise|44/100 frz|[from] item: Leftovers
|-heal|p1a: Blissey|91/100|[from] item: Leftovers
|upkeep
|turn|99
|
|t:|1728809503
|move|p1a: Blissey|Seismic Toss|p2a: Blastoise
|-damage|p2a: Blastoise|17/100 frz
|cant|p2a: Blastoise|frz
|
|-heal|p2a: Blastoise|23/100 frz|[from] item: Leftovers
|-heal|p1a: Blissey|97/100|[from] item: Leftovers
|upkeep
|turn|100
|
|t:|1728809508
|move|p1a: Blissey|Seismic Toss|p2a: Blastoise
|-damage|p2a: Blastoise|0 fnt
|faint|p2a: Blastoise
|
|t:|1728809510
|switch|p2a: Popo|Slaking, F|21/100
|
|-heal|p1a: Blissey|100/100|[from] item: Leftovers
|upkeep
|turn|101
|
|t:|1728809520
|switch|p1a: Milotic|Milotic, F|100/100
|-damage|p1a: Milotic|88/100|[from] Spikes
|move|p2a: Popo|Double-Edge|p1a: Milotic
|-damage|p1a: Milotic|0 fnt
|-damage|p2a: Popo|0 fnt|[from] Recoil|[of] p1a: Milotic
|faint|p1a: Milotic
|faint|p2a: Popo
|
|t:|1728809536
|switch|p2a: Flygon|Flygon, F|15/100
|switch|p1a: Blissey|Blissey, F|100/100
|-damage|p1a: Blissey|88/100|[from] Spikes
|
|-heal|p2a: Flygon|21/100|[from] item: Leftovers
|-heal|p1a: Blissey|94/100|[from] item: Leftovers
|upkeep
|turn|102
|
|t:|1728809540
|switch|p2a: Skarmory|Skarmory, M|57/100
|move|p1a: Blissey|Ice Beam|p2a: Skarmory
|-damage|p2a: Skarmory|34/100
|-status|p2a: Skarmory|frz
|
|-heal|p2a: Skarmory|40/100 frz|[from] item: Leftovers
|-heal|p1a: Blissey|99/100|[from] item: Leftovers
|upkeep
|turn|103
|
|t:|1728809551
|move|p1a: Blissey|Seismic Toss|p2a: Skarmory
|-damage|p2a: Skarmory|10/100 frz
|cant|p2a: Skarmory|frz
|
|-heal|p2a: Skarmory|16/100 frz|[from] item: Leftovers
|-heal|p1a: Blissey|100/100|[from] item: Leftovers
|upkeep
|turn|104
|
|t:|1728809558
|cant|p2a: Skarmory|frz
|move|p1a: Blissey|Seismic Toss|p2a: Skarmory
|-damage|p2a: Skarmory|0 fnt
|faint|p2a: Skarmory
|
|t:|1728809566
|switch|p2a: Blissey|Blissey, F|85/100
|
|-heal|p2a: Blissey|91/100|[from] item: Leftovers
|upkeep
|turn|105
|
|t:|1728809585
|move|p2a: Blissey|Calm Mind|p2a: Blissey
|-boost|p2a: Blissey|spa|1
|-boost|p2a: Blissey|spd|1
|move|p1a: Blissey|Toxic|p2a: Blissey
|-status|p2a: Blissey|tox
|
|-heal|p2a: Blissey|97/100 tox|[from] item: Leftovers
|-damage|p2a: Blissey|91/100 tox|[from] psn
|upkeep
|turn|106
|
|t:|1728809590
|move|p2a: Blissey|Ice Beam|p1a: Blissey
|-damage|p1a: Blissey|85/100
|move|p1a: Blissey|Ice Beam|p2a: Blissey
|-damage|p2a: Blissey|84/100 tox
|
|-heal|p2a: Blissey|90/100 tox|[from] item: Leftovers
|-damage|p2a: Blissey|78/100 tox|[from] psn
|-heal|p1a: Blissey|91/100|[from] item: Leftovers
|upkeep
|turn|107
|
|t:|1728809600
|move|p2a: Blissey|Ice Beam|p1a: Blissey
|-damage|p1a: Blissey|77/100
|move|p1a: Blissey|Ice Beam|p2a: Blissey
|-damage|p2a: Blissey|71/100 tox
|
|-heal|p2a: Blissey|77/100 tox|[from] item: Leftovers
|-damage|p2a: Blissey|59/100 tox|[from] psn
|-heal|p1a: Blissey|83/100|[from] item: Leftovers
|upkeep
|turn|108
|
|t:|1728809608
|move|p2a: Blissey|Ice Beam|p1a: Blissey
|-damage|p1a: Blissey|68/100
|move|p1a: Blissey|Ice Beam|p2a: Blissey
|-crit|p2a: Blissey
|-damage|p2a: Blissey|40/100 tox
|
|-heal|p2a: Blissey|46/100 tox|[from] item: Leftovers
|-damage|p2a: Blissey|21/100 tox|[from] psn
|-heal|p1a: Blissey|75/100|[from] item: Leftovers
|upkeep
|turn|109
|
|t:|1728809616
|move|p2a: Blissey|Soft-Boiled|p2a: Blissey
|-heal|p2a: Blissey|71/100 tox
|move|p1a: Blissey|Ice Beam|p2a: Blissey
|-damage|p2a: Blissey|64/100 tox
|
|-heal|p2a: Blissey|70/100 tox|[from] item: Leftovers
|-damage|p2a: Blissey|39/100 tox|[from] psn
|-heal|p1a: Blissey|81/100|[from] item: Leftovers
|upkeep
|turn|110
|
|t:|1728809623
|move|p2a: Blissey|Ice Beam|p1a: Blissey
|-damage|p1a: Blissey|66/100
|move|p1a: Blissey|Ice Beam|p2a: Blissey
|-damage|p2a: Blissey|32/100 tox
|
|-heal|p2a: Blissey|38/100 tox|[from] item: Leftovers
|-damage|p2a: Blissey|1/100 tox|[from] psn
|-heal|p1a: Blissey|72/100|[from] item: Leftovers
|upkeep
|turn|111
|
|t:|1728809633
|move|p2a: Blissey|Ice Beam|p1a: Blissey
|-damage|p1a: Blissey|57/100
|move|p1a: Blissey|Soft-Boiled|p1a: Blissey
|-heal|p1a: Blissey|100/100
|
|-heal|p2a: Blissey|8/100 tox|[from] item: Leftovers
|-damage|p2a: Blissey|0 fnt|[from] psn
|faint|p2a: Blissey
|upkeep
|
|t:|1728809635
|switch|p2a: Flygon|Flygon, F|21/100
|turn|112
|
|t:|1728809640
|move|p2a: Flygon|Earthquake|p1a: Blissey
|-damage|p1a: Blissey|62/100
|move|p1a: Blissey|Ice Beam|p2a: Flygon
|-supereffective|p2a: Flygon
|-damage|p2a: Flygon|0 fnt
|faint|p2a: Flygon
|
|win|aahaahaah
|c|☆FunkyCop1998|gg
|c|☆aahaahaah|gg

</script>
<script type="application/json" class="data" id="replaydata-smogtours-gen3ou-797966">
{"id":"smogtours-gen3ou-797966","format":"[Gen 3] OU","players":["aahaahaah","FunkyCop1998"],"uploadtime":1728809640,"views":72,"formatid":"gen3ou","rating":null,"private":0,"password":null}
</script>

<script defer src="js/replays.js?9d40a366"></script>
