<!DOCTYPE html>
<meta charset="utf-8" />
<meta name="viewport" content="width=device-width" />

<title>[Gen 3] OU: hitmonYEE vs. tanao - Replays - Pok&eacute;mon Showdown!</title>

<meta name="description" content="Watch a replay of a Pok&eacute;mon battle between hitmonYEE and tanao! Format: [Gen 3] OU; Date: Oct 26, 2024" />
<!--

Hey, you! Looking in the source for the replay log?

You can find them in JSON format, just add `.json` at the end of a replay URL.

https://replay.pokemonshowdown.com/gen7randomdoublesbattle-865046831.json

Or, if you only need the log itself, add `.log` instead:

https://replay.pokemonshowdown.com/gen7randomdoublesbattle-865046831.log

-->

<link rel="stylesheet" href="//pokemonshowdown.com/style/global.css?0.767286132409787" />
<link rel="stylesheet" href="//play.pokemonshowdown.com/style/font-awesome.css?0.9266228007934947" />
<link rel="stylesheet" href="//play.pokemonshowdown.com/style/battle.css?0.7924700842790926" />
<link rel="stylesheet" href="//play.pokemonshowdown.com/style/utilichart.css?0.8777417872839479" />

<!-- Global site tag (gtag.js) - Google Analytics -->
<script async src="https://www.googletagmanager.com/gtag/js?id=UA-26211653-1"></script>
<script>
  window.dataLayer = window.dataLayer || [];
  function gtag(){dataLayer.push(arguments);}
  gtag('js', new Date());

  gtag('config', 'UA-26211653-1');
</script>
<!-- End Google Analytics -->
<!-- Venatus Ad Manager - Install in <HEAD> of page -->
	<script src="https://hb.vntsm.com/v3/live/ad-manager.min.js" type="text/javascript" data-site-id="642aba63ec9a7b11c3c9c1be" data-mode="scan" async></script>
<!-- / Venatus Ad Manager -->

<style>
	@media (max-width:820px) {
		.battle {
			margin: 0 auto;
		}
		.battle-log {
			margin: 7px auto 0;
			max-width: 640px;
			height: 300px;
			position: static;
		}
	}
	.optgroup {
		display: inline-block;
		line-height: 22px;
		font-size: 10pt;
	}
	.optgroup .button {
		height: 25px;
		padding-top: 0;
		padding-bottom: 0;
	}
	.optgroup button.button {
		padding-left: 12px;
		padding-right: 12px;
	}
	.linklist {
		list-style: none;
		margin: 0.5em 0;
		padding: 0;
	}
	.linklist li {
		padding: 2px 0;
	}
	.sidebar {
		float: left;
		width: 320px;
	}
	.bar-wrapper {
		max-width: 1100px;
		margin: 0 auto;
	}
	.bar-wrapper.has-sidebar {
		max-width: 1430px;
	}
	.mainbar {
		margin: 0;
		padding-right: 1px;
	}
	.mainbar.has-sidebar {
		margin-left: 330px;
	}
	@media (min-width: 1511px) {
		.sidebar {
			width: 400px;
		}
		.bar-wrapper.has-sidebar {
			max-width: 1510px;
		}
		.mainbar.has-sidebar {
			margin-left: 410px;
		}
	}
	.section.first-section {
		margin-top: 9px;
	}
	.blocklink small {
		white-space: normal;
	}
	.button {
		vertical-align: middle;
	}
	.replay-controls {
		padding-top: 10px;
	}
	.replay-controls h1 {
		font-size: 16pt;
		font-weight: normal;
		color: #CCC;
	}
	.pagelink {
		text-align: center;
	}
	.pagelink a {
		width: 150px;
	}
	.textbox, .button {
		font-size: 11pt;
		vertical-align: middle;
	}
	@media (max-width: 450px) {
		.button {
			font-size: 9pt;
		}
	}
</style>

<div>

	<header>
		<div class="nav-wrapper"><ul class="nav">
			<li><a class="button nav-first" href="//pokemonshowdown.com/"><img src="//pokemonshowdown.com/images/pokemonshowdownbeta.png" srcset="//pokemonshowdown.com/images/pokemonshowdownbeta.png 1x, //pokemonshowdown.com/images/pokemonshowdownbeta@2x.png 2x" alt="Pok&eacute;mon Showdown" width="146" height="44" /> Home</a></li>
			<li><a class="button" href="//pokemonshowdown.com/dex/">Pok&eacute;dex</a></li>
			<li><a class="button cur" href="/">Replays</a></li>
			<li><a class="button" href="//pokemonshowdown.com/ladder/">Ladder</a></li>
			<li><a class="button nav-last" href="//pokemonshowdown.com/forums/">Forum</a></li>
			<li><a class="button greenbutton nav-first nav-last" href="//play.pokemonshowdown.com/">Play</a></li>
		</ul></div>
	</header>

	<div class="main" id="main">

		<noscript><section class="section">You need to enable JavaScript to use this page; sorry!</section></noscript>

	</div>

</div>

<script defer nomodule src="//play.pokemonshowdown.com/js/lib/ps-polyfill.js"></script>
<script defer src="//play.pokemonshowdown.com/js/lib/preact.min.js"></script>

<script defer src="//play.pokemonshowdown.com/config/config.js?6dec07f6"></script>
<script defer src="//play.pokemonshowdown.com/js/lib/jquery-1.11.0.min.js"></script>
<script defer src="//play.pokemonshowdown.com/js/lib/html-sanitizer-minified.js"></script>
<script defer src="//play.pokemonshowdown.com/js/battle-sound.js"></script>
<script defer src="//play.pokemonshowdown.com/js/battledata.js?0.6315294753075389"></script>
<script defer src="//play.pokemonshowdown.com/data/pokedex-mini.js?0.7603743185311358"></script>
<script defer src="//play.pokemonshowdown.com/data/pokedex-mini-bw.js?0.030888842834281283"></script>
<script defer src="//play.pokemonshowdown.com/data/graphics.js?0.05593094747507488"></script>
<script defer src="//play.pokemonshowdown.com/data/pokedex.js?0.47064822249611904"></script>
<script defer src="//play.pokemonshowdown.com/data/moves.js?0.8583693120512459"></script>
<script defer src="//play.pokemonshowdown.com/data/abilities.js?0.16017181182386842"></script>
<script defer src="//play.pokemonshowdown.com/data/items.js?0.4163379185673943"></script>
<script defer src="//play.pokemonshowdown.com/data/teambuilder-tables.js?0.31075597372830477"></script>
<script defer src="//play.pokemonshowdown.com/js/battle-tooltips.js?0.6536193500708172"></script>
<script defer src="//play.pokemonshowdown.com/js/battle.js?0.1916591943277901"></script>

<script defer src="js/utils.js?e31f9a17"></script>
<script defer src="js/replays-battle.js?7008c182"></script>

<!-- don't scrape this data! just add .json or .log after the URL!
Full API docs: https://github.com/smogon/pokemon-showdown-client/blob/master/WEB-API.md -->
<script type="text/plain" class="log" id="replaylog-smogtours-gen3ou-802026">
|inactive|Battle timer is ON: inactive players will automatically lose when time's up.
|t:|1729908179
|gametype|singles
|player|p1|hitmonYEE|102|
|player|p2|tanao|tuber|
|teamsize|p1|6
|teamsize|p2|6
|gen|3
|tier|[Gen 3] OU
|rule|Sleep Clause Mod: Limit one foe put to sleep
|rule|Switch Priority Clause Mod: Faster Pokémon switch first
|rule|Species Clause: Limit one of each Pokémon
|rule|OHKO Clause: OHKO moves are banned
|rule|Evasion Items Clause: Evasion items are banned
|rule|Evasion Moves Clause: Evasion moves are banned
|rule|Endless Battle Clause: Forcing endless battles is banned
|rule|HP Percentage Mod: HP is shown in percentages
|rule|One Boost Passer Clause: Limit one Baton Passer that has a way to boost its stats
|rule|Freeze Clause Mod: Limit one foe frozen
|
|t:|1729908179
|start
|switch|p1a: Salamence|Salamence, M|100/100
|switch|p2a: Tyranitar|Tyranitar, F|100/100
|-ability|p1a: Salamence|Intimidate|boost
|-unboost|p2a: Tyranitar|atk|1
|-weather|Sandstorm|[from] ability: Sand Stream|[of] p2a: Tyranitar
|turn|1
|c|☆hitmonYEE|gl
|c|☆tanao|glhf
|
|t:|1729908203
|switch|p1a: Claydol|Claydol|100/100
|switch|p2a: Swampert|Swampert, F|100/100
|
|-weather|Sandstorm|[upkeep]
|upkeep
|turn|2
|
|t:|1729908227
|switch|p1a: Blissey|Blissey, F|100/100
|move|p2a: Swampert|Hydro Pump|p1a: Blissey
|-damage|p1a: Blissey|86/100
|
|-weather|Sandstorm|[upkeep]
|-damage|p1a: Blissey|80/100|[from] Sandstorm
|-heal|p1a: Blissey|86/100|[from] item: Leftovers
|upkeep
|turn|3
|
|t:|1729908236
|move|p2a: Swampert|Protect|p2a: Swampert
|-singleturn|p2a: Swampert|Protect
|move|p1a: Blissey|Toxic|p2a: Swampert
|-activate|p2a: Swampert|Protect
|
|-weather|Sandstorm|[upkeep]
|-damage|p1a: Blissey|80/100|[from] Sandstorm
|-heal|p1a: Blissey|86/100|[from] item: Leftovers
|upkeep
|turn|4
|
|t:|1729908247
|switch|p2a: Skarmory|Skarmory, M|100/100
|move|p1a: Blissey|Ice Beam|p2a: Skarmory
|-damage|p2a: Skarmory|75/100
|-status|p2a: Skarmory|frz
|
|-weather|Sandstorm|[upkeep]
|-damage|p1a: Blissey|80/100|[from] Sandstorm
|-heal|p2a: Skarmory|81/100 frz|[from] item: Leftovers
|-heal|p1a: Blissey|86/100|[from] item: Leftovers
|upkeep
|turn|5
|
|t:|1729908260
|-curestatus|p2a: Skarmory|frz|[msg]
|move|p2a: Skarmory|Spikes|p1a: Blissey
|-sidestart|p1: hitmonYEE|Spikes
|move|p1a: Blissey|Thunderbolt|p2a: Skarmory
|-supereffective|p2a: Skarmory
|-damage|p2a: Skarmory|30/100
|
|-weather|Sandstorm|[upkeep]
|-damage|p1a: Blissey|80/100|[from] Sandstorm
|-heal|p2a: Skarmory|36/100|[from] item: Leftovers
|-heal|p1a: Blissey|86/100|[from] item: Leftovers
|upkeep
|turn|6
|
|t:|1729908273
|switch|p2a: Blissey|Blissey, F|100/100
|move|p1a: Blissey|Thunderbolt|p2a: Blissey
|-damage|p2a: Blissey|90/100
|
|-weather|Sandstorm|[upkeep]
|-damage|p1a: Blissey|80/100|[from] Sandstorm
|-damage|p2a: Blissey|84/100|[from] Sandstorm
|-heal|p1a: Blissey|86/100|[from] item: Leftovers
|-heal|p2a: Blissey|90/100|[from] item: Leftovers
|upkeep
|turn|7
|
|t:|1729908283
|switch|p1a: Skarmory|Skarmory, F|100/100
|move|p2a: Blissey|Toxic|p1a: Skarmory|[miss]
|-miss|p2a: Blissey|p1a: Skarmory
|
|-weather|Sandstorm|[upkeep]
|-damage|p2a: Blissey|84/100|[from] Sandstorm
|-heal|p2a: Blissey|90/100|[from] item: Leftovers
|upkeep
|turn|8
|
|t:|1729908291
|switch|p2a: Moltres|Moltres|100/100
|move|p1a: Skarmory|Spikes|p2a: Moltres
|-sidestart|p2: tanao|Spikes
|
|-weather|Sandstorm|[upkeep]
|-damage|p2a: Moltres|94/100|[from] Sandstorm
|-heal|p2a: Moltres|100/100|[from] item: Leftovers
|upkeep
|turn|9
|
|t:|1729908298
|move|p1a: Skarmory|Protect|p1a: Skarmory
|-singleturn|p1a: Skarmory|Protect
|move|p2a: Moltres|Will-O-Wisp|p1a: Skarmory
|-activate|p1a: Skarmory|Protect
|
|-weather|Sandstorm|[upkeep]
|-damage|p2a: Moltres|94/100|[from] Sandstorm
|-heal|p2a: Moltres|100/100|[from] item: Leftovers
|upkeep
|turn|10
|
|t:|1729908314
|switch|p2a: Skarmory|Skarmory, M|36/100
|switch|p1a: Blissey|Blissey, F|86/100
|-damage|p1a: Blissey|73/100|[from] Spikes
|
|-weather|Sandstorm|[upkeep]
|-damage|p1a: Blissey|67/100|[from] Sandstorm
|-heal|p2a: Skarmory|42/100|[from] item: Leftovers
|-heal|p1a: Blissey|73/100|[from] item: Leftovers
|upkeep
|turn|11
|inactive|tanao has 270 seconds left.
|
|t:|1729908345
|switch|p2a: Gengar|Gengar, M|100/100
|move|p1a: Blissey|Thunderbolt|p2a: Gengar
|-damage|p2a: Gengar|71/100
|
|-weather|Sandstorm|[upkeep]
|-damage|p2a: Gengar|64/100|[from] Sandstorm
|-damage|p1a: Blissey|67/100|[from] Sandstorm
|-heal|p2a: Gengar|71/100|[from] item: Leftovers
|-heal|p1a: Blissey|73/100|[from] item: Leftovers
|upkeep
|turn|12
|inactive|tanao has 270 seconds left.
|
|t:|1729908363
|switch|p1a: Metagross|Metagross|100/100
|-damage|p1a: Metagross|88/100|[from] Spikes
|move|p2a: Gengar|Will-O-Wisp|p1a: Metagross
|-status|p1a: Metagross|brn
|
|-weather|Sandstorm|[upkeep]
|-damage|p2a: Gengar|64/100|[from] Sandstorm
|-heal|p2a: Gengar|71/100|[from] item: Leftovers
|-damage|p1a: Metagross|76/100 brn|[from] brn
|upkeep
|turn|13
|inactive|tanao has 270 seconds left.
|
|t:|1729908375
|switch|p2a: Swampert|Swampert, F|100/100
|-damage|p2a: Swampert|88/100|[from] Spikes
|move|p1a: Metagross|Meteor Mash|p2a: Swampert
|-resisted|p2a: Swampert
|-damage|p2a: Swampert|71/100
|
|-weather|Sandstorm|[upkeep]
|-damage|p1a: Metagross|64/100 brn|[from] brn
|-heal|p2a: Swampert|77/100|[from] item: Leftovers
|upkeep
|turn|14
|
|t:|1729908392
|switch|p1a: Skarmory|Skarmory, F|100/100
|move|p2a: Swampert|Protect||[still]
|-fail|p2a: Swampert
|
|-weather|Sandstorm|[upkeep]
|-heal|p2a: Swampert|83/100|[from] item: Leftovers
|upkeep
|turn|15
|inactive|tanao has 270 seconds left.
|
|t:|1729908408
|switch|p2a: Skarmory|Skarmory, M|42/100
|move|p1a: Skarmory|Spikes|p2a: Skarmory
|-sidestart|p2: tanao|Spikes
|
|-weather|Sandstorm|[upkeep]
|-heal|p2a: Skarmory|48/100|[from] item: Leftovers
|upkeep
|turn|16
|
|t:|1729908415
|move|p2a: Skarmory|Spikes|p1a: Skarmory
|-sidestart|p1: hitmonYEE|Spikes
|move|p1a: Skarmory|Roar|p2a: Skarmory
|drag|p2a: Tyranitar|Tyranitar, F|100/100
|-damage|p2a: Tyranitar|84/100|[from] Spikes
|
|-weather|Sandstorm|[upkeep]
|-heal|p2a: Tyranitar|90/100|[from] item: Leftovers
|upkeep
|turn|17
|
|t:|1729908422
|switch|p1a: Claydol|Claydol|100/100
|move|p2a: Tyranitar|Taunt|p1a: Claydol
|-start|p1a: Claydol|move: Taunt
|
|-weather|Sandstorm|[upkeep]
|-heal|p2a: Tyranitar|96/100|[from] item: Leftovers
|upkeep
|turn|18
|inactive|tanao has 270 seconds left.
|
|t:|1729908468
|switch|p2a: Swampert|Swampert, F|83/100
|-damage|p2a: Swampert|67/100|[from] Spikes
|move|p1a: Claydol|Rapid Spin|p2a: Swampert
|-damage|p2a: Swampert|63/100
|-sideend|p1: hitmonYEE|Spikes|[from] move: Rapid Spin|[of] p1a: Claydol
|
|-weather|Sandstorm|[upkeep]
|-end|p1a: Claydol|move: Taunt|[silent]
|-heal|p2a: Swampert|69/100|[from] item: Leftovers
|upkeep
|turn|19
|
|t:|1729908490
|switch|p1a: Skarmory|Skarmory, F|100/100
|move|p2a: Swampert|Hydro Pump|p1a: Skarmory
|-damage|p1a: Skarmory|64/100
|
|-weather|Sandstorm|[upkeep]
|-heal|p1a: Skarmory|70/100|[from] item: Leftovers
|-heal|p2a: Swampert|75/100|[from] item: Leftovers
|upkeep
|turn|20
|
|t:|1729908500
|switch|p2a: Skarmory|Skarmory, M|48/100
|move|p1a: Skarmory|Spikes|p2a: Skarmory
|-sidestart|p2: tanao|Spikes
|
|-weather|Sandstorm|[upkeep]
|-heal|p2a: Skarmory|54/100|[from] item: Leftovers
|-heal|p1a: Skarmory|76/100|[from] item: Leftovers
|upkeep
|turn|21
|
|t:|1729908507
|move|p2a: Skarmory|Spikes|p1a: Skarmory
|-sidestart|p1: hitmonYEE|Spikes
|move|p1a: Skarmory|Roar|p2a: Skarmory
|drag|p2a: Swampert|Swampert, F|75/100
|-damage|p2a: Swampert|51/100|[from] Spikes
|
|-weather|Sandstorm|[upkeep]
|-heal|p1a: Skarmory|82/100|[from] item: Leftovers
|-heal|p2a: Swampert|57/100|[from] item: Leftovers
|upkeep
|turn|22
|inactive|hitmonYEE has 270 seconds left.
|
|t:|1729908547
|move|p2a: Swampert|Hydro Pump|p1a: Skarmory
|-damage|p1a: Skarmory|48/100
|move|p1a: Skarmory|Roar|p2a: Swampert
|drag|p2a: Tyranitar|Tyranitar, F|96/100
|-damage|p2a: Tyranitar|71/100|[from] Spikes
|
|-weather|Sandstorm|[upkeep]
|-heal|p2a: Tyranitar|77/100|[from] item: Leftovers
|-heal|p1a: Skarmory|54/100|[from] item: Leftovers
|upkeep
|turn|23
|inactive|tanao has 270 seconds left.
|
|t:|1729908562
|switch|p1a: Claydol|Claydol|100/100
|move|p2a: Tyranitar|Toxic|p1a: Claydol
|-status|p1a: Claydol|tox
|
|-weather|Sandstorm|[upkeep]
|-heal|p2a: Tyranitar|84/100|[from] item: Leftovers
|-damage|p1a: Claydol|94/100 tox|[from] psn
|upkeep
|turn|24
|inactive|hitmonYEE has 270 seconds left.
|inactive|tanao has 240 seconds left.
|inactive|hitmonYEE has 240 seconds left.
|
|t:|1729908623
|switch|p2a: Skarmory|Skarmory, M|54/100
|move|p1a: Claydol|Earthquake|p2a: Skarmory
|-immune|p2a: Skarmory
|
|-weather|Sandstorm|[upkeep]
|-heal|p2a: Skarmory|60/100|[from] item: Leftovers
|-heal|p1a: Claydol|100/100 tox|[from] item: Leftovers
|-damage|p1a: Claydol|88/100 tox|[from] psn
|upkeep
|turn|25
|inactive|tanao has 240 seconds left.
|
|t:|1729908636
|move|p2a: Skarmory|Spikes|p1a: Claydol
|-sidestart|p1: hitmonYEE|Spikes
|move|p1a: Claydol|Rapid Spin|p2a: Skarmory
|-resisted|p2a: Skarmory
|-damage|p2a: Skarmory|58/100
|-sideend|p1: hitmonYEE|Spikes|[from] move: Rapid Spin|[of] p1a: Claydol
|
|-weather|Sandstorm|[upkeep]
|-heal|p2a: Skarmory|64/100|[from] item: Leftovers
|-heal|p1a: Claydol|94/100 tox|[from] item: Leftovers
|-damage|p1a: Claydol|76/100 tox|[from] psn
|upkeep
|turn|26
|inactive|tanao has 240 seconds left.
|
|t:|1729908646
|switch|p1a: Blissey|Blissey, F|73/100
|move|p2a: Skarmory|Spikes|p1a: Blissey
|-sidestart|p1: hitmonYEE|Spikes
|
|-weather|Sandstorm|[upkeep]
|-damage|p1a: Blissey|67/100|[from] Sandstorm
|-heal|p2a: Skarmory|70/100|[from] item: Leftovers
|-heal|p1a: Blissey|73/100|[from] item: Leftovers
|upkeep
|turn|27
|inactive|hitmonYEE has 240 seconds left.
|inactive|tanao has 240 seconds left.
|
|t:|1729908665
|move|p2a: Skarmory|Toxic|p1a: Blissey|[miss]
|-miss|p2a: Skarmory|p1a: Blissey
|move|p1a: Blissey|Ice Beam|p2a: Skarmory
|-damage|p2a: Skarmory|45/100
|
|-weather|Sandstorm|[upkeep]
|-damage|p1a: Blissey|67/100|[from] Sandstorm
|-heal|p2a: Skarmory|51/100|[from] item: Leftovers
|-heal|p1a: Blissey|73/100|[from] item: Leftovers
|upkeep
|turn|28
|inactive|tanao has 240 seconds left.
|
|t:|1729908690
|move|p2a: Skarmory|Toxic|p1a: Blissey
|-status|p1a: Blissey|tox
|move|p1a: Blissey|Thunderbolt|p2a: Skarmory
|-supereffective|p2a: Skarmory
|-damage|p2a: Skarmory|7/100
|
|-weather|Sandstorm|[upkeep]
|-damage|p1a: Blissey|67/100 tox|[from] Sandstorm
|-heal|p2a: Skarmory|13/100|[from] item: Leftovers
|-heal|p1a: Blissey|73/100 tox|[from] item: Leftovers
|-damage|p1a: Blissey|67/100 tox|[from] psn
|upkeep
|turn|29
|inactive|hitmonYEE has 240 seconds left.
|
|t:|1729908720
|switch|p2a: Tyranitar|Tyranitar, F|84/100
|-damage|p2a: Tyranitar|59/100|[from] Spikes
|-curestatus|p1a: Blissey|tox|[from] ability: Natural Cure
|switch|p1a: Salamence|Salamence, M|100/100
|-ability|p1a: Salamence|Intimidate|boost
|-unboost|p2a: Tyranitar|atk|1
|
|-weather|Sandstorm|[upkeep]
|-damage|p1a: Salamence|94/100|[from] Sandstorm
|-heal|p1a: Salamence|100/100|[from] item: Leftovers
|-heal|p2a: Tyranitar|65/100|[from] item: Leftovers
|upkeep
|turn|30
|
|t:|1729908733
|move|p1a: Salamence|Brick Break|p2a: Tyranitar
|-supereffective|p2a: Tyranitar
|-damage|p2a: Tyranitar|0 fnt
|faint|p2a: Tyranitar
|
|t:|1729908737
|switch|p2a: Gengar|Gengar, M|71/100
|
|-weather|Sandstorm|[upkeep]
|-damage|p1a: Salamence|94/100|[from] Sandstorm
|-damage|p2a: Gengar|64/100|[from] Sandstorm
|-heal|p1a: Salamence|100/100|[from] item: Leftovers
|-heal|p2a: Gengar|71/100|[from] item: Leftovers
|upkeep
|turn|31
|inactive|hitmonYEE has 240 seconds left.
|
|t:|1729908748
|switch|p1a: Blissey|Blissey, F|67/100
|-damage|p1a: Blissey|55/100|[from] Spikes
|move|p2a: Gengar|Will-O-Wisp|p1a: Blissey
|-status|p1a: Blissey|brn
|
|-weather|Sandstorm|[upkeep]
|-damage|p2a: Gengar|64/100|[from] Sandstorm
|-damage|p1a: Blissey|49/100 brn|[from] Sandstorm
|-heal|p2a: Gengar|71/100|[from] item: Leftovers
|-heal|p1a: Blissey|55/100 brn|[from] item: Leftovers
|-damage|p1a: Blissey|42/100 brn|[from] brn
|upkeep
|turn|32
|
|t:|1729908763
|switch|p2a: Blissey|Blissey, F|90/100
|-damage|p2a: Blissey|65/100|[from] Spikes
|move|p1a: Blissey|Soft-Boiled|p1a: Blissey
|-heal|p1a: Blissey|92/100 brn
|
|-weather|Sandstorm|[upkeep]
|-damage|p1a: Blissey|86/100 brn|[from] Sandstorm
|-damage|p2a: Blissey|59/100|[from] Sandstorm
|-heal|p1a: Blissey|92/100 brn|[from] item: Leftovers
|-damage|p1a: Blissey|80/100 brn|[from] brn
|-heal|p2a: Blissey|65/100|[from] item: Leftovers
|upkeep
|turn|33
|
|t:|1729908777
|move|p1a: Blissey|Toxic|p2a: Blissey|[miss]
|-miss|p1a: Blissey|p2a: Blissey
|move|p2a: Blissey|Seismic Toss|p1a: Blissey
|-damage|p1a: Blissey|64/100 brn
|
|-weather|Sandstorm|[upkeep]
|-damage|p1a: Blissey|58/100 brn|[from] Sandstorm
|-damage|p2a: Blissey|59/100|[from] Sandstorm
|-heal|p1a: Blissey|64/100 brn|[from] item: Leftovers
|-damage|p1a: Blissey|52/100 brn|[from] brn
|-heal|p2a: Blissey|65/100|[from] item: Leftovers
|upkeep
|turn|34
|inactive|tanao has 210 seconds left.
|
|t:|1729908802
|move|p1a: Blissey|Soft-Boiled|p1a: Blissey
|-heal|p1a: Blissey|100/100 brn
|move|p2a: Blissey|Seismic Toss|p1a: Blissey
|-damage|p1a: Blissey|85/100 brn
|
|-weather|Sandstorm|[upkeep]
|-damage|p1a: Blissey|79/100 brn|[from] Sandstorm
|-damage|p2a: Blissey|59/100|[from] Sandstorm
|-heal|p1a: Blissey|85/100 brn|[from] item: Leftovers
|-damage|p1a: Blissey|73/100 brn|[from] brn
|-heal|p2a: Blissey|65/100|[from] item: Leftovers
|upkeep
|turn|35
|inactive|tanao has 210 seconds left.
|
|t:|1729908813
|move|p1a: Blissey|Toxic|p2a: Blissey|[miss]
|-miss|p1a: Blissey|p2a: Blissey
|move|p2a: Blissey|Seismic Toss|p1a: Blissey
|-damage|p1a: Blissey|57/100 brn
|
|-weather|Sandstorm|[upkeep]
|-damage|p1a: Blissey|51/100 brn|[from] Sandstorm
|-damage|p2a: Blissey|59/100|[from] Sandstorm
|-heal|p1a: Blissey|57/100 brn|[from] item: Leftovers
|-damage|p1a: Blissey|45/100 brn|[from] brn
|-heal|p2a: Blissey|65/100|[from] item: Leftovers
|upkeep
|turn|36
|c|☆hitmonYEE|.
|inactive|tanao has 210 seconds left.
|
|t:|1729908823
|move|p1a: Blissey|Soft-Boiled|p1a: Blissey
|-heal|p1a: Blissey|95/100 brn
|move|p2a: Blissey|Seismic Toss|p1a: Blissey
|-damage|p1a: Blissey|79/100 brn
|
|-weather|Sandstorm|[upkeep]
|-damage|p1a: Blissey|73/100 brn|[from] Sandstorm
|-damage|p2a: Blissey|59/100|[from] Sandstorm
|-heal|p1a: Blissey|79/100 brn|[from] item: Leftovers
|-damage|p1a: Blissey|67/100 brn|[from] brn
|-heal|p2a: Blissey|65/100|[from] item: Leftovers
|upkeep
|turn|37
|c|☆tanao|two toxic misses
|inactive|tanao has 210 seconds left.
|c|☆tanao|that sucks dude, sorry
|c|☆hitmonYEE|w/e np
|
|t:|1729908844
|move|p1a: Blissey|Soft-Boiled|p1a: Blissey
|-heal|p1a: Blissey|100/100 brn
|move|p2a: Blissey|Seismic Toss|p1a: Blissey
|-damage|p1a: Blissey|85/100 brn
|
|-weather|Sandstorm|[upkeep]
|-damage|p1a: Blissey|79/100 brn|[from] Sandstorm
|-damage|p2a: Blissey|59/100|[from] Sandstorm
|-heal|p1a: Blissey|85/100 brn|[from] item: Leftovers
|-damage|p1a: Blissey|73/100 brn|[from] brn
|-heal|p2a: Blissey|65/100|[from] item: Leftovers
|upkeep
|turn|38
|c|☆hitmonYEE|not your fault lol
|inactive|tanao has 210 seconds left.
|
|t:|1729908854
|move|p1a: Blissey|Toxic|p2a: Blissey
|-status|p2a: Blissey|tox
|move|p2a: Blissey|Seismic Toss|p1a: Blissey
|-damage|p1a: Blissey|57/100 brn
|
|-weather|Sandstorm|[upkeep]
|-damage|p1a: Blissey|51/100 brn|[from] Sandstorm
|-damage|p2a: Blissey|59/100 tox|[from] Sandstorm
|-heal|p1a: Blissey|57/100 brn|[from] item: Leftovers
|-damage|p1a: Blissey|45/100 brn|[from] brn
|-heal|p2a: Blissey|65/100 tox|[from] item: Leftovers
|-damage|p2a: Blissey|59/100 tox|[from] psn
|upkeep
|turn|39
|c|☆hitmonYEE|3rd times the charm
|inactive|tanao has 210 seconds left.
|c|☆hitmonYEE|thats what they say anyway
|
|t:|1729908867
|move|p1a: Blissey|Soft-Boiled|p1a: Blissey
|-heal|p1a: Blissey|95/100 brn
|move|p2a: Blissey|Soft-Boiled|p2a: Blissey
|-heal|p2a: Blissey|100/100 tox
|
|-weather|Sandstorm|[upkeep]
|-damage|p1a: Blissey|89/100 brn|[from] Sandstorm
|-damage|p2a: Blissey|94/100 tox|[from] Sandstorm
|-heal|p1a: Blissey|95/100 brn|[from] item: Leftovers
|-damage|p1a: Blissey|82/100 brn|[from] brn
|-heal|p2a: Blissey|100/100 tox|[from] item: Leftovers
|-damage|p2a: Blissey|88/100 tox|[from] psn
|upkeep
|turn|40
|inactive|tanao has 210 seconds left.
|inactive|hitmonYEE has 270 seconds left.
|
|t:|1729908905
|-curestatus|p1a: Blissey|brn|[from] ability: Natural Cure
|switch|p1a: Suicune|Suicune|100/100
|-damage|p1a: Suicune|88/100|[from] Spikes
|-curestatus|p2a: Blissey|tox|[from] ability: Natural Cure
|switch|p2a: Gengar|Gengar, M|71/100
|
|-weather|Sandstorm|[upkeep]
|-damage|p2a: Gengar|64/100|[from] Sandstorm
|-damage|p1a: Suicune|82/100|[from] Sandstorm
|-heal|p2a: Gengar|71/100|[from] item: Leftovers
|-heal|p1a: Suicune|88/100|[from] item: Leftovers
|upkeep
|turn|41
|inactive|hitmonYEE has 270 seconds left.
|
|t:|1729908922
|switch|p1a: Blissey|Blissey, F|82/100
|-damage|p1a: Blissey|70/100|[from] Spikes
|move|p2a: Gengar|Taunt|p1a: Blissey
|-start|p1a: Blissey|move: Taunt
|
|-weather|Sandstorm|[upkeep]
|-damage|p2a: Gengar|64/100|[from] Sandstorm
|-damage|p1a: Blissey|64/100|[from] Sandstorm
|-heal|p2a: Gengar|71/100|[from] item: Leftovers
|-heal|p1a: Blissey|70/100|[from] item: Leftovers
|upkeep
|turn|42
|inactive|hitmonYEE has 270 seconds left.
|inactive|tanao has 180 seconds left.
|
|t:|1729908942
|move|p2a: Gengar|Will-O-Wisp|p1a: Blissey
|-status|p1a: Blissey|brn
|move|p1a: Blissey|Ice Beam|p2a: Gengar
|-crit|p2a: Gengar
|-damage|p2a: Gengar|14/100
|
|-weather|Sandstorm|[upkeep]
|-damage|p2a: Gengar|8/100|[from] Sandstorm
|-damage|p1a: Blissey|64/100 brn|[from] Sandstorm
|-heal|p2a: Gengar|14/100|[from] item: Leftovers
|-heal|p1a: Blissey|70/100 brn|[from] item: Leftovers
|-damage|p1a: Blissey|57/100 brn|[from] brn
|-end|p1a: Blissey|move: Taunt|[silent]
|upkeep
|turn|43
|inactive|hitmonYEE has 270 seconds left.
|inactive|tanao has 180 seconds left.
|
|t:|1729908970
|switch|p2a: Skarmory|Skarmory, M|13/100
|move|p1a: Blissey|Ice Beam|p2a: Skarmory
|-damage|p2a: Skarmory|0 fnt
|faint|p2a: Skarmory
|
|t:|1729908976
|switch|p2a: Swampert|Swampert, F|57/100
|-damage|p2a: Swampert|32/100|[from] Spikes
|
|-weather|Sandstorm|[upkeep]
|-damage|p1a: Blissey|51/100 brn|[from] Sandstorm
|-heal|p1a: Blissey|57/100 brn|[from] item: Leftovers
|-damage|p1a: Blissey|45/100 brn|[from] brn
|-heal|p2a: Swampert|38/100|[from] item: Leftovers
|upkeep
|turn|44
|
|t:|1729908986
|-curestatus|p1a: Blissey|brn|[from] ability: Natural Cure
|switch|p1a: Claydol|Claydol|76/100 tox
|move|p2a: Swampert|Earthquake|p1a: Claydol
|-immune|p1a: Claydol
|
|-weather|Sandstorm|[upkeep]
|-heal|p1a: Claydol|82/100 tox|[from] item: Leftovers
|-damage|p1a: Claydol|76/100 tox|[from] psn
|-heal|p2a: Swampert|44/100|[from] item: Leftovers
|upkeep
|turn|45
|
|t:|1729908998
|move|p1a: Claydol|Rapid Spin|p2a: Swampert
|-damage|p2a: Swampert|41/100
|-sideend|p1: hitmonYEE|Spikes|[from] move: Rapid Spin|[of] p1a: Claydol
|move|p2a: Swampert|Hydro Pump|p1a: Claydol
|-supereffective|p1a: Claydol
|-damage|p1a: Claydol|14/100 tox
|
|-weather|Sandstorm|[upkeep]
|-heal|p1a: Claydol|20/100 tox|[from] item: Leftovers
|-damage|p1a: Claydol|8/100 tox|[from] psn
|-heal|p2a: Swampert|47/100|[from] item: Leftovers
|upkeep
|turn|46
|
|t:|1729909012
|move|p2a: Swampert|Protect|p2a: Swampert
|-singleturn|p2a: Swampert|Protect
|move|p1a: Claydol|Explosion|p2a: Swampert
|-activate|p2a: Swampert|Protect
|faint|p1a: Claydol
|inactive|hitmonYEE has 270 seconds left.
|
|t:|1729909038
|switch|p1a: Suicune|Suicune|88/100
|
|-weather|Sandstorm|[upkeep]
|-damage|p1a: Suicune|82/100|[from] Sandstorm
|-heal|p1a: Suicune|88/100|[from] item: Leftovers
|-heal|p2a: Swampert|53/100|[from] item: Leftovers
|upkeep
|turn|47
|inactive|tanao has 180 seconds left.
|
|t:|1729909045
|move|p1a: Suicune|Calm Mind|p1a: Suicune
|-boost|p1a: Suicune|spa|1
|-boost|p1a: Suicune|spd|1
|move|p2a: Swampert|Earthquake|p1a: Suicune
|-damage|p1a: Suicune|66/100
|
|-weather|Sandstorm|[upkeep]
|-damage|p1a: Suicune|60/100|[from] Sandstorm
|-heal|p1a: Suicune|66/100|[from] item: Leftovers
|-heal|p2a: Swampert|59/100|[from] item: Leftovers
|upkeep
|turn|48
|inactive|hitmonYEE has 270 seconds left.
|inactive|tanao has 180 seconds left.
|
|t:|1729909056
|move|p1a: Suicune|Surf|p2a: Swampert
|-damage|p2a: Swampert|19/100
|move|p2a: Swampert|Earthquake|p1a: Suicune
|-damage|p1a: Suicune|45/100
|
|-weather|Sandstorm|[upkeep]
|-damage|p1a: Suicune|39/100|[from] Sandstorm
|-heal|p1a: Suicune|45/100|[from] item: Leftovers
|-heal|p2a: Swampert|26/100|[from] item: Leftovers
|upkeep
|turn|49
|inactive|tanao has 180 seconds left.
|
|t:|1729909068
|move|p1a: Suicune|Surf|p2a: Swampert
|-crit|p2a: Swampert
|-damage|p2a: Swampert|0 fnt
|faint|p2a: Swampert
|inactive|tanao has 180 seconds left.
|
|t:|1729909075
|switch|p2a: Moltres|Moltres|100/100
|
|-weather|Sandstorm|[upkeep]
|-damage|p2a: Moltres|94/100|[from] Sandstorm
|-damage|p1a: Suicune|39/100|[from] Sandstorm
|-heal|p2a: Moltres|100/100|[from] item: Leftovers
|-heal|p1a: Suicune|45/100|[from] item: Leftovers
|upkeep
|turn|50
|
|t:|1729909082
|switch|p2a: Blissey|Blissey, F|88/100
|-damage|p2a: Blissey|63/100|[from] Spikes
|move|p1a: Suicune|Surf|p2a: Blissey
|-crit|p2a: Blissey
|-damage|p2a: Blissey|29/100
|
|-weather|Sandstorm|[upkeep]
|-damage|p1a: Suicune|39/100|[from] Sandstorm
|-damage|p2a: Blissey|23/100|[from] Sandstorm
|-heal|p1a: Suicune|45/100|[from] item: Leftovers
|-heal|p2a: Blissey|29/100|[from] item: Leftovers
|upkeep
|turn|51
|c|☆hitmonYEE|damn wtf sry
|
|t:|1729909092
|move|p1a: Suicune|Surf|p2a: Blissey
|-damage|p2a: Blissey|10/100
|move|p2a: Blissey|Soft-Boiled|p2a: Blissey
|-heal|p2a: Blissey|60/100
|
|-weather|Sandstorm|[upkeep]
|-damage|p1a: Suicune|39/100|[from] Sandstorm
|-damage|p2a: Blissey|54/100|[from] Sandstorm
|-heal|p1a: Suicune|45/100|[from] item: Leftovers
|-heal|p2a: Blissey|60/100|[from] item: Leftovers
|upkeep
|turn|52
|c|☆hitmonYEE|cune is a crit hax machine today
|
|t:|1729909102
|move|p1a: Suicune|Calm Mind|p1a: Suicune
|-boost|p1a: Suicune|spa|1
|-boost|p1a: Suicune|spd|1
|move|p2a: Blissey|Toxic|p1a: Suicune
|-status|p1a: Suicune|tox
|
|-weather|Sandstorm|[upkeep]
|-damage|p1a: Suicune|39/100 tox|[from] Sandstorm
|-damage|p2a: Blissey|54/100|[from] Sandstorm
|-heal|p1a: Suicune|45/100 tox|[from] item: Leftovers
|-damage|p1a: Suicune|39/100 tox|[from] psn
|-heal|p2a: Blissey|60/100|[from] item: Leftovers
|upkeep
|turn|53
|
|t:|1729909115
|move|p1a: Suicune|Rest|p1a: Suicune
|-status|p1a: Suicune|slp|[from] move: Rest
|-heal|p1a: Suicune|100/100 slp|[silent]
|move|p2a: Blissey|Soft-Boiled|p2a: Blissey
|-heal|p2a: Blissey|100/100
|
|-weather|Sandstorm|[upkeep]
|-damage|p1a: Suicune|94/100 slp|[from] Sandstorm
|-damage|p2a: Blissey|94/100|[from] Sandstorm
|-heal|p1a: Suicune|100/100 slp|[from] item: Leftovers
|-heal|p2a: Blissey|100/100|[from] item: Leftovers
|upkeep
|turn|54
|
|t:|1729909126
|switch|p2a: Moltres|Moltres|100/100
|cant|p1a: Suicune|slp
|
|-weather|Sandstorm|[upkeep]
|-damage|p2a: Moltres|94/100|[from] Sandstorm
|-damage|p1a: Suicune|94/100 slp|[from] Sandstorm
|-heal|p2a: Moltres|100/100|[from] item: Leftovers
|-heal|p1a: Suicune|100/100 slp|[from] item: Leftovers
|upkeep
|turn|55
|
|t:|1729909135
|cant|p1a: Suicune|slp
|move|p2a: Moltres|Roar|p1a: Suicune
|drag|p1a: Skarmory|Skarmory, F|54/100
|
|-weather|Sandstorm|[upkeep]
|-damage|p2a: Moltres|94/100|[from] Sandstorm
|-heal|p2a: Moltres|100/100|[from] item: Leftovers
|-heal|p1a: Skarmory|60/100|[from] item: Leftovers
|upkeep
|turn|56
|
|t:|1729909148
|switch|p1a: Blissey|Blissey, F|45/100
|move|p2a: Moltres|Flamethrower|p1a: Blissey
|-damage|p1a: Blissey|25/100
|
|-weather|Sandstorm|[upkeep]
|-damage|p2a: Moltres|94/100|[from] Sandstorm
|-damage|p1a: Blissey|19/100|[from] Sandstorm
|-heal|p2a: Moltres|100/100|[from] item: Leftovers
|-heal|p1a: Blissey|25/100|[from] item: Leftovers
|upkeep
|turn|57
|
|t:|1729909157
|move|p2a: Moltres|Flamethrower|p1a: Blissey
|-damage|p1a: Blissey|5/100
|move|p1a: Blissey|Soft-Boiled|p1a: Blissey
|-heal|p1a: Blissey|55/100
|
|-weather|Sandstorm|[upkeep]
|-damage|p2a: Moltres|94/100|[from] Sandstorm
|-damage|p1a: Blissey|49/100|[from] Sandstorm
|-heal|p2a: Moltres|100/100|[from] item: Leftovers
|-heal|p1a: Blissey|55/100|[from] item: Leftovers
|upkeep
|turn|58
|
|t:|1729909167
|switch|p2a: Blissey|Blissey, F|100/100
|-damage|p2a: Blissey|76/100|[from] Spikes
|move|p1a: Blissey|Soft-Boiled|p1a: Blissey
|-heal|p1a: Blissey|100/100
|
|-weather|Sandstorm|[upkeep]
|-damage|p1a: Blissey|94/100|[from] Sandstorm
|-damage|p2a: Blissey|69/100|[from] Sandstorm
|-heal|p1a: Blissey|100/100|[from] item: Leftovers
|-heal|p2a: Blissey|76/100|[from] item: Leftovers
|upkeep
|turn|59
|
|t:|1729909177
|move|p1a: Blissey|Toxic|p2a: Blissey
|-status|p2a: Blissey|tox
|move|p2a: Blissey|Toxic|p1a: Blissey
|-status|p1a: Blissey|tox
|
|-weather|Sandstorm|[upkeep]
|-damage|p1a: Blissey|94/100 tox|[from] Sandstorm
|-damage|p2a: Blissey|69/100 tox|[from] Sandstorm
|-heal|p1a: Blissey|100/100 tox|[from] item: Leftovers
|-damage|p1a: Blissey|94/100 tox|[from] psn
|-heal|p2a: Blissey|76/100 tox|[from] item: Leftovers
|-damage|p2a: Blissey|69/100 tox|[from] psn
|upkeep
|turn|60
|inactive|hitmonYEE has 270 seconds left.
|inactive|tanao has 180 seconds left.
|
|t:|1729909235
|-curestatus|p1a: Blissey|tox|[from] ability: Natural Cure
|switch|p1a: Suicune|Suicune|100/100 slp
|move|p2a: Blissey|Soft-Boiled|p2a: Blissey
|-heal|p2a: Blissey|100/100 tox
|
|-weather|Sandstorm|[upkeep]
|-damage|p1a: Suicune|94/100 slp|[from] Sandstorm
|-damage|p2a: Blissey|94/100 tox|[from] Sandstorm
|-heal|p1a: Suicune|100/100 slp|[from] item: Leftovers
|-heal|p2a: Blissey|100/100 tox|[from] item: Leftovers
|-damage|p2a: Blissey|88/100 tox|[from] psn
|upkeep
|turn|61
|
|t:|1729909246
|-curestatus|p1a: Suicune|slp|[msg]
|move|p1a: Suicune|Calm Mind|p1a: Suicune
|-boost|p1a: Suicune|spa|1
|-boost|p1a: Suicune|spd|1
|move|p2a: Blissey|Toxic|p1a: Suicune
|-status|p1a: Suicune|tox
|
|-weather|Sandstorm|[upkeep]
|-damage|p1a: Suicune|94/100 tox|[from] Sandstorm
|-damage|p2a: Blissey|82/100 tox|[from] Sandstorm
|-heal|p1a: Suicune|100/100 tox|[from] item: Leftovers
|-damage|p1a: Suicune|94/100 tox|[from] psn
|-heal|p2a: Blissey|88/100 tox|[from] item: Leftovers
|-damage|p2a: Blissey|70/100 tox|[from] psn
|upkeep
|turn|62
|inactive|hitmonYEE has 270 seconds left.
|
|t:|1729909272
|move|p1a: Suicune|Surf|p2a: Blissey
|-damage|p2a: Blissey|52/100 tox
|move|p2a: Blissey|Seismic Toss|p1a: Suicune
|-damage|p1a: Suicune|69/100 tox
|
|-weather|Sandstorm|[upkeep]
|-damage|p1a: Suicune|63/100 tox|[from] Sandstorm
|-damage|p2a: Blissey|46/100 tox|[from] Sandstorm
|-heal|p1a: Suicune|69/100 tox|[from] item: Leftovers
|-damage|p1a: Suicune|57/100 tox|[from] psn
|-heal|p2a: Blissey|52/100 tox|[from] item: Leftovers
|-damage|p2a: Blissey|28/100 tox|[from] psn
|upkeep
|turn|63
|
|t:|1729909283
|move|p1a: Suicune|Surf|p2a: Blissey
|-damage|p2a: Blissey|10/100 tox
|move|p2a: Blissey|Soft-Boiled|p2a: Blissey
|-heal|p2a: Blissey|60/100 tox
|
|-weather|Sandstorm|[upkeep]
|-damage|p1a: Suicune|51/100 tox|[from] Sandstorm
|-damage|p2a: Blissey|54/100 tox|[from] Sandstorm
|-heal|p1a: Suicune|57/100 tox|[from] item: Leftovers
|-damage|p1a: Suicune|38/100 tox|[from] psn
|-heal|p2a: Blissey|60/100 tox|[from] item: Leftovers
|-damage|p2a: Blissey|29/100 tox|[from] psn
|upkeep
|turn|64
|inactive|hitmonYEE has 270 seconds left.
|
|t:|1729909306
|-curestatus|p2a: Blissey|tox|[from] ability: Natural Cure
|switch|p2a: Moltres|Moltres|100/100
|move|p1a: Suicune|Rest|p1a: Suicune
|-status|p1a: Suicune|slp|[from] move: Rest
|-heal|p1a: Suicune|100/100 slp|[silent]
|
|-weather|Sandstorm|[upkeep]
|-damage|p2a: Moltres|94/100|[from] Sandstorm
|-damage|p1a: Suicune|94/100 slp|[from] Sandstorm
|-heal|p2a: Moltres|100/100|[from] item: Leftovers
|-heal|p1a: Suicune|100/100 slp|[from] item: Leftovers
|upkeep
|turn|65
|inactive|tanao has 150 seconds left.
|
|t:|1729909328
|cant|p1a: Suicune|slp
|move|p2a: Moltres|Roar|p1a: Suicune
|drag|p1a: Skarmory|Skarmory, F|60/100
|
|-weather|Sandstorm|[upkeep]
|-damage|p2a: Moltres|94/100|[from] Sandstorm
|-heal|p2a: Moltres|100/100|[from] item: Leftovers
|-heal|p1a: Skarmory|66/100|[from] item: Leftovers
|upkeep
|turn|66
|
|t:|1729909337
|switch|p1a: Blissey|Blissey, F|94/100
|move|p2a: Moltres|Flamethrower|p1a: Blissey
|-damage|p1a: Blissey|73/100
|
|-weather|Sandstorm|[upkeep]
|-damage|p2a: Moltres|94/100|[from] Sandstorm
|-damage|p1a: Blissey|67/100|[from] Sandstorm
|-heal|p2a: Moltres|100/100|[from] item: Leftovers
|-heal|p1a: Blissey|73/100|[from] item: Leftovers
|upkeep
|turn|67
|
|t:|1729909350
|switch|p2a: Blissey|Blissey, F|29/100
|-damage|p2a: Blissey|4/100|[from] Spikes
|move|p1a: Blissey|Thunderbolt|p2a: Blissey
|-damage|p2a: Blissey|0 fnt
|faint|p2a: Blissey
|inactive|tanao has 150 seconds left.
|c|☆tanao|gg
|c|☆hitmonYEE|gg
|c|☆tanao|can i forfeit without leaving the battle lol
|c|☆hitmonYEE|I have no idea
|c|☆hitmonYEE|do you want me to check?
|-message|tanao forfeited.
|
|win|hitmonYEE
|c|☆tanao|there we go
|c|☆hitmonYEE|alr
|c|☆hitmonYEE|gg
|c|☆hitmonYEE|gl game 2
|player|p1|
|c|☆tanao|u2
|player|p2|

</script>
<script type="application/json" class="data" id="replaydata-smogtours-gen3ou-802026">
{"id":"smogtours-gen3ou-802026","format":"[Gen 3] OU","players":["hitmonYEE","tanao"],"uploadtime":1729909386,"views":83,"formatid":"gen3ou","rating":null,"private":0,"password":null}
</script>

<script defer src="js/replays.js?9d40a366"></script>
