<!DOCTYPE html>
<meta charset="utf-8" />
<meta name="viewport" content="width=device-width" />

<title>[Gen 3] OU: catmode vs. please ban rachi - Replays - Pok&eacute;mon Showdown!</title>

<meta name="description" content="Watch a replay of a Pok&eacute;mon battle between catmode and please ban rachi! Format: [Gen 3] OU; Date: Oct 29, 2024" />
<!--

Hey, you! Looking in the source for the replay log?

You can find them in JSON format, just add `.json` at the end of a replay URL.

https://replay.pokemonshowdown.com/gen7randomdoublesbattle-865046831.json

Or, if you only need the log itself, add `.log` instead:

https://replay.pokemonshowdown.com/gen7randomdoublesbattle-865046831.log

-->

<link rel="stylesheet" href="//pokemonshowdown.com/style/global.css?0.023195364461161105" />
<link rel="stylesheet" href="//play.pokemonshowdown.com/style/font-awesome.css?0.13261647063804238" />
<link rel="stylesheet" href="//play.pokemonshowdown.com/style/battle.css?0.8753245789963631" />
<link rel="stylesheet" href="//play.pokemonshowdown.com/style/utilichart.css?0.8627959624976733" />

<!-- Global site tag (gtag.js) - Google Analytics -->
<script async src="https://www.googletagmanager.com/gtag/js?id=UA-26211653-1"></script>
<script>
  window.dataLayer = window.dataLayer || [];
  function gtag(){dataLayer.push(arguments);}
  gtag('js', new Date());

  gtag('config', 'UA-26211653-1');
</script>
<!-- End Google Analytics -->
<!-- Venatus Ad Manager - Install in <HEAD> of page -->
	<script src="https://hb.vntsm.com/v3/live/ad-manager.min.js" type="text/javascript" data-site-id="642aba63ec9a7b11c3c9c1be" data-mode="scan" async></script>
<!-- / Venatus Ad Manager -->

<style>
	@media (max-width:820px) {
		.battle {
			margin: 0 auto;
		}
		.battle-log {
			margin: 7px auto 0;
			max-width: 640px;
			height: 300px;
			position: static;
		}
	}
	.optgroup {
		display: inline-block;
		line-height: 22px;
		font-size: 10pt;
	}
	.optgroup .button {
		height: 25px;
		padding-top: 0;
		padding-bottom: 0;
	}
	.optgroup button.button {
		padding-left: 12px;
		padding-right: 12px;
	}
	.linklist {
		list-style: none;
		margin: 0.5em 0;
		padding: 0;
	}
	.linklist li {
		padding: 2px 0;
	}
	.sidebar {
		float: left;
		width: 320px;
	}
	.bar-wrapper {
		max-width: 1100px;
		margin: 0 auto;
	}
	.bar-wrapper.has-sidebar {
		max-width: 1430px;
	}
	.mainbar {
		margin: 0;
		padding-right: 1px;
	}
	.mainbar.has-sidebar {
		margin-left: 330px;
	}
	@media (min-width: 1511px) {
		.sidebar {
			width: 400px;
		}
		.bar-wrapper.has-sidebar {
			max-width: 1510px;
		}
		.mainbar.has-sidebar {
			margin-left: 410px;
		}
	}
	.section.first-section {
		margin-top: 9px;
	}
	.blocklink small {
		white-space: normal;
	}
	.button {
		vertical-align: middle;
	}
	.replay-controls {
		padding-top: 10px;
	}
	.replay-controls h1 {
		font-size: 16pt;
		font-weight: normal;
		color: #CCC;
	}
	.pagelink {
		text-align: center;
	}
	.pagelink a {
		width: 150px;
	}
	.textbox, .button {
		font-size: 11pt;
		vertical-align: middle;
	}
	@media (max-width: 450px) {
		.button {
			font-size: 9pt;
		}
	}
</style>

<div>

	<header>
		<div class="nav-wrapper"><ul class="nav">
			<li><a class="button nav-first" href="//pokemonshowdown.com/"><img src="//pokemonshowdown.com/images/pokemonshowdownbeta.png" srcset="//pokemonshowdown.com/images/pokemonshowdownbeta.png 1x, //pokemonshowdown.com/images/pokemonshowdownbeta@2x.png 2x" alt="Pok&eacute;mon Showdown" width="146" height="44" /> Home</a></li>
			<li><a class="button" href="//pokemonshowdown.com/dex/">Pok&eacute;dex</a></li>
			<li><a class="button cur" href="/">Replays</a></li>
			<li><a class="button" href="//pokemonshowdown.com/ladder/">Ladder</a></li>
			<li><a class="button nav-last" href="//pokemonshowdown.com/forums/">Forum</a></li>
			<li><a class="button greenbutton nav-first nav-last" href="//play.pokemonshowdown.com/">Play</a></li>
		</ul></div>
	</header>

	<div class="main" id="main">

		<noscript><section class="section">You need to enable JavaScript to use this page; sorry!</section></noscript>

	</div>

</div>

<script defer nomodule src="//play.pokemonshowdown.com/js/lib/ps-polyfill.js"></script>
<script defer src="//play.pokemonshowdown.com/js/lib/preact.min.js"></script>

<script defer src="//play.pokemonshowdown.com/config/config.js?2bddbc15"></script>
<script defer src="//play.pokemonshowdown.com/js/lib/jquery-1.11.0.min.js"></script>
<script defer src="//play.pokemonshowdown.com/js/lib/html-sanitizer-minified.js"></script>
<script defer src="//play.pokemonshowdown.com/js/battle-sound.js"></script>
<script defer src="//play.pokemonshowdown.com/js/battledata.js?0.7209276989879541"></script>
<script defer src="//play.pokemonshowdown.com/data/pokedex-mini.js?0.6111056340867951"></script>
<script defer src="//play.pokemonshowdown.com/data/pokedex-mini-bw.js?0.3532142036491459"></script>
<script defer src="//play.pokemonshowdown.com/data/graphics.js?0.24223875632456182"></script>
<script defer src="//play.pokemonshowdown.com/data/pokedex.js?0.38839984266356864"></script>
<script defer src="//play.pokemonshowdown.com/data/moves.js?0.21866028504024015"></script>
<script defer src="//play.pokemonshowdown.com/data/abilities.js?0.2005157953846628"></script>
<script defer src="//play.pokemonshowdown.com/data/items.js?0.9894211263848525"></script>
<script defer src="//play.pokemonshowdown.com/data/teambuilder-tables.js?0.6008791140282215"></script>
<script defer src="//play.pokemonshowdown.com/js/battle-tooltips.js?0.7580118955022959"></script>
<script defer src="//play.pokemonshowdown.com/js/battle.js?0.6057722274234274"></script>

<script defer src="js/utils.js?e31f9a17"></script>
<script defer src="js/replays-battle.js?7008c182"></script>

<!-- don't scrape this data! just add .json or .log after the URL!
Full API docs: https://github.com/smogon/pokemon-showdown-client/blob/master/WEB-API.md -->
<script type="text/plain" class="log" id="replaylog-smogtours-gen3ou-803192">
|inactive|Battle timer is ON: inactive players will automatically lose when time's up.
|t:|1730159910
|gametype|singles
|player|p1|catmode|miku-ground|
|player|p2|please ban rachi|266|
|teamsize|p1|6
|teamsize|p2|6
|gen|3
|tier|[Gen 3] OU
|rule|Sleep Clause Mod: Limit one foe put to sleep
|rule|Switch Priority Clause Mod: Faster Pokémon switch first
|rule|Species Clause: Limit one of each Pokémon
|rule|OHKO Clause: OHKO moves are banned
|rule|Evasion Items Clause: Evasion items are banned
|rule|Evasion Moves Clause: Evasion moves are banned
|rule|Endless Battle Clause: Forcing endless battles is banned
|rule|HP Percentage Mod: HP is shown in percentages
|rule|One Boost Passer Clause: Limit one Baton Passer that has a way to boost its stats
|rule|Freeze Clause Mod: Limit one foe frozen
|
|t:|1730159910
|start
|switch|p1a: Sorry For|Tyranitar, M, shiny|100/100
|switch|p2a: Glalie|Glalie, M, shiny|100/100
|-weather|Sandstorm|[from] ability: Sand Stream|[of] p1a: Sorry For
|turn|1
|
|t:|1730159919
|-singleturn|p1a: Sorry For|move: Focus Punch
|move|p2a: Glalie|Spikes|p1a: Sorry For
|-sidestart|p1: catmode|Spikes
|move|p1a: Sorry For|Focus Punch|p2a: Glalie
|-supereffective|p2a: Glalie
|-damage|p2a: Glalie|0 fnt
|faint|p2a: Glalie
|
|t:|1730159934
|switch|p2a: Swampert|Swampert, M|100/100
|
|-weather|Sandstorm|[upkeep]
|upkeep
|turn|2
|
|t:|1730159951
|-singleturn|p2a: Swampert|move: Focus Punch
|switch|p1a: Magidragon|Gyarados, M, shiny|100/100
|-ability|p1a: Magidragon|Intimidate|boost
|-unboost|p2a: Swampert|atk|1
|move|p2a: Swampert|Focus Punch|p1a: Magidragon
|-resisted|p1a: Magidragon
|-damage|p1a: Magidragon|86/100
|
|-weather|Sandstorm|[upkeep]
|-damage|p1a: Magidragon|80/100|[from] Sandstorm
|-heal|p1a: Magidragon|86/100|[from] item: Leftovers
|upkeep
|turn|3
|
|t:|1730159965
|switch|p1a: Skarms#1Fan|Magneton, shiny|100/100
|-damage|p1a: Skarms#1Fan|88/100|[from] Spikes
|switch|p2a: Jolteon|Jolteon, M|100/100
|
|-weather|Sandstorm|[upkeep]
|-damage|p2a: Jolteon|95/100|[from] Sandstorm
|-heal|p2a: Jolteon|100/100|[from] item: Leftovers
|upkeep
|turn|4
|
|t:|1730159973
|move|p2a: Jolteon|Baton Pass|p2a: Jolteon
|
|t:|1730159987
|switch|p2a: Tyranitar|Tyranitar, M|100/100|[from] Baton Pass
|move|p1a: Skarms#1Fan|Hidden Power|p2a: Tyranitar
|-supereffective|p2a: Tyranitar
|-damage|p2a: Tyranitar|48/100
|
|-weather|Sandstorm|[upkeep]
|upkeep
|turn|5
|
|t:|1730159995
|move|p2a: Tyranitar|Dragon Dance|p2a: Tyranitar
|-boost|p2a: Tyranitar|atk|1
|-boost|p2a: Tyranitar|spe|1
|move|p1a: Skarms#1Fan|Hidden Power|p2a: Tyranitar
|-supereffective|p2a: Tyranitar
|-damage|p2a: Tyranitar|0 fnt
|faint|p2a: Tyranitar
|
|t:|1730160006
|switch|p2a: Moltres|Moltres|100/100
|
|-weather|Sandstorm|[upkeep]
|-damage|p2a: Moltres|94/100|[from] Sandstorm
|-heal|p2a: Moltres|100/100|[from] item: Leftovers
|upkeep
|turn|6
|
|t:|1730160018
|switch|p1a: Yo Mama|Snorlax, F, shiny|100/100
|-damage|p1a: Yo Mama|88/100|[from] Spikes
|move|p2a: Moltres|Flamethrower|p1a: Yo Mama
|-damage|p1a: Yo Mama|74/100
|
|-weather|Sandstorm|[upkeep]
|-damage|p2a: Moltres|94/100|[from] Sandstorm
|-damage|p1a: Yo Mama|67/100|[from] Sandstorm
|-heal|p2a: Moltres|100/100|[from] item: Leftovers
|-heal|p1a: Yo Mama|74/100|[from] item: Leftovers
|upkeep
|turn|7
|
|t:|1730160025
|move|p2a: Moltres|Will-O-Wisp|p1a: Yo Mama
|-status|p1a: Yo Mama|brn
|move|p1a: Yo Mama|Return|p2a: Moltres
|-damage|p2a: Moltres|75/100
|
|-weather|Sandstorm|[upkeep]
|-damage|p2a: Moltres|69/100|[from] Sandstorm
|-damage|p1a: Yo Mama|67/100 brn|[from] Sandstorm
|-heal|p2a: Moltres|75/100|[from] item: Leftovers
|-heal|p1a: Yo Mama|74/100 brn|[from] item: Leftovers
|-damage|p1a: Yo Mama|61/100 brn|[from] brn
|upkeep
|turn|8
|
|t:|1730160038
|switch|p2a: Gengar|Gengar, M|100/100
|move|p1a: Yo Mama|Rest|p1a: Yo Mama
|-status|p1a: Yo Mama|slp|[from] move: Rest
|-heal|p1a: Yo Mama|100/100 slp|[silent]
|
|-weather|Sandstorm|[upkeep]
|-damage|p2a: Gengar|94/100|[from] Sandstorm
|-damage|p1a: Yo Mama|94/100 slp|[from] Sandstorm
|-heal|p2a: Gengar|100/100|[from] item: Leftovers
|-heal|p1a: Yo Mama|100/100 slp|[from] item: Leftovers
|upkeep
|turn|9
|
|t:|1730160049
|switch|p2a: Swampert|Swampert, M|100/100
|cant|p1a: Yo Mama|slp
|
|-weather|Sandstorm|[upkeep]
|-damage|p1a: Yo Mama|94/100 slp|[from] Sandstorm
|-heal|p1a: Yo Mama|100/100 slp|[from] item: Leftovers
|upkeep
|turn|10
|
|t:|1730160054
|-singleturn|p2a: Swampert|move: Focus Punch
|switch|p1a: Magidragon|Gyarados, M, shiny|86/100
|-ability|p1a: Magidragon|Intimidate|boost
|-unboost|p2a: Swampert|atk|1
|move|p2a: Swampert|Focus Punch|p1a: Magidragon
|-resisted|p1a: Magidragon
|-damage|p1a: Magidragon|72/100
|
|-weather|Sandstorm|[upkeep]
|-damage|p1a: Magidragon|66/100|[from] Sandstorm
|-heal|p1a: Magidragon|72/100|[from] item: Leftovers
|upkeep
|turn|11
|
|t:|1730160063
|move|p1a: Magidragon|Thunder Wave|p2a: Swampert
|-immune|p2a: Swampert
|move|p2a: Swampert|Earthquake|p1a: Magidragon
|-immune|p1a: Magidragon
|
|-weather|Sandstorm|[upkeep]
|-damage|p1a: Magidragon|66/100|[from] Sandstorm
|-heal|p1a: Magidragon|72/100|[from] item: Leftovers
|upkeep
|turn|12
|
|t:|1730160074
|move|p1a: Magidragon|Dragon Dance|p1a: Magidragon
|-boost|p1a: Magidragon|atk|1
|-boost|p1a: Magidragon|spe|1
|move|p2a: Swampert|Ice Beam|p1a: Magidragon
|-damage|p1a: Magidragon|44/100
|
|-weather|Sandstorm|[upkeep]
|-damage|p1a: Magidragon|38/100|[from] Sandstorm
|-heal|p1a: Magidragon|44/100|[from] item: Leftovers
|upkeep
|turn|13
|
|t:|1730160083
|move|p1a: Magidragon|Earthquake|p2a: Swampert
|-damage|p2a: Swampert|45/100
|move|p2a: Swampert|Ice Beam|p1a: Magidragon
|-damage|p1a: Magidragon|18/100
|
|-weather|Sandstorm|[upkeep]
|-damage|p1a: Magidragon|12/100|[from] Sandstorm
|-heal|p1a: Magidragon|18/100|[from] item: Leftovers
|-heal|p2a: Swampert|51/100|[from] item: Leftovers
|upkeep
|turn|14
|
|t:|1730160096
|switch|p2a: Gengar|Gengar, M|100/100
|move|p1a: Magidragon|Hidden Power|p2a: Gengar
|-damage|p2a: Gengar|10/100
|
|-weather|Sandstorm|[upkeep]
|-damage|p1a: Magidragon|12/100|[from] Sandstorm
|-damage|p2a: Gengar|4/100|[from] Sandstorm
|-heal|p1a: Magidragon|18/100|[from] item: Leftovers
|-heal|p2a: Gengar|10/100|[from] item: Leftovers
|upkeep
|turn|15
|
|t:|1730160103
|move|p1a: Magidragon|Hidden Power|p2a: Gengar
|-damage|p2a: Gengar|0 fnt
|faint|p2a: Gengar
|
|t:|1730160104
|switch|p2a: Swampert|Swampert, M|51/100
|
|-weather|Sandstorm|[upkeep]
|-damage|p1a: Magidragon|12/100|[from] Sandstorm
|-heal|p1a: Magidragon|18/100|[from] item: Leftovers
|-heal|p2a: Swampert|57/100|[from] item: Leftovers
|upkeep
|turn|16
|
|t:|1730160109
|move|p1a: Magidragon|Hidden Power|p2a: Swampert
|-damage|p2a: Swampert|0 fnt
|faint|p2a: Swampert
|
|t:|1730160111
|switch|p2a: Jolteon|Jolteon, M|100/100
|
|-weather|Sandstorm|[upkeep]
|-damage|p2a: Jolteon|95/100|[from] Sandstorm
|-damage|p1a: Magidragon|12/100|[from] Sandstorm
|-heal|p2a: Jolteon|100/100|[from] item: Leftovers
|-heal|p1a: Magidragon|18/100|[from] item: Leftovers
|upkeep
|turn|17
|
|t:|1730160114
|move|p2a: Jolteon|Thunderbolt|p1a: Magidragon
|-supereffective|p1a: Magidragon
|-damage|p1a: Magidragon|0 fnt
|faint|p1a: Magidragon
|c|☆please ban rachi|xd
|
|t:|1730160124
|switch|p1a: Skarms#1Fan|Magneton, shiny|88/100
|-damage|p1a: Skarms#1Fan|76/100|[from] Spikes
|
|-weather|Sandstorm|[upkeep]
|-damage|p2a: Jolteon|95/100|[from] Sandstorm
|-heal|p2a: Jolteon|100/100|[from] item: Leftovers
|upkeep
|turn|18
|
|t:|1730160149
|move|p2a: Jolteon|Thunderbolt|p1a: Skarms#1Fan
|-resisted|p1a: Skarms#1Fan
|-damage|p1a: Skarms#1Fan|36/100
|move|p1a: Skarms#1Fan|Substitute|p1a: Skarms#1Fan
|-start|p1a: Skarms#1Fan|Substitute
|-damage|p1a: Skarms#1Fan|11/100
|
|-weather|Sandstorm|[upkeep]
|-damage|p2a: Jolteon|95/100|[from] Sandstorm
|-heal|p2a: Jolteon|100/100|[from] item: Leftovers
|upkeep
|turn|19
|
|t:|1730160160
|move|p2a: Jolteon|Thunderbolt|p1a: Skarms#1Fan
|-resisted|p1a: Skarms#1Fan
|-end|p1a: Skarms#1Fan|Substitute
|move|p1a: Skarms#1Fan|Toxic|p2a: Jolteon
|-status|p2a: Jolteon|tox
|
|-weather|Sandstorm|[upkeep]
|-damage|p2a: Jolteon|95/100 tox|[from] Sandstorm
|-heal|p2a: Jolteon|100/100 tox|[from] item: Leftovers
|-damage|p2a: Jolteon|95/100 tox|[from] psn
|upkeep
|turn|20
|
|t:|1730160166
|move|p2a: Jolteon|Thunderbolt|p1a: Skarms#1Fan
|-resisted|p1a: Skarms#1Fan
|-damage|p1a: Skarms#1Fan|0 fnt
|faint|p1a: Skarms#1Fan
|
|t:|1730160170
|switch|p1a: Sorry For|Tyranitar, M, shiny|100/100
|-damage|p1a: Sorry For|88/100|[from] Spikes
|
|-weather|Sandstorm|[upkeep]
|-damage|p2a: Jolteon|89/100 tox|[from] Sandstorm
|-heal|p2a: Jolteon|95/100 tox|[from] item: Leftovers
|-damage|p2a: Jolteon|83/100 tox|[from] psn
|upkeep
|turn|21
|
|t:|1730160172
|switch|p2a: Moltres|Moltres|75/100
|move|p1a: Sorry For|Rock Slide|p2a: Moltres
|-supereffective|p2a: Moltres
|-damage|p2a: Moltres|0 fnt
|faint|p2a: Moltres
|
|t:|1730160176
|switch|p2a: Jolteon|Jolteon, M|83/100 tox
|
|-weather|Sandstorm|[upkeep]
|-damage|p2a: Jolteon|77/100 tox|[from] Sandstorm
|-heal|p2a: Jolteon|83/100 tox|[from] item: Leftovers
|-damage|p2a: Jolteon|77/100 tox|[from] psn
|upkeep
|turn|22
|
|t:|1730160178
|move|p2a: Jolteon|Thunderbolt|p1a: Sorry For
|-damage|p1a: Sorry For|46/100
|move|p1a: Sorry For|Rock Slide|p2a: Jolteon
|-damage|p2a: Jolteon|0 fnt
|faint|p2a: Jolteon
|
|win|catmode
|player|p2|
|c|☆catmode|ggs

</script>
<script type="application/json" class="data" id="replaydata-smogtours-gen3ou-803192">
{"id":"smogtours-gen3ou-803192","format":"[Gen 3] OU","players":["catmode","please ban rachi"],"uploadtime":1730160178,"views":56,"formatid":"gen3ou","rating":null,"private":0,"password":null}
</script>

<script defer src="js/replays.js?9d40a366"></script>
