<!DOCTYPE html>
<meta charset="utf-8" />
<meta name="viewport" content="width=device-width" />

<title>[Gen 3] OU: a plague doc vs. Cakeconnesseur - Replays - Pok&eacute;mon Showdown!</title>

<meta name="description" content="Watch a replay of a Pok&eacute;mon battle between a plague doc and Cakeconnesseur! Format: [Gen 3] OU; Date: Oct 25, 2024" />
<!--

Hey, you! Looking in the source for the replay log?

You can find them in JSON format, just add `.json` at the end of a replay URL.

https://replay.pokemonshowdown.com/gen7randomdoublesbattle-865046831.json

Or, if you only need the log itself, add `.log` instead:

https://replay.pokemonshowdown.com/gen7randomdoublesbattle-865046831.log

-->

<link rel="stylesheet" href="//pokemonshowdown.com/style/global.css?0.767286132409787" />
<link rel="stylesheet" href="//play.pokemonshowdown.com/style/font-awesome.css?0.9266228007934947" />
<link rel="stylesheet" href="//play.pokemonshowdown.com/style/battle.css?0.7924700842790926" />
<link rel="stylesheet" href="//play.pokemonshowdown.com/style/utilichart.css?0.8777417872839479" />

<!-- Global site tag (gtag.js) - Google Analytics -->
<script async src="https://www.googletagmanager.com/gtag/js?id=UA-26211653-1"></script>
<script>
  window.dataLayer = window.dataLayer || [];
  function gtag(){dataLayer.push(arguments);}
  gtag('js', new Date());

  gtag('config', 'UA-26211653-1');
</script>
<!-- End Google Analytics -->
<!-- Venatus Ad Manager - Install in <HEAD> of page -->
	<script src="https://hb.vntsm.com/v3/live/ad-manager.min.js" type="text/javascript" data-site-id="642aba63ec9a7b11c3c9c1be" data-mode="scan" async></script>
<!-- / Venatus Ad Manager -->

<style>
	@media (max-width:820px) {
		.battle {
			margin: 0 auto;
		}
		.battle-log {
			margin: 7px auto 0;
			max-width: 640px;
			height: 300px;
			position: static;
		}
	}
	.optgroup {
		display: inline-block;
		line-height: 22px;
		font-size: 10pt;
	}
	.optgroup .button {
		height: 25px;
		padding-top: 0;
		padding-bottom: 0;
	}
	.optgroup button.button {
		padding-left: 12px;
		padding-right: 12px;
	}
	.linklist {
		list-style: none;
		margin: 0.5em 0;
		padding: 0;
	}
	.linklist li {
		padding: 2px 0;
	}
	.sidebar {
		float: left;
		width: 320px;
	}
	.bar-wrapper {
		max-width: 1100px;
		margin: 0 auto;
	}
	.bar-wrapper.has-sidebar {
		max-width: 1430px;
	}
	.mainbar {
		margin: 0;
		padding-right: 1px;
	}
	.mainbar.has-sidebar {
		margin-left: 330px;
	}
	@media (min-width: 1511px) {
		.sidebar {
			width: 400px;
		}
		.bar-wrapper.has-sidebar {
			max-width: 1510px;
		}
		.mainbar.has-sidebar {
			margin-left: 410px;
		}
	}
	.section.first-section {
		margin-top: 9px;
	}
	.blocklink small {
		white-space: normal;
	}
	.button {
		vertical-align: middle;
	}
	.replay-controls {
		padding-top: 10px;
	}
	.replay-controls h1 {
		font-size: 16pt;
		font-weight: normal;
		color: #CCC;
	}
	.pagelink {
		text-align: center;
	}
	.pagelink a {
		width: 150px;
	}
	.textbox, .button {
		font-size: 11pt;
		vertical-align: middle;
	}
	@media (max-width: 450px) {
		.button {
			font-size: 9pt;
		}
	}
</style>

<div>

	<header>
		<div class="nav-wrapper"><ul class="nav">
			<li><a class="button nav-first" href="//pokemonshowdown.com/"><img src="//pokemonshowdown.com/images/pokemonshowdownbeta.png" srcset="//pokemonshowdown.com/images/pokemonshowdownbeta.png 1x, //pokemonshowdown.com/images/pokemonshowdownbeta@2x.png 2x" alt="Pok&eacute;mon Showdown" width="146" height="44" /> Home</a></li>
			<li><a class="button" href="//pokemonshowdown.com/dex/">Pok&eacute;dex</a></li>
			<li><a class="button cur" href="/">Replays</a></li>
			<li><a class="button" href="//pokemonshowdown.com/ladder/">Ladder</a></li>
			<li><a class="button nav-last" href="//pokemonshowdown.com/forums/">Forum</a></li>
			<li><a class="button greenbutton nav-first nav-last" href="//play.pokemonshowdown.com/">Play</a></li>
		</ul></div>
	</header>

	<div class="main" id="main">

		<noscript><section class="section">You need to enable JavaScript to use this page; sorry!</section></noscript>

	</div>

</div>

<script defer nomodule src="//play.pokemonshowdown.com/js/lib/ps-polyfill.js"></script>
<script defer src="//play.pokemonshowdown.com/js/lib/preact.min.js"></script>

<script defer src="//play.pokemonshowdown.com/config/config.js?6dec07f6"></script>
<script defer src="//play.pokemonshowdown.com/js/lib/jquery-1.11.0.min.js"></script>
<script defer src="//play.pokemonshowdown.com/js/lib/html-sanitizer-minified.js"></script>
<script defer src="//play.pokemonshowdown.com/js/battle-sound.js"></script>
<script defer src="//play.pokemonshowdown.com/js/battledata.js?0.6315294753075389"></script>
<script defer src="//play.pokemonshowdown.com/data/pokedex-mini.js?0.7603743185311358"></script>
<script defer src="//play.pokemonshowdown.com/data/pokedex-mini-bw.js?0.030888842834281283"></script>
<script defer src="//play.pokemonshowdown.com/data/graphics.js?0.05593094747507488"></script>
<script defer src="//play.pokemonshowdown.com/data/pokedex.js?0.47064822249611904"></script>
<script defer src="//play.pokemonshowdown.com/data/moves.js?0.8583693120512459"></script>
<script defer src="//play.pokemonshowdown.com/data/abilities.js?0.16017181182386842"></script>
<script defer src="//play.pokemonshowdown.com/data/items.js?0.4163379185673943"></script>
<script defer src="//play.pokemonshowdown.com/data/teambuilder-tables.js?0.31075597372830477"></script>
<script defer src="//play.pokemonshowdown.com/js/battle-tooltips.js?0.6536193500708172"></script>
<script defer src="//play.pokemonshowdown.com/js/battle.js?0.1916591943277901"></script>

<script defer src="js/utils.js?e31f9a17"></script>
<script defer src="js/replays-battle.js?7008c182"></script>

<!-- don't scrape this data! just add .json or .log after the URL!
Full API docs: https://github.com/smogon/pokemon-showdown-client/blob/master/WEB-API.md -->
<script type="text/plain" class="log" id="replaylog-smogtours-gen3ou-801920">
|inactive|Battle timer is ON: inactive players will automatically lose when time's up.
|t:|1729888104
|gametype|singles
|player|p1|a plague doc|#agplviblackpink|
|player|p2|Cakeconnesseur|lass-gen7|
|teamsize|p1|6
|teamsize|p2|6
|gen|3
|tier|[Gen 3] OU
|rule|Sleep Clause Mod: Limit one foe put to sleep
|rule|Switch Priority Clause Mod: Faster Pokémon switch first
|rule|Species Clause: Limit one of each Pokémon
|rule|OHKO Clause: OHKO moves are banned
|rule|Evasion Items Clause: Evasion items are banned
|rule|Evasion Moves Clause: Evasion moves are banned
|rule|Endless Battle Clause: Forcing endless battles is banned
|rule|HP Percentage Mod: HP is shown in percentages
|rule|One Boost Passer Clause: Limit one Baton Passer that has a way to boost its stats
|rule|Freeze Clause Mod: Limit one foe frozen
|
|t:|1729888104
|start
|switch|p1a: Zapdos|Zapdos|100/100
|switch|p2a: Zapdos|Zapdos|100/100
|turn|1
|inactive|Cakeconnesseur also wants the timer to be on.
|c|☆a plague doc|hf
|c|☆Cakeconnesseur|hf
|
|t:|1729888131
|move|p2a: Zapdos|Thunder|p1a: Zapdos|[miss]
|-miss|p2a: Zapdos|p1a: Zapdos
|move|p1a: Zapdos|Thunder Wave|p2a: Zapdos
|-status|p2a: Zapdos|par
|
|upkeep
|turn|2
|
|t:|1729888144
|move|p1a: Zapdos|Thunderbolt|p2a: Zapdos
|-damage|p2a: Zapdos|51/100 par
|move|p2a: Zapdos|Thunder|p1a: Zapdos|[miss]
|-miss|p2a: Zapdos|p1a: Zapdos
|
|-heal|p2a: Zapdos|57/100 par|[from] item: Leftovers
|upkeep
|turn|3
|
|t:|1729888148
|move|p2a: Zapdos|Protect|p2a: Zapdos
|-singleturn|p2a: Zapdos|Protect
|move|p1a: Zapdos|Thunderbolt|p2a: Zapdos
|-activate|p2a: Zapdos|Protect
|
|-heal|p2a: Zapdos|63/100 par|[from] item: Leftovers
|upkeep
|turn|4
|
|t:|1729888160
|switch|p2a: Snorlax|Snorlax, F|100/100
|move|p1a: Zapdos|Thunderbolt|p2a: Snorlax
|-damage|p2a: Snorlax|81/100
|
|-heal|p2a: Snorlax|87/100|[from] item: Leftovers
|upkeep
|turn|5
|
|t:|1729888178
|switch|p1a: Metagross|Metagross|100/100
|move|p2a: Snorlax|Return|p1a: Metagross
|-resisted|p1a: Metagross
|-damage|p1a: Metagross|84/100
|
|-heal|p2a: Snorlax|93/100|[from] item: Leftovers
|upkeep
|turn|6
|inactive|Cakeconnesseur has 270 seconds left.
|inactive|a plague doc has 270 seconds left.
|
|t:|1729888228
|switch|p2a: Milotic|Milotic, M|100/100
|move|p1a: Metagross|Meteor Mash|p2a: Milotic
|-resisted|p2a: Milotic
|-damage|p2a: Milotic|70/100
|
|-heal|p2a: Milotic|76/100|[from] item: Leftovers
|upkeep
|turn|7
|inactive|a plague doc has 270 seconds left.
|
|t:|1729888252
|switch|p1a: Zapdos|Zapdos|100/100
|move|p2a: Milotic|Surf|p1a: Zapdos
|-damage|p1a: Zapdos|76/100
|
|-heal|p1a: Zapdos|82/100|[from] item: Leftovers
|-heal|p2a: Milotic|82/100|[from] item: Leftovers
|upkeep
|turn|8
|
|t:|1729888263
|switch|p1a: Tyranitar|Tyranitar, F|100/100
|-weather|Sandstorm|[from] ability: Sand Stream|[of] p1a: Tyranitar
|switch|p2a: Snorlax|Snorlax, F|93/100
|
|-weather|Sandstorm|[upkeep]
|-damage|p2a: Snorlax|87/100|[from] Sandstorm
|-heal|p2a: Snorlax|93/100|[from] item: Leftovers
|upkeep
|turn|9
|
|t:|1729888271
|move|p1a: Tyranitar|Dragon Dance|p1a: Tyranitar
|-boost|p1a: Tyranitar|atk|1
|-boost|p1a: Tyranitar|spe|1
|move|p2a: Snorlax|Curse|p2a: Snorlax
|-unboost|p2a: Snorlax|spe|1
|-boost|p2a: Snorlax|atk|1
|-boost|p2a: Snorlax|def|1
|
|-weather|Sandstorm|[upkeep]
|-damage|p2a: Snorlax|87/100|[from] Sandstorm
|-heal|p2a: Snorlax|93/100|[from] item: Leftovers
|upkeep
|turn|10
|inactive|Cakeconnesseur has 270 seconds left.
|
|t:|1729888287
|move|p1a: Tyranitar|Rock Slide|p2a: Snorlax
|-damage|p2a: Snorlax|63/100
|cant|p2a: Snorlax|flinch
|
|-weather|Sandstorm|[upkeep]
|-damage|p2a: Snorlax|57/100|[from] Sandstorm
|-heal|p2a: Snorlax|63/100|[from] item: Leftovers
|upkeep
|turn|11
|inactive|Cakeconnesseur has 270 seconds left.
|
|t:|1729888304
|move|p1a: Tyranitar|Rock Slide|p2a: Snorlax
|-damage|p2a: Snorlax|30/100
|move|p2a: Snorlax|Hidden Power|p1a: Tyranitar
|-supereffective|p1a: Tyranitar
|-damage|p1a: Tyranitar|54/100
|
|-weather|Sandstorm|[upkeep]
|-damage|p2a: Snorlax|24/100|[from] Sandstorm
|-heal|p1a: Tyranitar|60/100|[from] item: Leftovers
|-heal|p2a: Snorlax|30/100|[from] item: Leftovers
|upkeep
|turn|12
|inactive|Cakeconnesseur has 270 seconds left.
|
|t:|1729888317
|switch|p2a: Claydol|Claydol|100/100
|move|p1a: Tyranitar|Double-Edge|p2a: Claydol
|-damage|p2a: Claydol|30/100
|-damage|p1a: Tyranitar|42/100|[from] Recoil|[of] p2a: Claydol
|
|-weather|Sandstorm|[upkeep]
|-heal|p1a: Tyranitar|48/100|[from] item: Leftovers
|-heal|p2a: Claydol|36/100|[from] item: Leftovers
|upkeep
|turn|13
|inactive|Cakeconnesseur has 270 seconds left.
|
|t:|1729888353
|move|p1a: Tyranitar|Double-Edge|p2a: Claydol
|-damage|p2a: Claydol|0 fnt
|-damage|p1a: Tyranitar|39/100|[from] Recoil|[of] p2a: Claydol
|faint|p2a: Claydol
|
|t:|1729888359
|switch|p2a: Milotic|Milotic, M|82/100
|
|-weather|Sandstorm|[upkeep]
|-damage|p2a: Milotic|76/100|[from] Sandstorm
|-heal|p1a: Tyranitar|45/100|[from] item: Leftovers
|-heal|p2a: Milotic|82/100|[from] item: Leftovers
|upkeep
|turn|14
|
|t:|1729888371
|move|p1a: Tyranitar|Double-Edge|p2a: Milotic
|-damage|p2a: Milotic|39/100
|-damage|p1a: Tyranitar|31/100|[from] Recoil|[of] p2a: Milotic
|move|p2a: Milotic|Surf|p1a: Tyranitar
|-supereffective|p1a: Tyranitar
|-damage|p1a: Tyranitar|0 fnt
|faint|p1a: Tyranitar
|
|t:|1729888379
|switch|p1a: Zapdos|Zapdos|82/100
|
|-weather|Sandstorm|[upkeep]
|-damage|p1a: Zapdos|76/100|[from] Sandstorm
|-damage|p2a: Milotic|32/100|[from] Sandstorm
|-heal|p1a: Zapdos|82/100|[from] item: Leftovers
|-heal|p2a: Milotic|39/100|[from] item: Leftovers
|upkeep
|turn|15
|
|t:|1729888402
|switch|p2a: Zapdos|Zapdos|63/100 par
|move|p1a: Zapdos|Thunderbolt|p2a: Zapdos
|-damage|p2a: Zapdos|17/100 par
|
|-weather|Sandstorm|[upkeep]
|-damage|p1a: Zapdos|76/100|[from] Sandstorm
|-damage|p2a: Zapdos|11/100 par|[from] Sandstorm
|-heal|p1a: Zapdos|82/100|[from] item: Leftovers
|-heal|p2a: Zapdos|17/100 par|[from] item: Leftovers
|upkeep
|turn|16
|
|t:|1729888413
|move|p1a: Zapdos|Thunderbolt|p2a: Zapdos
|-damage|p2a: Zapdos|0 fnt
|faint|p2a: Zapdos
|
|t:|1729888415
|switch|p2a: Snorlax|Snorlax, F|30/100
|
|-weather|Sandstorm|[upkeep]
|-damage|p1a: Zapdos|76/100|[from] Sandstorm
|-damage|p2a: Snorlax|24/100|[from] Sandstorm
|-heal|p1a: Zapdos|82/100|[from] item: Leftovers
|-heal|p2a: Snorlax|30/100|[from] item: Leftovers
|upkeep
|turn|17
|inactive|a plague doc has 270 seconds left.
|
|t:|1729888431
|switch|p1a: Metagross|Metagross|84/100
|move|p2a: Snorlax|Rest|p2a: Snorlax
|-status|p2a: Snorlax|slp|[from] move: Rest
|-heal|p2a: Snorlax|100/100 slp|[silent]
|
|-weather|Sandstorm|[upkeep]
|-damage|p2a: Snorlax|94/100 slp|[from] Sandstorm
|-heal|p2a: Snorlax|100/100 slp|[from] item: Leftovers
|upkeep
|turn|18
|inactive|Cakeconnesseur has 270 seconds left.
|
|t:|1729888451
|switch|p2a: Magneton|Magneton|100/100
|move|p1a: Metagross|Meteor Mash|p2a: Magneton
|-resisted|p2a: Magneton
|-damage|p2a: Magneton|68/100
|-boost|p1a: Metagross|atk|1
|
|-weather|Sandstorm|[upkeep]
|-heal|p2a: Magneton|74/100|[from] item: Leftovers
|upkeep
|turn|19
|inactive|a plague doc has 270 seconds left.
|inactive|Cakeconnesseur has 270 seconds left.
|
|t:|1729888462
|move|p2a: Magneton|Thunderbolt|p1a: Metagross
|-damage|p1a: Metagross|30/100
|move|p1a: Metagross|Meteor Mash|p2a: Magneton|[miss]
|-miss|p1a: Metagross|p2a: Magneton
|
|-weather|Sandstorm|[upkeep]
|-heal|p2a: Magneton|80/100|[from] item: Leftovers
|upkeep
|turn|20
|
|t:|1729888468
|move|p2a: Magneton|Thunderbolt|p1a: Metagross
|-damage|p1a: Metagross|0 fnt
|faint|p1a: Metagross
|inactive|a plague doc has 270 seconds left.
|
|t:|1729888497
|switch|p1a: Jirachi|Jirachi|100/100
|
|-weather|Sandstorm|[upkeep]
|-heal|p2a: Magneton|86/100|[from] item: Leftovers
|upkeep
|turn|21
|inactive|Cakeconnesseur has 270 seconds left.
|inactive|Cakeconnesseur has 240 seconds left.
|
|t:|1729888552
|switch|p2a: Tyranitar|Tyranitar, M|100/100
|move|p1a: Jirachi|Fire Punch|p2a: Tyranitar
|-resisted|p2a: Tyranitar
|-damage|p2a: Tyranitar|91/100
|-status|p2a: Tyranitar|brn
|
|-weather|Sandstorm|[upkeep]
|-heal|p2a: Tyranitar|98/100 brn|[from] item: Leftovers
|-damage|p2a: Tyranitar|85/100 brn|[from] brn
|upkeep
|turn|22
|inactive|Cakeconnesseur has 240 seconds left.
|
|t:|1729888565
|move|p1a: Jirachi|Calm Mind|p1a: Jirachi
|-boost|p1a: Jirachi|spa|1
|-boost|p1a: Jirachi|spd|1
|move|p2a: Tyranitar|Crunch|p1a: Jirachi
|-damage|p1a: Jirachi|77/100
|
|-weather|Sandstorm|[upkeep]
|-heal|p1a: Jirachi|83/100|[from] item: Leftovers
|-heal|p2a: Tyranitar|91/100 brn|[from] item: Leftovers
|-damage|p2a: Tyranitar|79/100 brn|[from] brn
|upkeep
|turn|23
|
|t:|1729888571
|move|p1a: Jirachi|Hidden Power|p2a: Tyranitar
|-supereffective|p2a: Tyranitar
|-damage|p2a: Tyranitar|23/100 brn
|move|p2a: Tyranitar|Crunch|p1a: Jirachi
|-crit|p1a: Jirachi
|-damage|p1a: Jirachi|6/100
|
|-weather|Sandstorm|[upkeep]
|-heal|p1a: Jirachi|12/100|[from] item: Leftovers
|-heal|p2a: Tyranitar|29/100 brn|[from] item: Leftovers
|-damage|p2a: Tyranitar|17/100 brn|[from] brn
|upkeep
|turn|24
|
|t:|1729888583
|move|p1a: Jirachi|Hidden Power|p2a: Tyranitar
|-supereffective|p2a: Tyranitar
|-damage|p2a: Tyranitar|0 fnt
|faint|p2a: Tyranitar
|
|t:|1729888589
|switch|p2a: Snorlax|Snorlax, F|100/100 slp
|
|-weather|Sandstorm|[upkeep]
|-damage|p2a: Snorlax|94/100 slp|[from] Sandstorm
|-heal|p1a: Jirachi|18/100|[from] item: Leftovers
|-heal|p2a: Snorlax|100/100 slp|[from] item: Leftovers
|upkeep
|turn|25
|inactive|a plague doc has 270 seconds left.
|
|t:|1729888595
|move|p1a: Jirachi|Psychic|p2a: Snorlax
|-damage|p2a: Snorlax|72/100 slp
|cant|p2a: Snorlax|slp
|
|-weather|Sandstorm|[upkeep]
|-damage|p2a: Snorlax|66/100 slp|[from] Sandstorm
|-heal|p1a: Jirachi|25/100|[from] item: Leftovers
|-heal|p2a: Snorlax|72/100 slp|[from] item: Leftovers
|upkeep
|turn|26
|
|t:|1729888600
|move|p1a: Jirachi|Psychic|p2a: Snorlax
|-damage|p2a: Snorlax|45/100 slp
|cant|p2a: Snorlax|slp
|
|-weather|Sandstorm|[upkeep]
|-damage|p2a: Snorlax|39/100 slp|[from] Sandstorm
|-heal|p1a: Jirachi|31/100|[from] item: Leftovers
|-heal|p2a: Snorlax|45/100 slp|[from] item: Leftovers
|upkeep
|turn|27
|inactive|Cakeconnesseur has 270 seconds left.
|
|t:|1729888608
|move|p1a: Jirachi|Psychic|p2a: Snorlax
|-damage|p2a: Snorlax|16/100 slp
|-curestatus|p2a: Snorlax|slp|[msg]
|move|p2a: Snorlax|Return|p1a: Jirachi
|-resisted|p1a: Jirachi
|-damage|p1a: Jirachi|12/100
|
|-weather|Sandstorm|[upkeep]
|-damage|p2a: Snorlax|10/100|[from] Sandstorm
|-heal|p1a: Jirachi|18/100|[from] item: Leftovers
|-heal|p2a: Snorlax|16/100|[from] item: Leftovers
|upkeep
|turn|28
|
|t:|1729888615
|move|p1a: Jirachi|Psychic|p2a: Snorlax
|-damage|p2a: Snorlax|0 fnt
|faint|p2a: Snorlax
|
|t:|1729888618
|switch|p2a: Magneton|Magneton|86/100
|
|-weather|Sandstorm|[upkeep]
|-heal|p1a: Jirachi|24/100|[from] item: Leftovers
|-heal|p2a: Magneton|93/100|[from] item: Leftovers
|upkeep
|turn|29
|
|t:|1729888621
|move|p1a: Jirachi|Fire Punch|p2a: Magneton
|-supereffective|p2a: Magneton
|-damage|p2a: Magneton|0 fnt
|faint|p2a: Magneton
|
|t:|1729888623
|switch|p2a: Milotic|Milotic, M|39/100
|
|-weather|Sandstorm|[upkeep]
|-damage|p2a: Milotic|32/100|[from] Sandstorm
|-heal|p1a: Jirachi|30/100|[from] item: Leftovers
|-heal|p2a: Milotic|39/100|[from] item: Leftovers
|upkeep
|turn|30
|c|☆a plague doc|gg
|c|☆Cakeconnesseur|gg
|
|t:|1729888632
|move|p1a: Jirachi|Hidden Power|p2a: Milotic
|-supereffective|p2a: Milotic
|-damage|p2a: Milotic|0 fnt
|faint|p2a: Milotic
|
|win|a plague doc

</script>
<script type="application/json" class="data" id="replaydata-smogtours-gen3ou-801920">
{"id":"smogtours-gen3ou-801920","format":"[Gen 3] OU","players":["a plague doc","Cakeconnesseur"],"uploadtime":1729888632,"views":101,"formatid":"gen3ou","rating":null,"private":0,"password":null}
</script>

<script defer src="js/replays.js?9d40a366"></script>
