<!DOCTYPE html>
<meta charset="utf-8" />
<meta name="viewport" content="width=device-width" />

<title>[Gen 3] OU: lunasran vs. Ivoire - Replays - Pok&eacute;mon Showdown!</title>

<meta name="description" content="Watch a replay of a Pok&eacute;mon battle between lunasran and Ivoire! Format: [Gen 3] OU; Date: Oct 30, 2024" />
<!--

Hey, you! Looking in the source for the replay log?

You can find them in JSON format, just add `.json` at the end of a replay URL.

https://replay.pokemonshowdown.com/gen7randomdoublesbattle-865046831.json

Or, if you only need the log itself, add `.log` instead:

https://replay.pokemonshowdown.com/gen7randomdoublesbattle-865046831.log

-->

<link rel="stylesheet" href="//pokemonshowdown.com/style/global.css?0.023195364461161105" />
<link rel="stylesheet" href="//play.pokemonshowdown.com/style/font-awesome.css?0.13261647063804238" />
<link rel="stylesheet" href="//play.pokemonshowdown.com/style/battle.css?0.8753245789963631" />
<link rel="stylesheet" href="//play.pokemonshowdown.com/style/utilichart.css?0.8627959624976733" />

<!-- Global site tag (gtag.js) - Google Analytics -->
<script async src="https://www.googletagmanager.com/gtag/js?id=UA-26211653-1"></script>
<script>
  window.dataLayer = window.dataLayer || [];
  function gtag(){dataLayer.push(arguments);}
  gtag('js', new Date());

  gtag('config', 'UA-26211653-1');
</script>
<!-- End Google Analytics -->
<!-- Venatus Ad Manager - Install in <HEAD> of page -->
	<script src="https://hb.vntsm.com/v3/live/ad-manager.min.js" type="text/javascript" data-site-id="642aba63ec9a7b11c3c9c1be" data-mode="scan" async></script>
<!-- / Venatus Ad Manager -->

<style>
	@media (max-width:820px) {
		.battle {
			margin: 0 auto;
		}
		.battle-log {
			margin: 7px auto 0;
			max-width: 640px;
			height: 300px;
			position: static;
		}
	}
	.optgroup {
		display: inline-block;
		line-height: 22px;
		font-size: 10pt;
	}
	.optgroup .button {
		height: 25px;
		padding-top: 0;
		padding-bottom: 0;
	}
	.optgroup button.button {
		padding-left: 12px;
		padding-right: 12px;
	}
	.linklist {
		list-style: none;
		margin: 0.5em 0;
		padding: 0;
	}
	.linklist li {
		padding: 2px 0;
	}
	.sidebar {
		float: left;
		width: 320px;
	}
	.bar-wrapper {
		max-width: 1100px;
		margin: 0 auto;
	}
	.bar-wrapper.has-sidebar {
		max-width: 1430px;
	}
	.mainbar {
		margin: 0;
		padding-right: 1px;
	}
	.mainbar.has-sidebar {
		margin-left: 330px;
	}
	@media (min-width: 1511px) {
		.sidebar {
			width: 400px;
		}
		.bar-wrapper.has-sidebar {
			max-width: 1510px;
		}
		.mainbar.has-sidebar {
			margin-left: 410px;
		}
	}
	.section.first-section {
		margin-top: 9px;
	}
	.blocklink small {
		white-space: normal;
	}
	.button {
		vertical-align: middle;
	}
	.replay-controls {
		padding-top: 10px;
	}
	.replay-controls h1 {
		font-size: 16pt;
		font-weight: normal;
		color: #CCC;
	}
	.pagelink {
		text-align: center;
	}
	.pagelink a {
		width: 150px;
	}
	.textbox, .button {
		font-size: 11pt;
		vertical-align: middle;
	}
	@media (max-width: 450px) {
		.button {
			font-size: 9pt;
		}
	}
</style>

<div>

	<header>
		<div class="nav-wrapper"><ul class="nav">
			<li><a class="button nav-first" href="//pokemonshowdown.com/"><img src="//pokemonshowdown.com/images/pokemonshowdownbeta.png" srcset="//pokemonshowdown.com/images/pokemonshowdownbeta.png 1x, //pokemonshowdown.com/images/pokemonshowdownbeta@2x.png 2x" alt="Pok&eacute;mon Showdown" width="146" height="44" /> Home</a></li>
			<li><a class="button" href="//pokemonshowdown.com/dex/">Pok&eacute;dex</a></li>
			<li><a class="button cur" href="/">Replays</a></li>
			<li><a class="button" href="//pokemonshowdown.com/ladder/">Ladder</a></li>
			<li><a class="button nav-last" href="//pokemonshowdown.com/forums/">Forum</a></li>
			<li><a class="button greenbutton nav-first nav-last" href="//play.pokemonshowdown.com/">Play</a></li>
		</ul></div>
	</header>

	<div class="main" id="main">

		<noscript><section class="section">You need to enable JavaScript to use this page; sorry!</section></noscript>

	</div>

</div>

<script defer nomodule src="//play.pokemonshowdown.com/js/lib/ps-polyfill.js"></script>
<script defer src="//play.pokemonshowdown.com/js/lib/preact.min.js"></script>

<script defer src="//play.pokemonshowdown.com/config/config.js?2bddbc15"></script>
<script defer src="//play.pokemonshowdown.com/js/lib/jquery-1.11.0.min.js"></script>
<script defer src="//play.pokemonshowdown.com/js/lib/html-sanitizer-minified.js"></script>
<script defer src="//play.pokemonshowdown.com/js/battle-sound.js"></script>
<script defer src="//play.pokemonshowdown.com/js/battledata.js?0.7209276989879541"></script>
<script defer src="//play.pokemonshowdown.com/data/pokedex-mini.js?0.6111056340867951"></script>
<script defer src="//play.pokemonshowdown.com/data/pokedex-mini-bw.js?0.3532142036491459"></script>
<script defer src="//play.pokemonshowdown.com/data/graphics.js?0.24223875632456182"></script>
<script defer src="//play.pokemonshowdown.com/data/pokedex.js?0.38839984266356864"></script>
<script defer src="//play.pokemonshowdown.com/data/moves.js?0.21866028504024015"></script>
<script defer src="//play.pokemonshowdown.com/data/abilities.js?0.2005157953846628"></script>
<script defer src="//play.pokemonshowdown.com/data/items.js?0.9894211263848525"></script>
<script defer src="//play.pokemonshowdown.com/data/teambuilder-tables.js?0.6008791140282215"></script>
<script defer src="//play.pokemonshowdown.com/js/battle-tooltips.js?0.7580118955022959"></script>
<script defer src="//play.pokemonshowdown.com/js/battle.js?0.6057722274234274"></script>

<script defer src="js/utils.js?e31f9a17"></script>
<script defer src="js/replays-battle.js?7008c182"></script>

<!-- don't scrape this data! just add .json or .log after the URL!
Full API docs: https://github.com/smogon/pokemon-showdown-client/blob/master/WEB-API.md -->
<script type="text/plain" class="log" id="replaylog-smogtours-gen3ou-803438">
|inactive|Battle timer is ON: inactive players will automatically lose when time's up.
|t:|1730309543
|gametype|singles
|player|p1|lunasran|erika|
|player|p2|Ivoire|volkner-masters|
|teamsize|p1|6
|teamsize|p2|6
|gen|3
|tier|[Gen 3] OU
|rule|Sleep Clause Mod: Limit one foe put to sleep
|rule|Switch Priority Clause Mod: Faster Pokémon switch first
|rule|Species Clause: Limit one of each Pokémon
|rule|OHKO Clause: OHKO moves are banned
|rule|Evasion Items Clause: Evasion items are banned
|rule|Evasion Moves Clause: Evasion moves are banned
|rule|Endless Battle Clause: Forcing endless battles is banned
|rule|HP Percentage Mod: HP is shown in percentages
|rule|One Boost Passer Clause: Limit one Baton Passer that has a way to boost its stats
|rule|Freeze Clause Mod: Limit one foe frozen
|
|t:|1730309543
|start
|switch|p1a: Twizzy|Breloom, M, shiny|100/100
|switch|p2a: Skarmory|Skarmory, M|100/100
|turn|1
|c|☆Ivoire|hf
|c|☆lunasran|glhf
|
|t:|1730309558
|-singleturn|p1a: Twizzy|move: Focus Punch
|move|p2a: Skarmory|Drill Peck|p1a: Twizzy
|-supereffective|p1a: Twizzy
|-crit|p1a: Twizzy
|-damage|p1a: Twizzy|0 fnt
|faint|p1a: Twizzy
|
|t:|1730309568
|switch|p1a: Flex|Zapdos|100/100
|
|upkeep
|turn|2
|inactive|Ivoire has 270 seconds left.
|inactive|Ivoire has 240 seconds left.
|
|t:|1730309628
|switch|p2a: Blissey|Blissey, F|100/100
|move|p1a: Flex|Thunder Wave|p2a: Blissey
|-status|p2a: Blissey|par
|
|upkeep
|turn|3
|
|t:|1730309638
|switch|p1a: Dusty|Snorlax, F, shiny|100/100
|cant|p2a: Blissey|par
|
|upkeep
|turn|4
|
|t:|1730309643
|-curestatus|p2a: Blissey|par|[from] ability: Natural Cure
|switch|p2a: Skarmory|Skarmory, M|100/100
|move|p1a: Dusty|Curse|p1a: Dusty
|-unboost|p1a: Dusty|spe|1
|-boost|p1a: Dusty|atk|1
|-boost|p1a: Dusty|def|1
|
|upkeep
|turn|5
|
|t:|1730309652
|move|p2a: Skarmory|Spikes|p1a: Dusty
|-sidestart|p1: lunasran|Spikes
|move|p1a: Dusty|Body Slam|p2a: Skarmory
|-resisted|p2a: Skarmory
|-damage|p2a: Skarmory|81/100
|
|-heal|p2a: Skarmory|87/100|[from] item: Leftovers
|upkeep
|turn|6
|
|t:|1730309664
|move|p2a: Skarmory|Spikes|p1a: Dusty
|-sidestart|p1: lunasran|Spikes
|move|p1a: Dusty|Curse|p1a: Dusty
|-unboost|p1a: Dusty|spe|1
|-boost|p1a: Dusty|atk|1
|-boost|p1a: Dusty|def|1
|
|-heal|p2a: Skarmory|93/100|[from] item: Leftovers
|upkeep
|turn|7
|
|t:|1730309683
|move|p2a: Skarmory|Spikes|p1a: Dusty
|-sidestart|p1: lunasran|Spikes
|move|p1a: Dusty|Body Slam|p2a: Skarmory
|-resisted|p2a: Skarmory
|-damage|p2a: Skarmory|65/100
|
|-heal|p2a: Skarmory|71/100|[from] item: Leftovers
|upkeep
|turn|8
|
|t:|1730309689
|move|p1a: Dusty|Body Slam|p2a: Skarmory
|-resisted|p2a: Skarmory
|-damage|p2a: Skarmory|45/100
|-status|p2a: Skarmory|par
|move|p2a: Skarmory|Roar|p1a: Dusty
|drag|p1a: Andy|Aerodactyl, F, shiny|100/100
|
|-heal|p2a: Skarmory|51/100 par|[from] item: Leftovers
|upkeep
|turn|9
|
|t:|1730309705
|switch|p2a: Swampert|Swampert, M|100/100
|move|p1a: Andy|Rock Slide|p2a: Swampert
|-resisted|p2a: Swampert
|-damage|p2a: Swampert|85/100
|
|-heal|p2a: Swampert|91/100|[from] item: Leftovers
|upkeep
|turn|10
|inactive|lunasran has 270 seconds left.
|
|t:|1730309737
|switch|p1a: Flex|Zapdos|100/100
|switch|p2a: Celebi|Celebi|100/100
|
|upkeep
|turn|11
|inactive|lunasran has 270 seconds left.
|
|t:|1730309756
|switch|p1a: Andy|Aerodactyl, F, shiny|100/100
|move|p2a: Celebi|Leech Seed|p1a: Andy
|-start|p1a: Andy|move: Leech Seed
|
|-damage|p1a: Andy|88/100|[from] Leech Seed|[of] p2a: Celebi
|upkeep
|turn|12
|
|t:|1730309784
|switch|p2a: Skarmory|Skarmory, M|51/100 par
|move|p1a: Andy|Double-Edge|p2a: Skarmory
|-resisted|p2a: Skarmory
|-damage|p2a: Skarmory|32/100 par
|
|-damage|p1a: Andy|76/100|[from] Leech Seed|[of] p2a: Skarmory
|-heal|p2a: Skarmory|43/100 par|[silent]
|-heal|p2a: Skarmory|49/100 par|[from] item: Leftovers
|upkeep
|turn|13
|
|t:|1730309791
|switch|p1a: Flex|Zapdos|100/100
|move|p2a: Skarmory|Roar|p1a: Flex
|drag|p1a: Dusty|Snorlax, F, shiny|100/100
|-damage|p1a: Dusty|75/100|[from] Spikes
|
|-heal|p1a: Dusty|82/100|[from] item: Leftovers
|-heal|p2a: Skarmory|55/100 par|[from] item: Leftovers
|upkeep
|turn|14
|
|t:|1730309804
|move|p1a: Dusty|Body Slam|p2a: Skarmory
|-resisted|p2a: Skarmory
|-damage|p2a: Skarmory|42/100 par
|move|p2a: Skarmory|Drill Peck|p1a: Dusty
|-crit|p1a: Dusty
|-damage|p1a: Dusty|46/100
|
|-heal|p1a: Dusty|52/100|[from] item: Leftovers
|-heal|p2a: Skarmory|48/100 par|[from] item: Leftovers
|upkeep
|turn|15
|
|t:|1730309812
|move|p1a: Dusty|Body Slam|p2a: Skarmory
|-resisted|p2a: Skarmory
|-damage|p2a: Skarmory|36/100 par
|move|p2a: Skarmory|Roar|p1a: Dusty
|drag|p1a: Flex|Zapdos|100/100
|
|-heal|p2a: Skarmory|42/100 par|[from] item: Leftovers
|upkeep
|turn|16
|
|t:|1730309831
|switch|p2a: Blissey|Blissey, F|100/100
|move|p1a: Flex|Thunder Wave|p2a: Blissey
|-status|p2a: Blissey|par
|
|upkeep
|turn|17
|inactive|lunasran has 240 seconds left.
|
|t:|1730309854
|move|p1a: Flex|Thunderbolt|p2a: Blissey
|-damage|p2a: Blissey|82/100 par
|move|p2a: Blissey|Thunder Wave|p1a: Flex
|-status|p1a: Flex|par
|
|-heal|p2a: Blissey|88/100 par|[from] item: Leftovers
|upkeep
|turn|18
|
|t:|1730309863
|-curestatus|p2a: Blissey|par|[from] ability: Natural Cure
|switch|p2a: Celebi|Celebi|100/100
|move|p1a: Flex|Thunderbolt|p2a: Celebi
|-resisted|p2a: Celebi
|-damage|p2a: Celebi|82/100
|-status|p2a: Celebi|par
|
|-heal|p2a: Celebi|88/100 par|[from] item: Leftovers
|upkeep
|turn|19
|inactive|lunasran has 240 seconds left.
|
|t:|1730309884
|switch|p1a: Jinx|Jirachi|100/100
|-damage|p1a: Jinx|75/100|[from] Spikes
|-curestatus|p2a: Celebi|par|[from] ability: Natural Cure
|switch|p2a: Blissey|Blissey, F|88/100
|
|-heal|p1a: Jinx|82/100|[from] item: Leftovers
|-heal|p2a: Blissey|94/100|[from] item: Leftovers
|upkeep
|turn|20
|inactive|lunasran has 240 seconds left.
|
|t:|1730309892
|move|p1a: Jinx|Wish|p1a: Jinx
|move|p2a: Blissey|Thunder Wave|p1a: Jinx
|-status|p1a: Jinx|par
|
|-heal|p2a: Blissey|100/100|[from] item: Leftovers
|-heal|p1a: Jinx|88/100 par|[from] item: Leftovers
|upkeep
|turn|21
|
|t:|1730309900
|move|p2a: Blissey|Aromatherapy|p2a: Blissey
|-cureteam|p2a: Blissey|[from] move: Aromatherapy
|cant|p1a: Jinx|par
|
|-heal|p1a: Jinx|100/100 par|[from] move: Wish|[wisher] Jinx
|upkeep
|turn|22
|
|t:|1730309907
|switch|p2a: Swampert|Swampert, M|91/100
|move|p1a: Jinx|Calm Mind|p1a: Jinx
|-boost|p1a: Jinx|spa|1
|-boost|p1a: Jinx|spd|1
|
|-heal|p2a: Swampert|97/100|[from] item: Leftovers
|upkeep
|turn|23
|inactive|lunasran has 240 seconds left.
|
|t:|1730309932
|move|p2a: Swampert|Earthquake|p1a: Jinx
|-supereffective|p1a: Jinx
|-damage|p1a: Jinx|45/100 par
|cant|p1a: Jinx|par
|
|-heal|p2a: Swampert|100/100|[from] item: Leftovers
|-heal|p1a: Jinx|51/100 par|[from] item: Leftovers
|upkeep
|turn|24
|inactive|lunasran has 240 seconds left.
|inactive|lunasran has 210 seconds left.
|
|t:|1730309974
|switch|p1a: Andy|Aerodactyl, F, shiny|76/100
|move|p2a: Swampert|Earthquake|p1a: Andy
|-immune|p1a: Andy
|
|upkeep
|turn|25
|inactive|lunasran has 210 seconds left.
|inactive|Ivoire has 270 seconds left.
|
|t:|1730310005
|move|p1a: Andy|Rock Slide|p2a: Swampert
|-resisted|p2a: Swampert
|-damage|p2a: Swampert|85/100
|move|p2a: Swampert|Ice Beam|p1a: Andy
|-supereffective|p1a: Andy
|-damage|p1a: Andy|20/100
|
|-heal|p2a: Swampert|91/100|[from] item: Leftovers
|upkeep
|turn|26
|inactive|lunasran has 210 seconds left.
|
|t:|1730310019
|move|p1a: Andy|Rock Slide|p2a: Swampert
|-resisted|p2a: Swampert
|-damage|p2a: Swampert|76/100
|move|p2a: Swampert|Ice Beam|p1a: Andy
|-supereffective|p1a: Andy
|-damage|p1a: Andy|0 fnt
|faint|p1a: Andy
|
|t:|1730310028
|switch|p1a: Dusty|Snorlax, F, shiny|52/100
|-damage|p1a: Dusty|27/100|[from] Spikes
|
|-heal|p2a: Swampert|82/100|[from] item: Leftovers
|-heal|p1a: Dusty|33/100|[from] item: Leftovers
|upkeep
|turn|27
|inactive|lunasran has 210 seconds left.
|
|t:|1730310043
|switch|p2a: Skarmory|Skarmory, M|42/100
|move|p1a: Dusty|Rest|p1a: Dusty
|-status|p1a: Dusty|slp|[from] move: Rest
|-heal|p1a: Dusty|100/100 slp|[silent]
|
|-heal|p2a: Skarmory|48/100|[from] item: Leftovers
|upkeep
|turn|28
|
|t:|1730310053
|move|p2a: Skarmory|Drill Peck|p1a: Dusty
|-damage|p1a: Dusty|83/100 slp
|cant|p1a: Dusty|slp
|move|p1a: Dusty|Sleep Talk|p1a: Dusty
|move|p1a: Dusty|Rest|p1a: Dusty|[from]Sleep Talk
|
|-heal|p2a: Skarmory|54/100|[from] item: Leftovers
|-heal|p1a: Dusty|89/100 slp|[from] item: Leftovers
|upkeep
|turn|29
|
|t:|1730310065
|cant|p1a: Dusty|slp
|move|p1a: Dusty|Sleep Talk|p1a: Dusty
|move|p1a: Dusty|Body Slam|p2a: Skarmory|[from]Sleep Talk
|-resisted|p2a: Skarmory
|-damage|p2a: Skarmory|41/100
|move|p2a: Skarmory|Roar|p1a: Dusty
|drag|p1a: Senkko|Suicune|100/100
|-damage|p1a: Senkko|75/100|[from] Spikes
|
|-heal|p1a: Senkko|82/100|[from] item: Leftovers
|-heal|p2a: Skarmory|47/100|[from] item: Leftovers
|upkeep
|turn|30
|inactive|lunasran has 210 seconds left.
|
|t:|1730310092
|switch|p2a: Blissey|Blissey, F|100/100
|move|p1a: Senkko|Ice Beam|p2a: Blissey
|-damage|p2a: Blissey|90/100
|
|-heal|p1a: Senkko|88/100|[from] item: Leftovers
|-heal|p2a: Blissey|96/100|[from] item: Leftovers
|upkeep
|turn|31
|
|t:|1730310112
|move|p1a: Senkko|Calm Mind|p1a: Senkko
|-boost|p1a: Senkko|spa|1
|-boost|p1a: Senkko|spd|1
|move|p2a: Blissey|Seismic Toss|p1a: Senkko
|-damage|p1a: Senkko|59/100
|
|-heal|p1a: Senkko|65/100|[from] item: Leftovers
|-heal|p2a: Blissey|100/100|[from] item: Leftovers
|upkeep
|turn|32
|
|t:|1730310120
|move|p1a: Senkko|Calm Mind|p1a: Senkko
|-boost|p1a: Senkko|spa|1
|-boost|p1a: Senkko|spd|1
|move|p2a: Blissey|Thunder Wave|p1a: Senkko
|-status|p1a: Senkko|par
|
|-heal|p1a: Senkko|71/100 par|[from] item: Leftovers
|upkeep
|turn|33
|
|t:|1730310131
|move|p2a: Blissey|Seismic Toss|p1a: Senkko
|-damage|p1a: Senkko|42/100 par
|move|p1a: Senkko|Calm Mind|p1a: Senkko
|-boost|p1a: Senkko|spa|1
|-boost|p1a: Senkko|spd|1
|
|-heal|p1a: Senkko|48/100 par|[from] item: Leftovers
|upkeep
|turn|34
|
|t:|1730310135
|move|p2a: Blissey|Seismic Toss|p1a: Senkko
|-damage|p1a: Senkko|19/100 par
|move|p1a: Senkko|Surf|p2a: Blissey
|-damage|p2a: Blissey|62/100
|
|-heal|p2a: Blissey|68/100|[from] item: Leftovers
|-heal|p1a: Senkko|25/100 par|[from] item: Leftovers
|upkeep
|turn|35
|inactive|lunasran has 210 seconds left.
|
|t:|1730310144
|move|p2a: Blissey|Seismic Toss|p1a: Senkko
|-damage|p1a: Senkko|0 fnt
|faint|p1a: Senkko
|
|t:|1730310148
|switch|p1a: Dusty|Snorlax, F, shiny|89/100 slp
|-damage|p1a: Dusty|64/100 slp|[from] Spikes
|
|-heal|p2a: Blissey|74/100|[from] item: Leftovers
|-heal|p1a: Dusty|70/100 slp|[from] item: Leftovers
|upkeep
|turn|36
|
|t:|1730310160
|switch|p2a: Magneton|Magneton|100/100
|cant|p1a: Dusty|slp
|move|p1a: Dusty|Sleep Talk|p1a: Dusty
|move|p1a: Dusty|Body Slam|p2a: Magneton|[from]Sleep Talk
|-resisted|p2a: Magneton
|-damage|p2a: Magneton|75/100
|-status|p2a: Magneton|par
|
|-heal|p1a: Dusty|76/100 slp|[from] item: Leftovers
|upkeep
|turn|37
|
|t:|1730310172
|cant|p1a: Dusty|slp
|move|p1a: Dusty|Sleep Talk|p1a: Dusty
|move|p1a: Dusty|Body Slam|p2a: Magneton|[from]Sleep Talk
|-resisted|p2a: Magneton
|-damage|p2a: Magneton|52/100 par
|move|p2a: Magneton|Thunderbolt|p1a: Dusty
|-damage|p1a: Dusty|44/100 slp
|
|-heal|p1a: Dusty|50/100 slp|[from] item: Leftovers
|upkeep
|turn|38
|
|t:|1730310187
|switch|p2a: Skarmory|Skarmory, M|47/100
|-curestatus|p1a: Dusty|slp|[msg]
|move|p1a: Dusty|Rest|p1a: Dusty
|-status|p1a: Dusty|slp|[from] move: Rest
|-heal|p1a: Dusty|100/100 slp|[silent]
|
|-heal|p2a: Skarmory|53/100|[from] item: Leftovers
|upkeep
|turn|39
|
|t:|1730310200
|move|p2a: Skarmory|Drill Peck|p1a: Dusty
|-damage|p1a: Dusty|83/100 slp
|cant|p1a: Dusty|slp
|move|p1a: Dusty|Sleep Talk|p1a: Dusty
|move|p1a: Dusty|Body Slam|p2a: Skarmory|[from]Sleep Talk
|-resisted|p2a: Skarmory
|-damage|p2a: Skarmory|41/100
|
|-heal|p2a: Skarmory|47/100|[from] item: Leftovers
|-heal|p1a: Dusty|89/100 slp|[from] item: Leftovers
|upkeep
|turn|40
|inactive|lunasran has 210 seconds left.
|
|t:|1730310215
|cant|p1a: Dusty|slp
|move|p1a: Dusty|Sleep Talk|p1a: Dusty
|move|p1a: Dusty|Rest|p1a: Dusty|[from]Sleep Talk
|move|p2a: Skarmory|Roar|p1a: Dusty
|drag|p1a: Jinx|Jirachi|51/100 par
|-damage|p1a: Jinx|26/100 par|[from] Spikes
|
|-heal|p2a: Skarmory|53/100|[from] item: Leftovers
|-heal|p1a: Jinx|32/100 par|[from] item: Leftovers
|upkeep
|turn|41
|inactive|lunasran has 210 seconds left.
|
|t:|1730310231
|switch|p2a: Swampert|Swampert, M|82/100
|move|p1a: Jinx|Thunderbolt|p2a: Swampert
|-immune|p2a: Swampert
|
|-heal|p2a: Swampert|88/100|[from] item: Leftovers
|-heal|p1a: Jinx|38/100 par|[from] item: Leftovers
|upkeep
|turn|42
|inactive|lunasran has 210 seconds left.
|
|t:|1730310239
|switch|p1a: Flex|Zapdos|100/100 par
|move|p2a: Swampert|Earthquake|p1a: Flex
|-immune|p1a: Flex
|
|-heal|p2a: Swampert|95/100|[from] item: Leftovers
|upkeep
|turn|43
|inactive|lunasran has 210 seconds left.
|
|t:|1730310250
|switch|p2a: Celebi|Celebi|88/100
|move|p1a: Flex|Substitute|p1a: Flex
|-start|p1a: Flex|Substitute
|-damage|p1a: Flex|76/100 par
|
|-heal|p2a: Celebi|94/100|[from] item: Leftovers
|-heal|p1a: Flex|82/100 par|[from] item: Leftovers
|upkeep
|turn|44
|
|t:|1730310257
|switch|p2a: Blissey|Blissey, F|74/100
|move|p1a: Flex|Thunder Wave|p2a: Blissey
|-status|p2a: Blissey|par
|
|-heal|p1a: Flex|88/100 par|[from] item: Leftovers
|-heal|p2a: Blissey|80/100 par|[from] item: Leftovers
|upkeep
|turn|45
|inactive|lunasran has 210 seconds left.
|
|t:|1730310280
|move|p1a: Flex|Thunderbolt|p2a: Blissey
|-damage|p2a: Blissey|62/100 par
|move|p2a: Blissey|Aromatherapy|p2a: Blissey
|-cureteam|p2a: Blissey|[from] move: Aromatherapy
|
|-heal|p2a: Blissey|68/100|[from] item: Leftovers
|-heal|p1a: Flex|94/100 par|[from] item: Leftovers
|upkeep
|turn|46
|inactive|lunasran has 210 seconds left.
|
|t:|1730310288
|move|p2a: Blissey|Seismic Toss|p1a: Flex
|-end|p1a: Flex|Substitute
|move|p1a: Flex|Thunderbolt|p2a: Blissey
|-damage|p2a: Blissey|48/100
|
|-heal|p2a: Blissey|54/100|[from] item: Leftovers
|-heal|p1a: Flex|100/100 par|[from] item: Leftovers
|upkeep
|turn|47
|
|t:|1730310294
|move|p2a: Blissey|Seismic Toss|p1a: Flex
|-damage|p1a: Flex|69/100 par
|move|p1a: Flex|Thunderbolt|p2a: Blissey
|-damage|p2a: Blissey|36/100
|
|-heal|p2a: Blissey|43/100|[from] item: Leftovers
|-heal|p1a: Flex|76/100 par|[from] item: Leftovers
|upkeep
|turn|48
|
|t:|1730310313
|switch|p1a: Dusty|Snorlax, F, shiny|89/100 slp
|-damage|p1a: Dusty|64/100 slp|[from] Spikes
|move|p2a: Blissey|Soft-Boiled|p2a: Blissey
|-heal|p2a: Blissey|93/100
|
|-heal|p2a: Blissey|99/100|[from] item: Leftovers
|-heal|p1a: Dusty|70/100 slp|[from] item: Leftovers
|upkeep
|turn|49
|
|t:|1730310320
|switch|p2a: Skarmory|Skarmory, M|53/100
|cant|p1a: Dusty|slp
|move|p1a: Dusty|Sleep Talk|p1a: Dusty
|move|p1a: Dusty|Body Slam|p2a: Skarmory|[from]Sleep Talk
|-resisted|p2a: Skarmory
|-damage|p2a: Skarmory|40/100
|-status|p2a: Skarmory|par
|
|-heal|p1a: Dusty|76/100 slp|[from] item: Leftovers
|-heal|p2a: Skarmory|46/100 par|[from] item: Leftovers
|upkeep
|turn|50
|
|t:|1730310332
|cant|p1a: Dusty|slp
|move|p1a: Dusty|Sleep Talk|p1a: Dusty
|move|p1a: Dusty|Body Slam|p2a: Skarmory|[from]Sleep Talk
|-resisted|p2a: Skarmory
|-damage|p2a: Skarmory|34/100 par
|move|p2a: Skarmory|Roar|p1a: Dusty
|drag|p1a: Flex|Zapdos|76/100 par
|
|-heal|p1a: Flex|82/100 par|[from] item: Leftovers
|-heal|p2a: Skarmory|40/100 par|[from] item: Leftovers
|upkeep
|turn|51
|
|t:|1730310342
|switch|p1a: Dusty|Snorlax, F, shiny|76/100 slp
|-damage|p1a: Dusty|51/100 slp|[from] Spikes
|switch|p2a: Blissey|Blissey, F|99/100
|
|-heal|p2a: Blissey|100/100|[from] item: Leftovers
|-heal|p1a: Dusty|57/100 slp|[from] item: Leftovers
|upkeep
|turn|52
|
|t:|1730310353
|switch|p2a: Skarmory|Skarmory, M|40/100 par
|cant|p1a: Dusty|slp
|move|p1a: Dusty|Sleep Talk|p1a: Dusty
|move|p1a: Dusty|Body Slam|p2a: Skarmory|[from]Sleep Talk
|-resisted|p2a: Skarmory
|-damage|p2a: Skarmory|26/100 par
|
|-heal|p1a: Dusty|63/100 slp|[from] item: Leftovers
|-heal|p2a: Skarmory|32/100 par|[from] item: Leftovers
|upkeep
|turn|53
|
|t:|1730310363
|cant|p1a: Dusty|slp
|move|p1a: Dusty|Sleep Talk|p1a: Dusty
|move|p1a: Dusty|Body Slam|p2a: Skarmory|[from]Sleep Talk
|-resisted|p2a: Skarmory
|-damage|p2a: Skarmory|18/100 par
|move|p2a: Skarmory|Roar|p1a: Dusty
|drag|p1a: Jinx|Jirachi|38/100 par
|-damage|p1a: Jinx|13/100 par|[from] Spikes
|
|-heal|p1a: Jinx|20/100 par|[from] item: Leftovers
|-heal|p2a: Skarmory|24/100 par|[from] item: Leftovers
|upkeep
|turn|54
|
|t:|1730310379
|switch|p2a: Swampert|Swampert, M|95/100
|move|p1a: Jinx|Thunderbolt|p2a: Swampert
|-immune|p2a: Swampert
|
|-heal|p2a: Swampert|100/100|[from] item: Leftovers
|-heal|p1a: Jinx|26/100 par|[from] item: Leftovers
|upkeep
|turn|55
|
|t:|1730310388
|switch|p1a: Flex|Zapdos|82/100 par
|move|p2a: Swampert|Earthquake|p1a: Flex
|-immune|p1a: Flex
|
|-heal|p1a: Flex|88/100 par|[from] item: Leftovers
|upkeep
|turn|56
|
|t:|1730310395
|switch|p2a: Blissey|Blissey, F|100/100
|move|p1a: Flex|Thunder Wave|p2a: Blissey
|-status|p2a: Blissey|par
|
|-heal|p1a: Flex|94/100 par|[from] item: Leftovers
|upkeep
|turn|57
|inactive|lunasran has 210 seconds left.
|
|t:|1730310434
|move|p1a: Flex|Thunderbolt|p2a: Blissey
|-damage|p2a: Blissey|83/100 par
|move|p2a: Blissey|Aromatherapy|p2a: Blissey
|-cureteam|p2a: Blissey|[from] move: Aromatherapy
|
|-heal|p2a: Blissey|89/100|[from] item: Leftovers
|-heal|p1a: Flex|100/100 par|[from] item: Leftovers
|upkeep
|turn|58
|inactive|lunasran has 210 seconds left.
|inactive|Ivoire has 270 seconds left.
|
|t:|1730310484
|move|p2a: Blissey|Seismic Toss|p1a: Flex
|-damage|p1a: Flex|69/100 par
|cant|p1a: Flex|par
|
|-heal|p2a: Blissey|95/100|[from] item: Leftovers
|-heal|p1a: Flex|76/100 par|[from] item: Leftovers
|upkeep
|turn|59
|inactive|lunasran has 210 seconds left.
|
|t:|1730310492
|move|p2a: Blissey|Seismic Toss|p1a: Flex
|-damage|p1a: Flex|45/100 par
|cant|p1a: Flex|par
|
|-heal|p2a: Blissey|100/100|[from] item: Leftovers
|-heal|p1a: Flex|51/100 par|[from] item: Leftovers
|upkeep
|turn|60
|
|t:|1730310499
|move|p2a: Blissey|Seismic Toss|p1a: Flex
|-damage|p1a: Flex|20/100 par
|move|p1a: Flex|Thunderbolt|p2a: Blissey
|-damage|p2a: Blissey|82/100
|
|-heal|p2a: Blissey|88/100|[from] item: Leftovers
|-heal|p1a: Flex|26/100 par|[from] item: Leftovers
|upkeep
|turn|61
|
|t:|1730310508
|switch|p2a: Magneton|Magneton|52/100
|move|p1a: Flex|Thunder Wave|p2a: Magneton
|-status|p2a: Magneton|par
|
|-heal|p1a: Flex|32/100 par|[from] item: Leftovers
|upkeep
|turn|62
|
|t:|1730310521
|switch|p2a: Blissey|Blissey, F|88/100
|move|p1a: Flex|Thunderbolt|p2a: Blissey
|-damage|p2a: Blissey|70/100
|
|-heal|p2a: Blissey|76/100|[from] item: Leftovers
|-heal|p1a: Flex|38/100 par|[from] item: Leftovers
|upkeep
|turn|63
|
|t:|1730310525
|move|p2a: Blissey|Aromatherapy|p2a: Blissey
|-cureteam|p2a: Blissey|[from] move: Aromatherapy
|move|p1a: Flex|Thunder Wave|p2a: Blissey
|-status|p2a: Blissey|par
|
|-heal|p1a: Flex|45/100 par|[from] item: Leftovers
|-heal|p2a: Blissey|82/100 par|[from] item: Leftovers
|upkeep
|turn|64
|
|t:|1730310539
|move|p1a: Flex|Thunderbolt|p2a: Blissey
|-damage|p2a: Blissey|65/100 par
|move|p2a: Blissey|Seismic Toss|p1a: Flex
|-damage|p1a: Flex|14/100 par
|
|-heal|p1a: Flex|20/100 par|[from] item: Leftovers
|-heal|p2a: Blissey|71/100 par|[from] item: Leftovers
|upkeep
|turn|65
|
|t:|1730310546
|-curestatus|p2a: Blissey|par|[from] ability: Natural Cure
|switch|p2a: Magneton|Magneton|52/100
|move|p1a: Flex|Thunderbolt|p2a: Magneton
|-resisted|p2a: Magneton
|-damage|p2a: Magneton|6/100
|
|-heal|p1a: Flex|26/100 par|[from] item: Leftovers
|upkeep
|turn|66
|inactive|lunasran has 240 seconds left.
|
|t:|1730310568
|move|p2a: Magneton|Thunderbolt|p1a: Flex
|-damage|p1a: Flex|0 fnt
|faint|p1a: Flex
|
|t:|1730310572
|switch|p1a: Jinx|Jirachi|26/100 par
|-damage|p1a: Jinx|1/100 par|[from] Spikes
|
|-heal|p1a: Jinx|7/100 par|[from] item: Leftovers
|upkeep
|turn|67
|
|t:|1730310588
|move|p2a: Magneton|Thunderbolt|p1a: Jinx
|-damage|p1a: Jinx|0 fnt
|faint|p1a: Jinx
|
|t:|1730310596
|switch|p1a: Dusty|Snorlax, F, shiny|63/100 slp
|-damage|p1a: Dusty|38/100 slp|[from] Spikes
|
|-heal|p1a: Dusty|44/100 slp|[from] item: Leftovers
|upkeep
|turn|68
|inactive|lunasran has 240 seconds left.
|c|☆Ivoire|/log Ivoire made the replay of this battle unlisted.
|
|t:|1730310604
|move|p2a: Magneton|Thunderbolt|p1a: Dusty
|-damage|p1a: Dusty|13/100 slp
|cant|p1a: Dusty|slp
|move|p1a: Dusty|Sleep Talk|p1a: Dusty
|move|p1a: Dusty|Curse|p1a: Dusty|[from]Sleep Talk
|-unboost|p1a: Dusty|spe|1
|-boost|p1a: Dusty|atk|1
|-boost|p1a: Dusty|def|1
|
|-heal|p1a: Dusty|19/100 slp|[from] item: Leftovers
|upkeep
|turn|69
|c|☆Ivoire|ggs
|inactive|lunasran has 240 seconds left.
|c|☆lunasran|ggs
|
|t:|1730310617
|move|p2a: Magneton|Thunderbolt|p1a: Dusty
|-damage|p1a: Dusty|0 fnt
|faint|p1a: Dusty
|
|win|Ivoire

</script>
<script type="application/json" class="data" id="replaydata-smogtours-gen3ou-803438">
{"id":"smogtours-gen3ou-803438","format":"[Gen 3] OU","players":["lunasran","Ivoire"],"uploadtime":1730310617,"views":68,"formatid":"gen3ou","rating":null,"private":1,"password":null}
</script>

<script defer src="js/replays.js?9d40a366"></script>
