<!DOCTYPE html>
<meta charset="utf-8" />
<meta name="viewport" content="width=device-width" />

<title>[Gen 3] OU: HeyYa!_Forte vs. wavyish - Replays - Pok&eacute;mon Showdown!</title>

<meta name="description" content="Watch a replay of a Pok&eacute;mon battle between HeyYa!_Forte and wavyish! Format: [Gen 3] OU; Date: Oct 10, 2024" />
<!--

Hey, you! Looking in the source for the replay log?

You can find them in JSON format, just add `.json` at the end of a replay URL.

https://replay.pokemonshowdown.com/gen7randomdoublesbattle-865046831.json

Or, if you only need the log itself, add `.log` instead:

https://replay.pokemonshowdown.com/gen7randomdoublesbattle-865046831.log

-->

<link rel="stylesheet" href="//pokemonshowdown.com/style/global.css?0.023195364461161105" />
<link rel="stylesheet" href="//play.pokemonshowdown.com/style/font-awesome.css?0.13261647063804238" />
<link rel="stylesheet" href="//play.pokemonshowdown.com/style/battle.css?0.8753245789963631" />
<link rel="stylesheet" href="//play.pokemonshowdown.com/style/utilichart.css?0.8627959624976733" />

<!-- Global site tag (gtag.js) - Google Analytics -->
<script async src="https://www.googletagmanager.com/gtag/js?id=UA-26211653-1"></script>
<script>
  window.dataLayer = window.dataLayer || [];
  function gtag(){dataLayer.push(arguments);}
  gtag('js', new Date());

  gtag('config', 'UA-26211653-1');
</script>
<!-- End Google Analytics -->
<!-- Venatus Ad Manager - Install in <HEAD> of page -->
	<script src="https://hb.vntsm.com/v3/live/ad-manager.min.js" type="text/javascript" data-site-id="642aba63ec9a7b11c3c9c1be" data-mode="scan" async></script>
<!-- / Venatus Ad Manager -->

<style>
	@media (max-width:820px) {
		.battle {
			margin: 0 auto;
		}
		.battle-log {
			margin: 7px auto 0;
			max-width: 640px;
			height: 300px;
			position: static;
		}
	}
	.optgroup {
		display: inline-block;
		line-height: 22px;
		font-size: 10pt;
	}
	.optgroup .button {
		height: 25px;
		padding-top: 0;
		padding-bottom: 0;
	}
	.optgroup button.button {
		padding-left: 12px;
		padding-right: 12px;
	}
	.linklist {
		list-style: none;
		margin: 0.5em 0;
		padding: 0;
	}
	.linklist li {
		padding: 2px 0;
	}
	.sidebar {
		float: left;
		width: 320px;
	}
	.bar-wrapper {
		max-width: 1100px;
		margin: 0 auto;
	}
	.bar-wrapper.has-sidebar {
		max-width: 1430px;
	}
	.mainbar {
		margin: 0;
		padding-right: 1px;
	}
	.mainbar.has-sidebar {
		margin-left: 330px;
	}
	@media (min-width: 1511px) {
		.sidebar {
			width: 400px;
		}
		.bar-wrapper.has-sidebar {
			max-width: 1510px;
		}
		.mainbar.has-sidebar {
			margin-left: 410px;
		}
	}
	.section.first-section {
		margin-top: 9px;
	}
	.blocklink small {
		white-space: normal;
	}
	.button {
		vertical-align: middle;
	}
	.replay-controls {
		padding-top: 10px;
	}
	.replay-controls h1 {
		font-size: 16pt;
		font-weight: normal;
		color: #CCC;
	}
	.pagelink {
		text-align: center;
	}
	.pagelink a {
		width: 150px;
	}
	.textbox, .button {
		font-size: 11pt;
		vertical-align: middle;
	}
	@media (max-width: 450px) {
		.button {
			font-size: 9pt;
		}
	}
</style>

<div>

	<header>
		<div class="nav-wrapper"><ul class="nav">
			<li><a class="button nav-first" href="//pokemonshowdown.com/"><img src="//pokemonshowdown.com/images/pokemonshowdownbeta.png" srcset="//pokemonshowdown.com/images/pokemonshowdownbeta.png 1x, //pokemonshowdown.com/images/pokemonshowdownbeta@2x.png 2x" alt="Pok&eacute;mon Showdown" width="146" height="44" /> Home</a></li>
			<li><a class="button" href="//pokemonshowdown.com/dex/">Pok&eacute;dex</a></li>
			<li><a class="button cur" href="/">Replays</a></li>
			<li><a class="button" href="//pokemonshowdown.com/ladder/">Ladder</a></li>
			<li><a class="button nav-last" href="//pokemonshowdown.com/forums/">Forum</a></li>
			<li><a class="button greenbutton nav-first nav-last" href="//play.pokemonshowdown.com/">Play</a></li>
		</ul></div>
	</header>

	<div class="main" id="main">

		<noscript><section class="section">You need to enable JavaScript to use this page; sorry!</section></noscript>

	</div>

</div>

<script defer nomodule src="//play.pokemonshowdown.com/js/lib/ps-polyfill.js"></script>
<script defer src="//play.pokemonshowdown.com/js/lib/preact.min.js"></script>

<script defer src="//play.pokemonshowdown.com/config/config.js?2bddbc15"></script>
<script defer src="//play.pokemonshowdown.com/js/lib/jquery-1.11.0.min.js"></script>
<script defer src="//play.pokemonshowdown.com/js/lib/html-sanitizer-minified.js"></script>
<script defer src="//play.pokemonshowdown.com/js/battle-sound.js"></script>
<script defer src="//play.pokemonshowdown.com/js/battledata.js?0.7209276989879541"></script>
<script defer src="//play.pokemonshowdown.com/data/pokedex-mini.js?0.6111056340867951"></script>
<script defer src="//play.pokemonshowdown.com/data/pokedex-mini-bw.js?0.3532142036491459"></script>
<script defer src="//play.pokemonshowdown.com/data/graphics.js?0.24223875632456182"></script>
<script defer src="//play.pokemonshowdown.com/data/pokedex.js?0.38839984266356864"></script>
<script defer src="//play.pokemonshowdown.com/data/moves.js?0.21866028504024015"></script>
<script defer src="//play.pokemonshowdown.com/data/abilities.js?0.2005157953846628"></script>
<script defer src="//play.pokemonshowdown.com/data/items.js?0.9894211263848525"></script>
<script defer src="//play.pokemonshowdown.com/data/teambuilder-tables.js?0.6008791140282215"></script>
<script defer src="//play.pokemonshowdown.com/js/battle-tooltips.js?0.7580118955022959"></script>
<script defer src="//play.pokemonshowdown.com/js/battle.js?0.6057722274234274"></script>

<script defer src="js/utils.js?e31f9a17"></script>
<script defer src="js/replays-battle.js?7008c182"></script>

<!-- don't scrape this data! just add .json or .log after the URL!
Full API docs: https://github.com/smogon/pokemon-showdown-client/blob/master/WEB-API.md -->
<script type="text/plain" class="log" id="replaylog-smogtours-gen3ou-796809">
|inactive|Battle timer is ON: inactive players will automatically lose when time's up.
|t:|1728517798
|gametype|singles
|player|p1|HeyYa!_Forte|101|
|player|p2|wavyish|akari|
|teamsize|p1|6
|teamsize|p2|6
|gen|3
|tier|[Gen 3] OU
|rule|Sleep Clause Mod: Limit one foe put to sleep
|rule|Switch Priority Clause Mod: Faster Pokémon switch first
|rule|Species Clause: Limit one of each Pokémon
|rule|OHKO Clause: OHKO moves are banned
|rule|Evasion Items Clause: Evasion items are banned
|rule|Evasion Moves Clause: Evasion moves are banned
|rule|Endless Battle Clause: Forcing endless battles is banned
|rule|HP Percentage Mod: HP is shown in percentages
|rule|One Boost Passer Clause: Limit one Baton Passer that has a way to boost its stats
|rule|Freeze Clause Mod: Limit one foe frozen
|
|t:|1728517798
|start
|switch|p1a: Zapdos|Zapdos|100/100
|switch|p2a: wasian|Breloom, M|100/100
|turn|1
|c|☆HeyYa!_Forte|glhf
|inactive|HeyYa!_Forte has 270 seconds left.
|c|☆wavyish|you too
|
|t:|1728517847
|switch|p2a: yea dat|Snorlax, M|100/100
|move|p1a: Zapdos|Substitute|p1a: Zapdos
|-start|p1a: Zapdos|Substitute
|-damage|p1a: Zapdos|76/100
|
|-heal|p1a: Zapdos|82/100|[from] item: Leftovers
|upkeep
|turn|2
|
|t:|1728517865
|move|p1a: Zapdos|Baton Pass|p1a: Zapdos
|
|t:|1728517868
|switch|p1a: Breloom|Breloom, M|100/100|[from] Baton Pass
|move|p2a: yea dat|Body Slam|p1a: Breloom
|-crit|p1a: Breloom
|-end|p1a: Breloom|Substitute
|
|upkeep
|turn|3
|inactive|wavyish has 270 seconds left.
|inactive|HeyYa!_Forte disconnected and has 300 seconds to reconnect!
|player|p1|
|inactive|HeyYa!_Forte reconnected.
|player|p1|HeyYa!_Forte|101|
|
|t:|1728517913
|switch|p2a: back goin brazy|Metagross|100/100
|move|p1a: Breloom|Spore|p2a: back goin brazy
|-status|p2a: back goin brazy|slp|[from] move: Spore
|
|upkeep
|turn|4
|
|t:|1728517918
|-singleturn|p1a: Breloom|move: Focus Punch
|switch|p2a: persimmon|Charizard, F|100/100
|move|p1a: Breloom|Focus Punch|p2a: persimmon
|-resisted|p2a: persimmon
|-damage|p2a: persimmon|39/100
|
|-heal|p2a: persimmon|45/100|[from] item: Leftovers
|upkeep
|turn|5
|inactive|wavyish has 270 seconds left.
|
|t:|1728517935
|switch|p1a: Blissey|Blissey, F|100/100
|move|p2a: persimmon|Toxic|p1a: Blissey
|-status|p1a: Blissey|tox
|
|-heal|p2a: persimmon|51/100|[from] item: Leftovers
|-damage|p1a: Blissey|94/100 tox|[from] psn
|upkeep
|turn|6
|inactive|wavyish has 270 seconds left.
|
|t:|1728517955
|switch|p2a: yea dat|Snorlax, M|100/100
|move|p1a: Blissey|Thunder Wave|p2a: yea dat
|-status|p2a: yea dat|par
|
|-heal|p1a: Blissey|100/100 tox|[from] item: Leftovers
|-damage|p1a: Blissey|88/100 tox|[from] psn
|upkeep
|turn|7
|
|t:|1728517964
|-curestatus|p1a: Blissey|tox|[from] ability: Natural Cure
|switch|p1a: Metagross|Metagross|100/100
|move|p2a: yea dat|Body Slam|p1a: Metagross
|-resisted|p1a: Metagross
|-damage|p1a: Metagross|88/100
|
|-heal|p1a: Metagross|94/100|[from] item: Leftovers
|upkeep
|turn|8
|
|t:|1728517980
|switch|p1a: Zapdos|Zapdos|82/100
|switch|p2a: wasian|Breloom, M|100/100
|
|-heal|p1a: Zapdos|88/100|[from] item: Leftovers
|upkeep
|turn|9
|
|t:|1728517986
|switch|p2a: yea dat|Snorlax, M|100/100 par
|move|p1a: Zapdos|Substitute|p1a: Zapdos
|-start|p1a: Zapdos|Substitute
|-damage|p1a: Zapdos|63/100
|
|-heal|p1a: Zapdos|69/100|[from] item: Leftovers
|upkeep
|turn|10
|inactive|wavyish has 270 seconds left.
|
|t:|1728517994
|move|p1a: Zapdos|Baton Pass|p1a: Zapdos
|
|t:|1728517997
|switch|p1a: Metagross|Metagross|94/100|[from] Baton Pass
|move|p2a: yea dat|Earthquake|p1a: Metagross
|-supereffective|p1a: Metagross
|-end|p1a: Metagross|Substitute
|
|-heal|p1a: Metagross|99/100|[from] item: Leftovers
|upkeep
|turn|11
|
|t:|1728518001
|switch|p2a: heavy on my heart|Swampert, F|100/100
|move|p1a: Metagross|Meteor Mash|p2a: heavy on my heart
|-resisted|p2a: heavy on my heart
|-damage|p2a: heavy on my heart|78/100
|
|-heal|p2a: heavy on my heart|84/100|[from] item: Leftovers
|-heal|p1a: Metagross|100/100|[from] item: Leftovers
|upkeep
|turn|12
|
|t:|1728518015
|switch|p1a: Zapdos|Zapdos|69/100
|move|p2a: heavy on my heart|Ice Beam|p1a: Zapdos
|-supereffective|p1a: Zapdos
|-damage|p1a: Zapdos|2/100
|
|-heal|p1a: Zapdos|8/100|[from] item: Leftovers
|-heal|p2a: heavy on my heart|91/100|[from] item: Leftovers
|upkeep
|turn|13
|
|t:|1728518026
|switch|p2a: yea dat|Snorlax, M|100/100 par
|move|p1a: Zapdos|Hidden Power|p2a: yea dat
|-damage|p2a: yea dat|87/100 par
|
|-heal|p1a: Zapdos|14/100|[from] item: Leftovers
|-heal|p2a: yea dat|94/100 par|[from] item: Leftovers
|upkeep
|turn|14
|
|t:|1728518041
|switch|p2a: persimmon|Charizard, F|51/100
|move|p1a: Zapdos|Baton Pass|p1a: Zapdos
|
|t:|1728518044
|switch|p1a: Starmie|Starmie|100/100|[from] Baton Pass
|
|-heal|p2a: persimmon|57/100|[from] item: Leftovers
|upkeep
|turn|15
|
|t:|1728518052
|switch|p1a: Zapdos|Zapdos|14/100
|switch|p2a: yea dat|Snorlax, M|94/100 par
|
|-heal|p1a: Zapdos|20/100|[from] item: Leftovers
|-heal|p2a: yea dat|99/100 par|[from] item: Leftovers
|upkeep
|turn|16
|
|t:|1728518062
|move|p1a: Zapdos|Baton Pass|p1a: Zapdos
|
|t:|1728518064
|switch|p1a: Metagross|Metagross|100/100|[from] Baton Pass
|move|p2a: yea dat|Body Slam|p1a: Metagross
|-resisted|p1a: Metagross
|-damage|p1a: Metagross|88/100
|
|-heal|p1a: Metagross|94/100|[from] item: Leftovers
|-heal|p2a: yea dat|100/100 par|[from] item: Leftovers
|upkeep
|turn|17
|
|t:|1728518079
|switch|p1a: Zapdos|Zapdos|20/100
|switch|p2a: back goin brazy|Metagross|100/100 slp
|
|-heal|p1a: Zapdos|27/100|[from] item: Leftovers
|upkeep
|turn|18
|
|t:|1728518083
|switch|p2a: yea dat|Snorlax, M|100/100 par
|move|p1a: Zapdos|Thunderbolt|p2a: yea dat
|-damage|p2a: yea dat|72/100 par
|
|-heal|p1a: Zapdos|33/100|[from] item: Leftovers
|-heal|p2a: yea dat|78/100 par|[from] item: Leftovers
|upkeep
|turn|19
|
|t:|1728518093
|move|p1a: Zapdos|Thunderbolt|p2a: yea dat
|-damage|p2a: yea dat|50/100 par
|cant|p2a: yea dat|par
|
|-heal|p1a: Zapdos|39/100|[from] item: Leftovers
|-heal|p2a: yea dat|56/100 par|[from] item: Leftovers
|upkeep
|turn|20
|
|t:|1728518098
|move|p1a: Zapdos|Baton Pass|p1a: Zapdos
|
|t:|1728518099
|switch|p1a: Metagross|Metagross|94/100|[from] Baton Pass
|move|p2a: yea dat|Body Slam|p1a: Metagross
|-resisted|p1a: Metagross
|-damage|p1a: Metagross|82/100
|
|-heal|p1a: Metagross|88/100|[from] item: Leftovers
|-heal|p2a: yea dat|62/100 par|[from] item: Leftovers
|upkeep
|turn|21
|
|t:|1728518106
|switch|p2a: heavy on my heart|Swampert, F|91/100
|move|p1a: Metagross|Meteor Mash|p2a: heavy on my heart
|-resisted|p2a: heavy on my heart
|-damage|p2a: heavy on my heart|69/100
|
|-heal|p2a: heavy on my heart|75/100|[from] item: Leftovers
|-heal|p1a: Metagross|94/100|[from] item: Leftovers
|upkeep
|turn|22
|
|t:|1728518117
|switch|p1a: Blissey|Blissey, F|88/100
|move|p2a: heavy on my heart|Protect||[still]
|-fail|p2a: heavy on my heart
|
|-heal|p2a: heavy on my heart|81/100|[from] item: Leftovers
|-heal|p1a: Blissey|94/100|[from] item: Leftovers
|upkeep
|turn|23
|
|t:|1728518130
|switch|p1a: Zapdos|Zapdos|39/100
|move|p2a: heavy on my heart|Earthquake|p1a: Zapdos
|-immune|p1a: Zapdos
|
|-heal|p1a: Zapdos|45/100|[from] item: Leftovers
|-heal|p2a: heavy on my heart|88/100|[from] item: Leftovers
|upkeep
|turn|24
|
|t:|1728518133
|switch|p2a: yea dat|Snorlax, M|62/100 par
|move|p1a: Zapdos|Baton Pass|p1a: Zapdos
|
|t:|1728518147
|switch|p1a: Metagross|Metagross|94/100|[from] Baton Pass
|
|-heal|p1a: Metagross|99/100|[from] item: Leftovers
|-heal|p2a: yea dat|68/100 par|[from] item: Leftovers
|upkeep
|turn|25
|
|t:|1728518152
|switch|p2a: back goin brazy|Metagross|100/100 slp
|move|p1a: Metagross|Meteor Mash|p2a: back goin brazy
|-resisted|p2a: back goin brazy
|-damage|p2a: back goin brazy|83/100 slp
|
|-heal|p2a: back goin brazy|89/100 slp|[from] item: Leftovers
|-heal|p1a: Metagross|100/100|[from] item: Leftovers
|upkeep
|turn|26
|
|t:|1728518164
|switch|p2a: persimmon|Charizard, F|57/100
|switch|p1a: Zapdos|Zapdos|45/100
|
|-heal|p1a: Zapdos|52/100|[from] item: Leftovers
|-heal|p2a: persimmon|63/100|[from] item: Leftovers
|upkeep
|turn|27
|
|t:|1728518169
|switch|p2a: yea dat|Snorlax, M|68/100 par
|move|p1a: Zapdos|Substitute|p1a: Zapdos
|-start|p1a: Zapdos|Substitute
|-damage|p1a: Zapdos|27/100
|
|-heal|p1a: Zapdos|33/100|[from] item: Leftovers
|-heal|p2a: yea dat|74/100 par|[from] item: Leftovers
|upkeep
|turn|28
|
|t:|1728518172
|move|p1a: Zapdos|Baton Pass|p1a: Zapdos
|
|t:|1728518177
|switch|p1a: Breloom|Breloom, M|100/100|[from] Baton Pass
|move|p2a: yea dat|Earthquake|p1a: Breloom
|-resisted|p1a: Breloom
|-activate|p1a: Breloom|Substitute|[damage]
|
|-heal|p2a: yea dat|80/100 par|[from] item: Leftovers
|upkeep
|turn|29
|
|t:|1728518183
|-singleturn|p1a: Breloom|move: Focus Punch
|switch|p2a: shaboing|Zapdos|100/100
|move|p1a: Breloom|Focus Punch|p2a: shaboing
|-resisted|p2a: shaboing
|-damage|p2a: shaboing|47/100
|
|-heal|p2a: shaboing|53/100|[from] item: Leftovers
|upkeep
|turn|30
|
|t:|1728518187
|-singleturn|p1a: Breloom|move: Focus Punch
|move|p1a: Breloom|Focus Punch|p2a: shaboing
|-resisted|p2a: shaboing
|-damage|p2a: shaboing|0 fnt
|faint|p2a: shaboing
|
|t:|1728518193
|switch|p2a: persimmon|Charizard, F|63/100
|
|-heal|p2a: persimmon|69/100|[from] item: Leftovers
|upkeep
|turn|31
|
|t:|1728518199
|-singleturn|p1a: Breloom|move: Focus Punch
|move|p2a: persimmon|Fire Blast|p1a: Breloom|[miss]
|-miss|p2a: persimmon|p1a: Breloom
|move|p1a: Breloom|Focus Punch|p2a: persimmon
|-resisted|p2a: persimmon
|-damage|p2a: persimmon|10/100
|
|-heal|p2a: persimmon|16/100|[from] item: Leftovers
|upkeep
|turn|32
|
|t:|1728518209
|-singleturn|p1a: Breloom|move: Focus Punch
|move|p2a: persimmon|Fire Blast|p1a: Breloom
|-supereffective|p1a: Breloom
|-end|p1a: Breloom|Substitute
|move|p1a: Breloom|Focus Punch|p2a: persimmon
|-resisted|p2a: persimmon
|-damage|p2a: persimmon|0 fnt
|faint|p2a: persimmon
|
|t:|1728518213
|switch|p2a: heavy on my heart|Swampert, F|88/100
|
|-heal|p2a: heavy on my heart|94/100|[from] item: Leftovers
|upkeep
|turn|33
|
|t:|1728518218
|switch|p1a: Blissey|Blissey, F|94/100
|switch|p2a: wasian|Breloom, M|100/100
|
|-heal|p1a: Blissey|100/100|[from] item: Leftovers
|upkeep
|turn|34
|
|t:|1728518226
|move|p2a: wasian|Spore|p1a: Blissey
|-status|p1a: Blissey|slp|[from] move: Spore
|cant|p1a: Blissey|slp
|
|upkeep
|turn|35
|
|t:|1728518231
|-singleturn|p2a: wasian|move: Focus Punch
|cant|p1a: Blissey|slp
|move|p2a: wasian|Focus Punch|p1a: Blissey
|-supereffective|p1a: Blissey
|-damage|p1a: Blissey|0 fnt
|faint|p1a: Blissey
|
|t:|1728518242
|switch|p1a: Starmie|Starmie|100/100
|
|upkeep
|turn|36
|
|t:|1728518245
|switch|p2a: yea dat|Snorlax, M|80/100 par
|move|p1a: Starmie|Ice Beam|p2a: yea dat
|-damage|p2a: yea dat|64/100 par
|
|-heal|p2a: yea dat|70/100 par|[from] item: Leftovers
|upkeep
|turn|37
|
|t:|1728518261
|move|p1a: Starmie|Hydro Pump|p2a: yea dat
|-damage|p2a: yea dat|42/100 par
|move|p2a: yea dat|Body Slam|p1a: Starmie
|-damage|p1a: Starmie|33/100
|-status|p1a: Starmie|par
|
|-heal|p1a: Starmie|39/100 par|[from] item: Leftovers
|-heal|p2a: yea dat|48/100 par|[from] item: Leftovers
|upkeep
|turn|38
|
|t:|1728518271
|-curestatus|p1a: Starmie|par|[from] ability: Natural Cure
|switch|p1a: Zapdos|Zapdos|33/100
|switch|p2a: wasian|Breloom, M|100/100
|
|-heal|p1a: Zapdos|39/100|[from] item: Leftovers
|upkeep
|turn|39
|
|t:|1728518279
|move|p1a: Zapdos|Substitute|p1a: Zapdos
|-start|p1a: Zapdos|Substitute
|-damage|p1a: Zapdos|14/100
|move|p2a: wasian|Sky Uppercut|p1a: Zapdos
|-resisted|p1a: Zapdos
|-end|p1a: Zapdos|Substitute
|
|-heal|p1a: Zapdos|20/100|[from] item: Leftovers
|upkeep
|turn|40
|
|t:|1728518294
|move|p1a: Zapdos|Hidden Power|p2a: wasian
|-supereffective|p2a: wasian
|-damage|p2a: wasian|13/100
|move|p2a: wasian|Spore|p1a: Zapdos
|-status|p1a: Zapdos|slp|[from] move: Spore
|
|-heal|p1a: Zapdos|27/100 slp|[from] item: Leftovers
|-heal|p2a: wasian|19/100|[from] item: Leftovers
|upkeep
|turn|41
|
|t:|1728518305
|-singleturn|p2a: wasian|move: Focus Punch
|switch|p1a: Starmie|Starmie|39/100
|move|p2a: wasian|Focus Punch|p1a: Starmie
|-resisted|p1a: Starmie
|-damage|p1a: Starmie|0 fnt
|faint|p1a: Starmie
|
|t:|1728518328
|switch|p1a: Metagross|Metagross|100/100
|
|-heal|p2a: wasian|25/100|[from] item: Leftovers
|upkeep
|turn|42
|
|t:|1728518333
|switch|p2a: back goin brazy|Metagross|89/100 slp
|move|p1a: Metagross|Meteor Mash|p2a: back goin brazy
|-resisted|p2a: back goin brazy
|-damage|p2a: back goin brazy|70/100 slp
|
|-heal|p2a: back goin brazy|76/100 slp|[from] item: Leftovers
|upkeep
|turn|43
|
|t:|1728518338
|switch|p2a: heavy on my heart|Swampert, F|94/100
|move|p1a: Metagross|Earthquake|p2a: heavy on my heart
|-damage|p2a: heavy on my heart|63/100
|
|-heal|p2a: heavy on my heart|69/100|[from] item: Leftovers
|upkeep
|turn|44
|
|t:|1728518345
|move|p2a: heavy on my heart|Earthquake|p1a: Metagross
|-supereffective|p1a: Metagross
|-damage|p1a: Metagross|53/100
|move|p1a: Metagross|Earthquake|p2a: heavy on my heart
|-damage|p2a: heavy on my heart|42/100
|
|-heal|p2a: heavy on my heart|48/100|[from] item: Leftovers
|-heal|p1a: Metagross|59/100|[from] item: Leftovers
|upkeep
|turn|45
|
|t:|1728518351
|move|p2a: heavy on my heart|Protect|p2a: heavy on my heart
|-singleturn|p2a: heavy on my heart|Protect
|move|p1a: Metagross|Protect||[still]
|-fail|p1a: Metagross
|
|-heal|p2a: heavy on my heart|54/100|[from] item: Leftovers
|-heal|p1a: Metagross|65/100|[from] item: Leftovers
|upkeep
|turn|46
|
|t:|1728518376
|switch|p2a: back goin brazy|Metagross|76/100 slp
|move|p1a: Metagross|Explosion|p2a: back goin brazy
|-resisted|p2a: back goin brazy
|-damage|p2a: back goin brazy|16/100 slp
|faint|p1a: Metagross
|
|t:|1728518380
|switch|p1a: Breloom|Breloom, M|100/100
|
|-heal|p2a: back goin brazy|23/100 slp|[from] item: Leftovers
|upkeep
|turn|47
|
|t:|1728518390
|-singleturn|p1a: Breloom|move: Focus Punch
|switch|p2a: yea dat|Snorlax, M|48/100 par
|move|p1a: Breloom|Focus Punch|p2a: yea dat
|-supereffective|p2a: yea dat
|-damage|p2a: yea dat|0 fnt
|faint|p2a: yea dat
|
|t:|1728518400
|switch|p2a: heavy on my heart|Swampert, F|54/100
|
|-heal|p2a: heavy on my heart|60/100|[from] item: Leftovers
|upkeep
|turn|48
|
|t:|1728518405
|switch|p1a: Zapdos|Zapdos|27/100 slp
|move|p2a: heavy on my heart|Ice Beam|p1a: Zapdos
|-supereffective|p1a: Zapdos
|-damage|p1a: Zapdos|0 fnt
|faint|p1a: Zapdos
|
|t:|1728518411
|switch|p1a: Tyranitar|Tyranitar, M|100/100
|-weather|Sandstorm|[from] ability: Sand Stream|[of] p1a: Tyranitar
|
|-weather|Sandstorm|[upkeep]
|-heal|p2a: heavy on my heart|66/100|[from] item: Leftovers
|upkeep
|turn|49
|
|t:|1728518420
|move|p2a: heavy on my heart|Surf|p1a: Tyranitar
|-supereffective|p1a: Tyranitar
|-damage|p1a: Tyranitar|20/100
|move|p1a: Tyranitar|Hidden Power|p2a: heavy on my heart
|-supereffective|p2a: heavy on my heart
|-damage|p2a: heavy on my heart|0 fnt
|faint|p2a: heavy on my heart
|
|t:|1728518424
|switch|p2a: wasian|Breloom, M|25/100
|
|-weather|Sandstorm|[upkeep]
|-damage|p2a: wasian|19/100|[from] Sandstorm
|-heal|p2a: wasian|25/100|[from] item: Leftovers
|-heal|p1a: Tyranitar|26/100|[from] item: Leftovers
|upkeep
|turn|50
|inactive|HeyYa!_Forte has 270 seconds left.
|
|t:|1728518466
|move|p2a: wasian|Spore|p1a: Tyranitar
|-status|p1a: Tyranitar|slp|[from] move: Spore
|cant|p1a: Tyranitar|slp
|
|-weather|Sandstorm|[upkeep]
|-damage|p2a: wasian|19/100|[from] Sandstorm
|-heal|p2a: wasian|25/100|[from] item: Leftovers
|-heal|p1a: Tyranitar|32/100 slp|[from] item: Leftovers
|upkeep
|turn|51
|
|t:|1728518471
|move|p2a: wasian|Mach Punch|p1a: Tyranitar
|-supereffective|p1a: Tyranitar
|-damage|p1a: Tyranitar|0 fnt
|faint|p1a: Tyranitar
|
|t:|1728518473
|switch|p1a: Breloom|Breloom, M|100/100
|
|-weather|Sandstorm|[upkeep]
|-damage|p2a: wasian|19/100|[from] Sandstorm
|-damage|p1a: Breloom|94/100|[from] Sandstorm
|-heal|p2a: wasian|25/100|[from] item: Leftovers
|-heal|p1a: Breloom|100/100|[from] item: Leftovers
|upkeep
|turn|52
|
|t:|1728518476
|move|p1a: Breloom|Mach Punch|p2a: wasian
|-damage|p2a: wasian|0 fnt
|faint|p2a: wasian
|
|t:|1728518478
|switch|p2a: back goin brazy|Metagross|23/100 slp
|
|-weather|Sandstorm|[upkeep]
|-damage|p1a: Breloom|94/100|[from] Sandstorm
|-heal|p1a: Breloom|100/100|[from] item: Leftovers
|-heal|p2a: back goin brazy|29/100 slp|[from] item: Leftovers
|upkeep
|turn|53
|c|☆HeyYa!_Forte|gg
|c|☆wavyish|gg
|
|t:|1728518485
|-singleturn|p1a: Breloom|move: Focus Punch
|cant|p2a: back goin brazy|slp
|move|p1a: Breloom|Focus Punch|p2a: back goin brazy
|-damage|p2a: back goin brazy|0 fnt
|faint|p2a: back goin brazy
|
|win|HeyYa!_Forte

</script>
<script type="application/json" class="data" id="replaydata-smogtours-gen3ou-796809">
{"id":"smogtours-gen3ou-796809","format":"[Gen 3] OU","players":["HeyYa!_Forte","wavyish"],"uploadtime":1728518485,"views":164,"formatid":"gen3ou","rating":null,"private":0,"password":null}
</script>

<script defer src="js/replays.js?9d40a366"></script>
