<!DOCTYPE html>
<meta charset="utf-8" />
<meta name="viewport" content="width=device-width" />

<title>[Gen 3] OU: Sheik vs. thestonewallsmith - Replays - Pok&eacute;mon Showdown!</title>

<meta name="description" content="Watch a replay of a Pok&eacute;mon battle between Sheik and thestonewallsmith! Format: [Gen 3] OU; Date: Oct 17, 2024" />
<!--

Hey, you! Looking in the source for the replay log?

You can find them in JSON format, just add `.json` at the end of a replay URL.

https://replay.pokemonshowdown.com/gen7randomdoublesbattle-865046831.json

Or, if you only need the log itself, add `.log` instead:

https://replay.pokemonshowdown.com/gen7randomdoublesbattle-865046831.log

-->

<link rel="stylesheet" href="//pokemonshowdown.com/style/global.css?0.767286132409787" />
<link rel="stylesheet" href="//play.pokemonshowdown.com/style/font-awesome.css?0.9266228007934947" />
<link rel="stylesheet" href="//play.pokemonshowdown.com/style/battle.css?0.7924700842790926" />
<link rel="stylesheet" href="//play.pokemonshowdown.com/style/utilichart.css?0.8777417872839479" />

<!-- Global site tag (gtag.js) - Google Analytics -->
<script async src="https://www.googletagmanager.com/gtag/js?id=UA-26211653-1"></script>
<script>
  window.dataLayer = window.dataLayer || [];
  function gtag(){dataLayer.push(arguments);}
  gtag('js', new Date());

  gtag('config', 'UA-26211653-1');
</script>
<!-- End Google Analytics -->
<!-- Venatus Ad Manager - Install in <HEAD> of page -->
	<script src="https://hb.vntsm.com/v3/live/ad-manager.min.js" type="text/javascript" data-site-id="642aba63ec9a7b11c3c9c1be" data-mode="scan" async></script>
<!-- / Venatus Ad Manager -->

<style>
	@media (max-width:820px) {
		.battle {
			margin: 0 auto;
		}
		.battle-log {
			margin: 7px auto 0;
			max-width: 640px;
			height: 300px;
			position: static;
		}
	}
	.optgroup {
		display: inline-block;
		line-height: 22px;
		font-size: 10pt;
	}
	.optgroup .button {
		height: 25px;
		padding-top: 0;
		padding-bottom: 0;
	}
	.optgroup button.button {
		padding-left: 12px;
		padding-right: 12px;
	}
	.linklist {
		list-style: none;
		margin: 0.5em 0;
		padding: 0;
	}
	.linklist li {
		padding: 2px 0;
	}
	.sidebar {
		float: left;
		width: 320px;
	}
	.bar-wrapper {
		max-width: 1100px;
		margin: 0 auto;
	}
	.bar-wrapper.has-sidebar {
		max-width: 1430px;
	}
	.mainbar {
		margin: 0;
		padding-right: 1px;
	}
	.mainbar.has-sidebar {
		margin-left: 330px;
	}
	@media (min-width: 1511px) {
		.sidebar {
			width: 400px;
		}
		.bar-wrapper.has-sidebar {
			max-width: 1510px;
		}
		.mainbar.has-sidebar {
			margin-left: 410px;
		}
	}
	.section.first-section {
		margin-top: 9px;
	}
	.blocklink small {
		white-space: normal;
	}
	.button {
		vertical-align: middle;
	}
	.replay-controls {
		padding-top: 10px;
	}
	.replay-controls h1 {
		font-size: 16pt;
		font-weight: normal;
		color: #CCC;
	}
	.pagelink {
		text-align: center;
	}
	.pagelink a {
		width: 150px;
	}
	.textbox, .button {
		font-size: 11pt;
		vertical-align: middle;
	}
	@media (max-width: 450px) {
		.button {
			font-size: 9pt;
		}
	}
</style>

<div>

	<header>
		<div class="nav-wrapper"><ul class="nav">
			<li><a class="button nav-first" href="//pokemonshowdown.com/"><img src="//pokemonshowdown.com/images/pokemonshowdownbeta.png" srcset="//pokemonshowdown.com/images/pokemonshowdownbeta.png 1x, //pokemonshowdown.com/images/pokemonshowdownbeta@2x.png 2x" alt="Pok&eacute;mon Showdown" width="146" height="44" /> Home</a></li>
			<li><a class="button" href="//pokemonshowdown.com/dex/">Pok&eacute;dex</a></li>
			<li><a class="button cur" href="/">Replays</a></li>
			<li><a class="button" href="//pokemonshowdown.com/ladder/">Ladder</a></li>
			<li><a class="button nav-last" href="//pokemonshowdown.com/forums/">Forum</a></li>
			<li><a class="button greenbutton nav-first nav-last" href="//play.pokemonshowdown.com/">Play</a></li>
		</ul></div>
	</header>

	<div class="main" id="main">

		<noscript><section class="section">You need to enable JavaScript to use this page; sorry!</section></noscript>

	</div>

</div>

<script defer nomodule src="//play.pokemonshowdown.com/js/lib/ps-polyfill.js"></script>
<script defer src="//play.pokemonshowdown.com/js/lib/preact.min.js"></script>

<script defer src="//play.pokemonshowdown.com/config/config.js?6dec07f6"></script>
<script defer src="//play.pokemonshowdown.com/js/lib/jquery-1.11.0.min.js"></script>
<script defer src="//play.pokemonshowdown.com/js/lib/html-sanitizer-minified.js"></script>
<script defer src="//play.pokemonshowdown.com/js/battle-sound.js"></script>
<script defer src="//play.pokemonshowdown.com/js/battledata.js?0.6315294753075389"></script>
<script defer src="//play.pokemonshowdown.com/data/pokedex-mini.js?0.7603743185311358"></script>
<script defer src="//play.pokemonshowdown.com/data/pokedex-mini-bw.js?0.030888842834281283"></script>
<script defer src="//play.pokemonshowdown.com/data/graphics.js?0.05593094747507488"></script>
<script defer src="//play.pokemonshowdown.com/data/pokedex.js?0.47064822249611904"></script>
<script defer src="//play.pokemonshowdown.com/data/moves.js?0.8583693120512459"></script>
<script defer src="//play.pokemonshowdown.com/data/abilities.js?0.16017181182386842"></script>
<script defer src="//play.pokemonshowdown.com/data/items.js?0.4163379185673943"></script>
<script defer src="//play.pokemonshowdown.com/data/teambuilder-tables.js?0.31075597372830477"></script>
<script defer src="//play.pokemonshowdown.com/js/battle-tooltips.js?0.6536193500708172"></script>
<script defer src="//play.pokemonshowdown.com/js/battle.js?0.1916591943277901"></script>

<script defer src="js/utils.js?e31f9a17"></script>
<script defer src="js/replays-battle.js?7008c182"></script>

<!-- don't scrape this data! just add .json or .log after the URL!
Full API docs: https://github.com/smogon/pokemon-showdown-client/blob/master/WEB-API.md -->
<script type="text/plain" class="log" id="replaylog-smogtours-gen3ou-799367">
|inactive|Battle timer is ON: inactive players will automatically lose when time's up.
|t:|1729196317
|gametype|singles
|player|p1|Sheik|#roaplxyorknewyanma|
|player|p2|thestonewallsmith|artist|
|teamsize|p1|6
|teamsize|p2|6
|gen|3
|tier|[Gen 3] OU
|rule|Sleep Clause Mod: Limit one foe put to sleep
|rule|Switch Priority Clause Mod: Faster Pokémon switch first
|rule|Species Clause: Limit one of each Pokémon
|rule|OHKO Clause: OHKO moves are banned
|rule|Evasion Items Clause: Evasion items are banned
|rule|Evasion Moves Clause: Evasion moves are banned
|rule|Endless Battle Clause: Forcing endless battles is banned
|rule|HP Percentage Mod: HP is shown in percentages
|rule|One Boost Passer Clause: Limit one Baton Passer that has a way to boost its stats
|rule|Freeze Clause Mod: Limit one foe frozen
|
|t:|1729196317
|start
|switch|p1a: El Prisma|Tyranitar, F, shiny|100/100
|switch|p2a: Zapdos|Zapdos|100/100
|-weather|Sandstorm|[from] ability: Sand Stream|[of] p1a: El Prisma
|turn|1
|c|☆Sheik|hf
|c|☆thestonewallsmith|gl
|c|☆Sheik|/log Sheik made the replay of this battle unlisted.
|
|t:|1729196332
|switch|p2a: Swampert|Swampert, M|100/100
|move|p1a: El Prisma|Substitute|p1a: El Prisma
|-start|p1a: El Prisma|Substitute
|-damage|p1a: El Prisma|75/100
|
|-weather|Sandstorm|[upkeep]
|-heal|p1a: El Prisma|82/100|[from] item: Leftovers
|upkeep
|turn|2
|
|t:|1729196338
|move|p1a: El Prisma|Toxic|p2a: Swampert
|-status|p2a: Swampert|tox
|move|p2a: Swampert|Earthquake|p1a: El Prisma
|-supereffective|p1a: El Prisma
|-end|p1a: El Prisma|Substitute
|
|-weather|Sandstorm|[upkeep]
|-heal|p1a: El Prisma|88/100|[from] item: Leftovers
|-damage|p2a: Swampert|94/100 tox|[from] psn
|upkeep
|turn|3
|
|t:|1729196347
|switch|p1a: Lockedbis|Swampert, F, shiny|100/100
|move|p2a: Swampert|Earthquake|p1a: Lockedbis
|-damage|p1a: Lockedbis|75/100
|
|-weather|Sandstorm|[upkeep]
|-heal|p1a: Lockedbis|81/100|[from] item: Leftovers
|-heal|p2a: Swampert|100/100 tox|[from] item: Leftovers
|-damage|p2a: Swampert|88/100 tox|[from] psn
|upkeep
|turn|4
|
|t:|1729196358
|switch|p2a: Celebi|Celebi|100/100
|move|p1a: Lockedbis|Protect||[still]
|-fail|p1a: Lockedbis
|
|-weather|Sandstorm|[upkeep]
|-damage|p2a: Celebi|94/100|[from] Sandstorm
|-heal|p2a: Celebi|100/100|[from] item: Leftovers
|-heal|p1a: Lockedbis|87/100|[from] item: Leftovers
|upkeep
|turn|5
|
|t:|1729196366
|switch|p1a: Blissey|Blissey, F, shiny|100/100
|move|p2a: Celebi|Calm Mind|p2a: Celebi
|-boost|p2a: Celebi|spa|1
|-boost|p2a: Celebi|spd|1
|
|-weather|Sandstorm|[upkeep]
|-damage|p2a: Celebi|94/100|[from] Sandstorm
|-damage|p1a: Blissey|94/100|[from] Sandstorm
|-heal|p2a: Celebi|100/100|[from] item: Leftovers
|-heal|p1a: Blissey|100/100|[from] item: Leftovers
|upkeep
|turn|6
|
|t:|1729196371
|move|p2a: Celebi|Calm Mind|p2a: Celebi
|-boost|p2a: Celebi|spa|1
|-boost|p2a: Celebi|spd|1
|move|p1a: Blissey|Calm Mind|p1a: Blissey
|-boost|p1a: Blissey|spa|1
|-boost|p1a: Blissey|spd|1
|
|-weather|Sandstorm|[upkeep]
|-damage|p2a: Celebi|94/100|[from] Sandstorm
|-damage|p1a: Blissey|94/100|[from] Sandstorm
|-heal|p2a: Celebi|100/100|[from] item: Leftovers
|-heal|p1a: Blissey|100/100|[from] item: Leftovers
|upkeep
|turn|7
|
|t:|1729196374
|move|p2a: Celebi|Baton Pass|p2a: Celebi
|
|t:|1729196376
|switch|p2a: Dugtrio|Dugtrio, M|100/100|[from] Baton Pass
|move|p1a: Blissey|Ice Beam|p2a: Dugtrio
|-supereffective|p2a: Dugtrio
|-damage|p2a: Dugtrio|29/100
|-status|p2a: Dugtrio|frz
|
|-weather|Sandstorm|[upkeep]
|-damage|p1a: Blissey|94/100|[from] Sandstorm
|-heal|p1a: Blissey|100/100|[from] item: Leftovers
|upkeep
|turn|8
|
|t:|1729196385
|switch|p2a: Tyranitar|Tyranitar, M|100/100
|move|p1a: Blissey|Ice Beam|p2a: Tyranitar
|-damage|p2a: Tyranitar|69/100
|
|-weather|Sandstorm|[upkeep]
|-damage|p1a: Blissey|94/100|[from] Sandstorm
|-heal|p1a: Blissey|100/100|[from] item: Leftovers
|upkeep
|turn|9
|
|t:|1729196390
|switch|p1a: Lockedbis|Swampert, F, shiny|87/100
|move|p2a: Tyranitar|Rock Slide|p1a: Lockedbis
|-resisted|p1a: Lockedbis
|-damage|p1a: Lockedbis|74/100
|
|-weather|Sandstorm|[upkeep]
|-heal|p1a: Lockedbis|80/100|[from] item: Leftovers
|upkeep
|turn|10
|
|t:|1729196395
|switch|p2a: Celebi|Celebi|100/100
|move|p1a: Lockedbis|Surf|p2a: Celebi
|-resisted|p2a: Celebi
|-damage|p2a: Celebi|87/100
|
|-weather|Sandstorm|[upkeep]
|-damage|p2a: Celebi|81/100|[from] Sandstorm
|-heal|p2a: Celebi|87/100|[from] item: Leftovers
|-heal|p1a: Lockedbis|87/100|[from] item: Leftovers
|upkeep
|turn|11
|
|t:|1729196400
|switch|p1a: Blissey|Blissey, F, shiny|100/100
|move|p2a: Celebi|Psychic|p1a: Blissey
|-damage|p1a: Blissey|83/100
|
|-weather|Sandstorm|[upkeep]
|-damage|p2a: Celebi|81/100|[from] Sandstorm
|-damage|p1a: Blissey|76/100|[from] Sandstorm
|-heal|p2a: Celebi|87/100|[from] item: Leftovers
|-heal|p1a: Blissey|83/100|[from] item: Leftovers
|upkeep
|turn|12
|
|t:|1729196405
|switch|p2a: Tyranitar|Tyranitar, M|69/100
|switch|p1a: Dugtrio|Dugtrio, M, shiny|100/100
|
|-weather|Sandstorm|[upkeep]
|upkeep
|turn|13
|
|t:|1729196410
|-singleturn|p2a: Tyranitar|move: Focus Punch
|move|p1a: Dugtrio|Earthquake|p2a: Tyranitar
|-supereffective|p2a: Tyranitar
|-damage|p2a: Tyranitar|0 fnt
|faint|p2a: Tyranitar
|
|t:|1729196413
|switch|p2a: Zapdos|Zapdos|100/100
|
|-weather|Sandstorm|[upkeep]
|-damage|p2a: Zapdos|94/100|[from] Sandstorm
|-heal|p2a: Zapdos|100/100|[from] item: Leftovers
|upkeep
|turn|14
|
|t:|1729196416
|switch|p1a: Burranco2|Claydol|100/100
|move|p2a: Zapdos|Substitute|p2a: Zapdos
|-start|p2a: Zapdos|Substitute
|-damage|p2a: Zapdos|76/100
|
|-weather|Sandstorm|[upkeep]
|-damage|p2a: Zapdos|69/100|[from] Sandstorm
|-heal|p2a: Zapdos|76/100|[from] item: Leftovers
|upkeep
|turn|15
|
|t:|1729196424
|move|p2a: Zapdos|Baton Pass|p2a: Zapdos
|
|t:|1729196426
|switch|p2a: Celebi|Celebi|87/100|[from] Baton Pass
|move|p1a: Burranco2|Shadow Ball|p2a: Celebi
|-supereffective|p2a: Celebi
|-end|p2a: Celebi|Substitute
|
|-weather|Sandstorm|[upkeep]
|-damage|p2a: Celebi|81/100|[from] Sandstorm
|-heal|p2a: Celebi|87/100|[from] item: Leftovers
|upkeep
|turn|16
|
|t:|1729196433
|move|p2a: Celebi|Calm Mind|p2a: Celebi
|-boost|p2a: Celebi|spa|1
|-boost|p2a: Celebi|spd|1
|move|p1a: Burranco2|Explosion|p2a: Celebi
|-damage|p2a: Celebi|14/100
|faint|p1a: Burranco2
|
|t:|1729196436
|switch|p1a: Dugtrio|Dugtrio, M, shiny|100/100
|
|-weather|Sandstorm|[upkeep]
|-damage|p2a: Celebi|8/100|[from] Sandstorm
|-heal|p2a: Celebi|14/100|[from] item: Leftovers
|upkeep
|turn|17
|
|t:|1729196439
|move|p1a: Dugtrio|Earthquake|p2a: Celebi
|-resisted|p2a: Celebi
|-damage|p2a: Celebi|0 fnt
|faint|p2a: Celebi
|
|t:|1729196445
|switch|p2a: Zapdos|Zapdos|76/100
|
|-weather|Sandstorm|[upkeep]
|-damage|p2a: Zapdos|69/100|[from] Sandstorm
|-heal|p2a: Zapdos|76/100|[from] item: Leftovers
|upkeep
|turn|18
|
|t:|1729196455
|switch|p1a: Blissey|Blissey, F, shiny|83/100
|move|p2a: Zapdos|Hidden Power|p1a: Blissey
|-damage|p1a: Blissey|74/100
|
|-weather|Sandstorm|[upkeep]
|-damage|p2a: Zapdos|69/100|[from] Sandstorm
|-damage|p1a: Blissey|68/100|[from] Sandstorm
|-heal|p2a: Zapdos|76/100|[from] item: Leftovers
|-heal|p1a: Blissey|74/100|[from] item: Leftovers
|upkeep
|turn|19
|
|t:|1729196461
|move|p2a: Zapdos|Baton Pass|p2a: Zapdos
|
|t:|1729196463
|switch|p2a: Swampert|Swampert, M|88/100 tox|[from] Baton Pass
|move|p1a: Blissey|Ice Beam|p2a: Swampert
|-damage|p2a: Swampert|71/100 tox
|
|-weather|Sandstorm|[upkeep]
|-damage|p1a: Blissey|68/100|[from] Sandstorm
|-heal|p1a: Blissey|74/100|[from] item: Leftovers
|-heal|p2a: Swampert|77/100 tox|[from] item: Leftovers
|-damage|p2a: Swampert|71/100 tox|[from] psn
|upkeep
|turn|20
|
|t:|1729196467
|switch|p1a: Burranco|Gengar, F, shiny|100/100
|move|p2a: Swampert|Earthquake|p1a: Burranco
|-immune|p1a: Burranco
|
|-weather|Sandstorm|[upkeep]
|-damage|p1a: Burranco|94/100|[from] Sandstorm
|-heal|p1a: Burranco|100/100|[from] item: Leftovers
|-heal|p2a: Swampert|77/100 tox|[from] item: Leftovers
|-damage|p2a: Swampert|64/100 tox|[from] psn
|upkeep
|turn|21
|
|t:|1729196471
|move|p1a: Burranco|Giga Drain|p2a: Swampert
|-supereffective|p2a: Swampert
|-damage|p2a: Swampert|21/100 tox
|move|p2a: Swampert|Ice Beam|p1a: Burranco
|-crit|p1a: Burranco
|-damage|p1a: Burranco|56/100
|
|-weather|Sandstorm|[upkeep]
|-damage|p1a: Burranco|50/100|[from] Sandstorm
|-heal|p1a: Burranco|56/100|[from] item: Leftovers
|-heal|p2a: Swampert|27/100 tox|[from] item: Leftovers
|-damage|p2a: Swampert|8/100 tox|[from] psn
|upkeep
|turn|22
|
|t:|1729196474
|switch|p2a: Zapdos|Zapdos|76/100
|move|p1a: Burranco|Giga Drain|p2a: Zapdos
|-resisted|p2a: Zapdos
|-damage|p2a: Zapdos|65/100
|-heal|p1a: Burranco|61/100|[from] drain|[of] p2a: Zapdos
|
|-weather|Sandstorm|[upkeep]
|-damage|p2a: Zapdos|58/100|[from] Sandstorm
|-damage|p1a: Burranco|55/100|[from] Sandstorm
|-heal|p2a: Zapdos|65/100|[from] item: Leftovers
|-heal|p1a: Burranco|61/100|[from] item: Leftovers
|upkeep
|turn|23
|
|t:|1729196478
|switch|p1a: Blissey|Blissey, F, shiny|74/100
|move|p2a: Zapdos|Thunderbolt|p1a: Blissey
|-damage|p1a: Blissey|55/100
|
|-weather|Sandstorm|[upkeep]
|-damage|p2a: Zapdos|58/100|[from] Sandstorm
|-damage|p1a: Blissey|49/100|[from] Sandstorm
|-heal|p2a: Zapdos|65/100|[from] item: Leftovers
|-heal|p1a: Blissey|55/100|[from] item: Leftovers
|upkeep
|turn|24
|
|t:|1729196481
|switch|p2a: Dugtrio|Dugtrio, M|29/100 frz
|move|p1a: Blissey|Soft-Boiled|p1a: Blissey
|-heal|p1a: Blissey|100/100
|
|-weather|Sandstorm|[upkeep]
|-damage|p1a: Blissey|94/100|[from] Sandstorm
|-heal|p1a: Blissey|100/100|[from] item: Leftovers
|upkeep
|turn|25
|
|t:|1729196483
|cant|p2a: Dugtrio|frz
|move|p1a: Blissey|Ice Beam|p2a: Dugtrio
|-supereffective|p2a: Dugtrio
|-damage|p2a: Dugtrio|0 fnt
|faint|p2a: Dugtrio
|
|t:|1729196491
|switch|p2a: Starmie|Starmie|100/100
|
|-weather|Sandstorm|[upkeep]
|-damage|p2a: Starmie|94/100|[from] Sandstorm
|-damage|p1a: Blissey|94/100|[from] Sandstorm
|-heal|p2a: Starmie|100/100|[from] item: Leftovers
|-heal|p1a: Blissey|100/100|[from] item: Leftovers
|upkeep
|turn|26
|
|t:|1729196498
|move|p2a: Starmie|Hydro Pump|p1a: Blissey
|-damage|p1a: Blissey|78/100
|move|p1a: Blissey|Calm Mind|p1a: Blissey
|-boost|p1a: Blissey|spa|1
|-boost|p1a: Blissey|spd|1
|
|-weather|Sandstorm|[upkeep]
|-damage|p2a: Starmie|94/100|[from] Sandstorm
|-damage|p1a: Blissey|72/100|[from] Sandstorm
|-heal|p2a: Starmie|100/100|[from] item: Leftovers
|-heal|p1a: Blissey|78/100|[from] item: Leftovers
|upkeep
|turn|27
|
|t:|1729196504
|move|p2a: Starmie|Hydro Pump|p1a: Blissey
|-damage|p1a: Blissey|64/100
|move|p1a: Blissey|Thunderbolt|p2a: Starmie
|-supereffective|p2a: Starmie
|-damage|p2a: Starmie|0 fnt
|faint|p2a: Starmie
|
|t:|1729196506
|switch|p2a: Zapdos|Zapdos|65/100
|
|-weather|Sandstorm|[upkeep]
|-damage|p2a: Zapdos|58/100|[from] Sandstorm
|-damage|p1a: Blissey|58/100|[from] Sandstorm
|-heal|p2a: Zapdos|65/100|[from] item: Leftovers
|-heal|p1a: Blissey|64/100|[from] item: Leftovers
|upkeep
|turn|28
|
|t:|1729196512
|move|p2a: Zapdos|Thunderbolt|p1a: Blissey
|-damage|p1a: Blissey|50/100
|move|p1a: Blissey|Ice Beam|p2a: Zapdos
|-supereffective|p2a: Zapdos
|-crit|p2a: Zapdos
|-damage|p2a: Zapdos|0 fnt
|faint|p2a: Zapdos
|
|t:|1729196521
|switch|p2a: Swampert|Swampert, M|8/100 tox
|
|-weather|Sandstorm|[upkeep]
|-damage|p1a: Blissey|44/100|[from] Sandstorm
|-heal|p1a: Blissey|50/100|[from] item: Leftovers
|-heal|p2a: Swampert|15/100 tox|[from] item: Leftovers
|-damage|p2a: Swampert|8/100 tox|[from] psn
|upkeep
|turn|29
|c|☆thestonewallsmith|wp good luck with the rest od the tourney
|c|☆thestonewallsmith|gg
|
|t:|1729196529
|move|p1a: Blissey|Ice Beam|p2a: Swampert
|-damage|p2a: Swampert|0 fnt
|faint|p2a: Swampert
|
|win|Sheik
|c|☆Sheik|ggs
|c|☆Sheik|same
|player|p2|

</script>
<script type="application/json" class="data" id="replaydata-smogtours-gen3ou-799367">
{"id":"smogtours-gen3ou-799367","format":"[Gen 3] OU","players":["Sheik","thestonewallsmith"],"uploadtime":1729196529,"views":118,"formatid":"gen3ou","rating":null,"private":1,"password":null}
</script>

<script defer src="js/replays.js?9d40a366"></script>
