<!DOCTYPE html>
<meta charset="utf-8" />
<meta name="viewport" content="width=device-width" />

<title>[Gen 3] OU: Sheik vs. social inclusion - Replays - Pok&eacute;mon Showdown!</title>

<meta name="description" content="Watch a replay of a Pok&eacute;mon battle between Sheik and social inclusion! Format: [Gen 3] OU; Date: Oct 4, 2024" />
<!--

Hey, you! Looking in the source for the replay log?

You can find them in JSON format, just add `.json` at the end of a replay URL.

https://replay.pokemonshowdown.com/gen7randomdoublesbattle-865046831.json

Or, if you only need the log itself, add `.log` instead:

https://replay.pokemonshowdown.com/gen7randomdoublesbattle-865046831.log

-->

<link rel="stylesheet" href="//pokemonshowdown.com/style/global.css?0.767286132409787" />
<link rel="stylesheet" href="//play.pokemonshowdown.com/style/font-awesome.css?0.9266228007934947" />
<link rel="stylesheet" href="//play.pokemonshowdown.com/style/battle.css?0.7924700842790926" />
<link rel="stylesheet" href="//play.pokemonshowdown.com/style/utilichart.css?0.8777417872839479" />

<!-- Global site tag (gtag.js) - Google Analytics -->
<script async src="https://www.googletagmanager.com/gtag/js?id=UA-26211653-1"></script>
<script>
  window.dataLayer = window.dataLayer || [];
  function gtag(){dataLayer.push(arguments);}
  gtag('js', new Date());

  gtag('config', 'UA-26211653-1');
</script>
<!-- End Google Analytics -->
<!-- Venatus Ad Manager - Install in <HEAD> of page -->
	<script src="https://hb.vntsm.com/v3/live/ad-manager.min.js" type="text/javascript" data-site-id="642aba63ec9a7b11c3c9c1be" data-mode="scan" async></script>
<!-- / Venatus Ad Manager -->

<style>
	@media (max-width:820px) {
		.battle {
			margin: 0 auto;
		}
		.battle-log {
			margin: 7px auto 0;
			max-width: 640px;
			height: 300px;
			position: static;
		}
	}
	.optgroup {
		display: inline-block;
		line-height: 22px;
		font-size: 10pt;
	}
	.optgroup .button {
		height: 25px;
		padding-top: 0;
		padding-bottom: 0;
	}
	.optgroup button.button {
		padding-left: 12px;
		padding-right: 12px;
	}
	.linklist {
		list-style: none;
		margin: 0.5em 0;
		padding: 0;
	}
	.linklist li {
		padding: 2px 0;
	}
	.sidebar {
		float: left;
		width: 320px;
	}
	.bar-wrapper {
		max-width: 1100px;
		margin: 0 auto;
	}
	.bar-wrapper.has-sidebar {
		max-width: 1430px;
	}
	.mainbar {
		margin: 0;
		padding-right: 1px;
	}
	.mainbar.has-sidebar {
		margin-left: 330px;
	}
	@media (min-width: 1511px) {
		.sidebar {
			width: 400px;
		}
		.bar-wrapper.has-sidebar {
			max-width: 1510px;
		}
		.mainbar.has-sidebar {
			margin-left: 410px;
		}
	}
	.section.first-section {
		margin-top: 9px;
	}
	.blocklink small {
		white-space: normal;
	}
	.button {
		vertical-align: middle;
	}
	.replay-controls {
		padding-top: 10px;
	}
	.replay-controls h1 {
		font-size: 16pt;
		font-weight: normal;
		color: #CCC;
	}
	.pagelink {
		text-align: center;
	}
	.pagelink a {
		width: 150px;
	}
	.textbox, .button {
		font-size: 11pt;
		vertical-align: middle;
	}
	@media (max-width: 450px) {
		.button {
			font-size: 9pt;
		}
	}
</style>

<div>

	<header>
		<div class="nav-wrapper"><ul class="nav">
			<li><a class="button nav-first" href="//pokemonshowdown.com/"><img src="//pokemonshowdown.com/images/pokemonshowdownbeta.png" srcset="//pokemonshowdown.com/images/pokemonshowdownbeta.png 1x, //pokemonshowdown.com/images/pokemonshowdownbeta@2x.png 2x" alt="Pok&eacute;mon Showdown" width="146" height="44" /> Home</a></li>
			<li><a class="button" href="//pokemonshowdown.com/dex/">Pok&eacute;dex</a></li>
			<li><a class="button cur" href="/">Replays</a></li>
			<li><a class="button" href="//pokemonshowdown.com/ladder/">Ladder</a></li>
			<li><a class="button nav-last" href="//pokemonshowdown.com/forums/">Forum</a></li>
			<li><a class="button greenbutton nav-first nav-last" href="//play.pokemonshowdown.com/">Play</a></li>
		</ul></div>
	</header>

	<div class="main" id="main">

		<noscript><section class="section">You need to enable JavaScript to use this page; sorry!</section></noscript>

	</div>

</div>

<script defer nomodule src="//play.pokemonshowdown.com/js/lib/ps-polyfill.js"></script>
<script defer src="//play.pokemonshowdown.com/js/lib/preact.min.js"></script>

<script defer src="//play.pokemonshowdown.com/config/config.js?6dec07f6"></script>
<script defer src="//play.pokemonshowdown.com/js/lib/jquery-1.11.0.min.js"></script>
<script defer src="//play.pokemonshowdown.com/js/lib/html-sanitizer-minified.js"></script>
<script defer src="//play.pokemonshowdown.com/js/battle-sound.js"></script>
<script defer src="//play.pokemonshowdown.com/js/battledata.js?0.6315294753075389"></script>
<script defer src="//play.pokemonshowdown.com/data/pokedex-mini.js?0.7603743185311358"></script>
<script defer src="//play.pokemonshowdown.com/data/pokedex-mini-bw.js?0.030888842834281283"></script>
<script defer src="//play.pokemonshowdown.com/data/graphics.js?0.05593094747507488"></script>
<script defer src="//play.pokemonshowdown.com/data/pokedex.js?0.47064822249611904"></script>
<script defer src="//play.pokemonshowdown.com/data/moves.js?0.8583693120512459"></script>
<script defer src="//play.pokemonshowdown.com/data/abilities.js?0.16017181182386842"></script>
<script defer src="//play.pokemonshowdown.com/data/items.js?0.4163379185673943"></script>
<script defer src="//play.pokemonshowdown.com/data/teambuilder-tables.js?0.31075597372830477"></script>
<script defer src="//play.pokemonshowdown.com/js/battle-tooltips.js?0.6536193500708172"></script>
<script defer src="//play.pokemonshowdown.com/js/battle.js?0.1916591943277901"></script>

<script defer src="js/utils.js?e31f9a17"></script>
<script defer src="js/replays-battle.js?7008c182"></script>

<!-- don't scrape this data! just add .json or .log after the URL!
Full API docs: https://github.com/smogon/pokemon-showdown-client/blob/master/WEB-API.md -->
<script type="text/plain" class="log" id="replaylog-smogtours-gen3ou-794671">
|inactive|Battle timer is ON: inactive players will automatically lose when time's up.
|t:|1728069792
|gametype|singles
|player|p1|Sheik|#roaplxyorknewyanma|
|player|p2|social inclusion|266|
|teamsize|p1|6
|teamsize|p2|6
|gen|3
|tier|[Gen 3] OU
|rule|Sleep Clause Mod: Limit one foe put to sleep
|rule|Switch Priority Clause Mod: Faster Pokémon switch first
|rule|Species Clause: Limit one of each Pokémon
|rule|OHKO Clause: OHKO moves are banned
|rule|Evasion Items Clause: Evasion items are banned
|rule|Evasion Moves Clause: Evasion moves are banned
|rule|Endless Battle Clause: Forcing endless battles is banned
|rule|HP Percentage Mod: HP is shown in percentages
|rule|One Boost Passer Clause: Limit one Baton Passer that has a way to boost its stats
|rule|Freeze Clause Mod: Limit one foe frozen
|
|t:|1728069792
|start
|switch|p1a: Tyranitar|Tyranitar, M|100/100
|switch|p2a: Zapdos|Zapdos|100/100
|-weather|Sandstorm|[from] ability: Sand Stream|[of] p1a: Tyranitar
|turn|1
|c|☆social inclusion|hf
|c|☆Sheik|/log Sheik made the replay of this battle unlisted.
|
|t:|1728069805
|move|p2a: Zapdos|Baton Pass|p2a: Zapdos
|
|t:|1728069807
|switch|p2a: Metagross|Metagross|100/100|[from] Baton Pass
|move|p1a: Tyranitar|Ice Beam|p2a: Metagross
|-resisted|p2a: Metagross
|-damage|p2a: Metagross|87/100
|
|-weather|Sandstorm|[upkeep]
|-heal|p2a: Metagross|93/100|[from] item: Leftovers
|upkeep
|turn|2
|
|t:|1728069811
|switch|p1a: Skarmory|Skarmory, M|100/100
|move|p2a: Metagross|Meteor Mash|p1a: Skarmory
|-resisted|p1a: Skarmory
|-damage|p1a: Skarmory|84/100
|
|-weather|Sandstorm|[upkeep]
|-heal|p1a: Skarmory|90/100|[from] item: Leftovers
|-heal|p2a: Metagross|99/100|[from] item: Leftovers
|upkeep
|turn|3
|
|t:|1728069816
|switch|p2a: Zapdos|Zapdos|100/100
|move|p1a: Skarmory|Spikes|p2a: Zapdos
|-sidestart|p2: social inclusion|Spikes
|
|-weather|Sandstorm|[upkeep]
|-damage|p2a: Zapdos|94/100|[from] Sandstorm
|-heal|p2a: Zapdos|100/100|[from] item: Leftovers
|-heal|p1a: Skarmory|96/100|[from] item: Leftovers
|upkeep
|turn|4
|
|t:|1728069820
|switch|p1a: Claydol|Claydol|100/100
|move|p2a: Zapdos|Substitute|p2a: Zapdos
|-start|p2a: Zapdos|Substitute
|-damage|p2a: Zapdos|76/100
|
|-weather|Sandstorm|[upkeep]
|-damage|p2a: Zapdos|69/100|[from] Sandstorm
|-heal|p2a: Zapdos|76/100|[from] item: Leftovers
|upkeep
|turn|5
|
|t:|1728069823
|move|p2a: Zapdos|Hidden Power|p1a: Claydol
|-supereffective|p1a: Claydol
|-damage|p1a: Claydol|53/100
|move|p1a: Claydol|Rock Slide|p2a: Zapdos
|-supereffective|p2a: Zapdos
|-end|p2a: Zapdos|Substitute
|
|-weather|Sandstorm|[upkeep]
|-damage|p2a: Zapdos|69/100|[from] Sandstorm
|-heal|p2a: Zapdos|76/100|[from] item: Leftovers
|-heal|p1a: Claydol|59/100|[from] item: Leftovers
|upkeep
|turn|6
|
|t:|1728069830
|move|p2a: Zapdos|Substitute|p2a: Zapdos
|-start|p2a: Zapdos|Substitute
|-damage|p2a: Zapdos|51/100
|move|p1a: Claydol|Rock Slide|p2a: Zapdos|[miss]
|-miss|p1a: Claydol|p2a: Zapdos
|
|-weather|Sandstorm|[upkeep]
|-damage|p2a: Zapdos|44/100|[from] Sandstorm
|-heal|p2a: Zapdos|51/100|[from] item: Leftovers
|-heal|p1a: Claydol|65/100|[from] item: Leftovers
|upkeep
|turn|7
|c|☆Sheik|ok
|
|t:|1728069837
|move|p2a: Zapdos|Hidden Power|p1a: Claydol
|-supereffective|p1a: Claydol
|-damage|p1a: Claydol|18/100
|move|p1a: Claydol|Rock Slide|p2a: Zapdos
|-supereffective|p2a: Zapdos
|-end|p2a: Zapdos|Substitute
|
|-weather|Sandstorm|[upkeep]
|-damage|p2a: Zapdos|44/100|[from] Sandstorm
|-heal|p2a: Zapdos|51/100|[from] item: Leftovers
|-heal|p1a: Claydol|24/100|[from] item: Leftovers
|upkeep
|turn|8
|
|t:|1728069841
|switch|p1a: Jirachi|Jirachi, shiny|100/100
|move|p2a: Zapdos|Hidden Power|p1a: Jirachi
|-resisted|p1a: Jirachi
|-crit|p1a: Jirachi
|-damage|p1a: Jirachi|81/100
|
|-weather|Sandstorm|[upkeep]
|-damage|p2a: Zapdos|44/100|[from] Sandstorm
|-heal|p2a: Zapdos|51/100|[from] item: Leftovers
|-heal|p1a: Jirachi|87/100|[from] item: Leftovers
|upkeep
|turn|9
|
|t:|1728069846
|move|p2a: Zapdos|Substitute|p2a: Zapdos
|-start|p2a: Zapdos|Substitute
|-damage|p2a: Zapdos|26/100
|move|p1a: Jirachi|Body Slam|p2a: Zapdos
|-crit|p2a: Zapdos
|-end|p2a: Zapdos|Substitute
|
|-weather|Sandstorm|[upkeep]
|-damage|p2a: Zapdos|20/100|[from] Sandstorm
|-heal|p2a: Zapdos|26/100|[from] item: Leftovers
|-heal|p1a: Jirachi|94/100|[from] item: Leftovers
|upkeep
|turn|10
|
|t:|1728069856
|switch|p1a: Claydol|Claydol|24/100
|move|p2a: Zapdos|Thunderbolt|p1a: Claydol
|-immune|p1a: Claydol
|
|-weather|Sandstorm|[upkeep]
|-damage|p2a: Zapdos|20/100|[from] Sandstorm
|-heal|p2a: Zapdos|26/100|[from] item: Leftovers
|-heal|p1a: Claydol|30/100|[from] item: Leftovers
|upkeep
|turn|11
|
|t:|1728069866
|switch|p1a: Jirachi|Jirachi, shiny|94/100
|move|p2a: Zapdos|Hidden Power|p1a: Jirachi
|-resisted|p1a: Jirachi
|-damage|p1a: Jirachi|85/100
|
|-weather|Sandstorm|[upkeep]
|-damage|p2a: Zapdos|20/100|[from] Sandstorm
|-heal|p2a: Zapdos|26/100|[from] item: Leftovers
|-heal|p1a: Jirachi|91/100|[from] item: Leftovers
|upkeep
|turn|12
|
|t:|1728069877
|move|p2a: Zapdos|Baton Pass|p2a: Zapdos
|
|t:|1728069879
|switch|p2a: Metagross|Metagross|99/100|[from] Baton Pass
|-damage|p2a: Metagross|87/100|[from] Spikes
|move|p1a: Jirachi|Body Slam|p2a: Metagross
|-resisted|p2a: Metagross
|-damage|p2a: Metagross|80/100
|-status|p2a: Metagross|par
|
|-weather|Sandstorm|[upkeep]
|-heal|p1a: Jirachi|97/100|[from] item: Leftovers
|-heal|p2a: Metagross|86/100 par|[from] item: Leftovers
|upkeep
|turn|13
|
|t:|1728069885
|switch|p1a: Skarmory|Skarmory, M|96/100
|switch|p2a: Zapdos|Zapdos|26/100
|
|-weather|Sandstorm|[upkeep]
|-damage|p2a: Zapdos|20/100|[from] Sandstorm
|-heal|p2a: Zapdos|26/100|[from] item: Leftovers
|-heal|p1a: Skarmory|100/100|[from] item: Leftovers
|upkeep
|turn|14
|
|t:|1728069897
|switch|p1a: Jirachi|Jirachi, shiny|97/100
|move|p2a: Zapdos|Thunderbolt|p1a: Jirachi
|-damage|p1a: Jirachi|57/100
|
|-weather|Sandstorm|[upkeep]
|-damage|p2a: Zapdos|20/100|[from] Sandstorm
|-heal|p2a: Zapdos|26/100|[from] item: Leftovers
|-heal|p1a: Jirachi|64/100|[from] item: Leftovers
|upkeep
|turn|15
|
|t:|1728069905
|move|p2a: Zapdos|Thunderbolt|p1a: Jirachi
|-damage|p1a: Jirachi|24/100
|move|p1a: Jirachi|Wish|p1a: Jirachi
|
|-weather|Sandstorm|[upkeep]
|-damage|p2a: Zapdos|20/100|[from] Sandstorm
|-heal|p2a: Zapdos|26/100|[from] item: Leftovers
|-heal|p1a: Jirachi|30/100|[from] item: Leftovers
|upkeep
|turn|16
|
|t:|1728069910
|move|p1a: Jirachi|Protect|p1a: Jirachi
|-singleturn|p1a: Jirachi|Protect
|move|p2a: Zapdos|Baton Pass|p2a: Zapdos
|
|t:|1728069912
|switch|p2a: Dugtrio|Dugtrio, M|100/100|[from] Baton Pass
|-damage|p2a: Dugtrio|88/100|[from] Spikes
|
|-heal|p1a: Jirachi|80/100|[from] move: Wish|[wisher] Jirachi
|-weather|Sandstorm|[upkeep]
|-heal|p1a: Jirachi|86/100|[from] item: Leftovers
|upkeep
|turn|17
|
|t:|1728069916
|move|p2a: Dugtrio|Earthquake|p1a: Jirachi
|-supereffective|p1a: Jirachi
|-damage|p1a: Jirachi|8/100
|move|p1a: Jirachi|Body Slam|p2a: Dugtrio
|-damage|p2a: Dugtrio|37/100
|-status|p2a: Dugtrio|par
|
|-weather|Sandstorm|[upkeep]
|-heal|p1a: Jirachi|14/100|[from] item: Leftovers
|upkeep
|turn|18
|
|t:|1728069921
|move|p1a: Jirachi|Protect|p1a: Jirachi
|-singleturn|p1a: Jirachi|Protect
|move|p2a: Dugtrio|Earthquake|p1a: Jirachi
|-activate|p1a: Jirachi|Protect
|
|-weather|Sandstorm|[upkeep]
|-heal|p1a: Jirachi|20/100|[from] item: Leftovers
|upkeep
|turn|19
|
|t:|1728069923
|move|p1a: Jirachi|Body Slam|p2a: Dugtrio
|-crit|p2a: Dugtrio
|-damage|p2a: Dugtrio|0 fnt
|faint|p2a: Dugtrio
|
|t:|1728069925
|switch|p2a: Zapdos|Zapdos|26/100
|
|-weather|Sandstorm|[upkeep]
|-damage|p2a: Zapdos|20/100|[from] Sandstorm
|-heal|p2a: Zapdos|26/100|[from] item: Leftovers
|-heal|p1a: Jirachi|26/100|[from] item: Leftovers
|upkeep
|turn|20
|
|t:|1728069928
|move|p1a: Jirachi|Protect|p1a: Jirachi
|-singleturn|p1a: Jirachi|Protect
|move|p2a: Zapdos|Thunderbolt|p1a: Jirachi
|-activate|p1a: Jirachi|Protect
|
|-weather|Sandstorm|[upkeep]
|-damage|p2a: Zapdos|20/100|[from] Sandstorm
|-heal|p2a: Zapdos|26/100|[from] item: Leftovers
|-heal|p1a: Jirachi|33/100|[from] item: Leftovers
|upkeep
|turn|21
|
|t:|1728069934
|switch|p1a: Claydol|Claydol|30/100
|move|p2a: Zapdos|Thunderbolt|p1a: Claydol
|-immune|p1a: Claydol
|
|-weather|Sandstorm|[upkeep]
|-damage|p2a: Zapdos|20/100|[from] Sandstorm
|-heal|p2a: Zapdos|26/100|[from] item: Leftovers
|-heal|p1a: Claydol|36/100|[from] item: Leftovers
|upkeep
|turn|22
|
|t:|1728069937
|switch|p1a: Jirachi|Jirachi, shiny|33/100
|move|p2a: Zapdos|Hidden Power|p1a: Jirachi
|-resisted|p1a: Jirachi
|-damage|p1a: Jirachi|24/100
|
|-weather|Sandstorm|[upkeep]
|-damage|p2a: Zapdos|20/100|[from] Sandstorm
|-heal|p2a: Zapdos|26/100|[from] item: Leftovers
|-heal|p1a: Jirachi|30/100|[from] item: Leftovers
|upkeep
|turn|23
|
|t:|1728069941
|move|p1a: Jirachi|Protect|p1a: Jirachi
|-singleturn|p1a: Jirachi|Protect
|move|p2a: Zapdos|Thunderbolt|p1a: Jirachi
|-activate|p1a: Jirachi|Protect
|
|-weather|Sandstorm|[upkeep]
|-damage|p2a: Zapdos|20/100|[from] Sandstorm
|-heal|p2a: Zapdos|26/100|[from] item: Leftovers
|-heal|p1a: Jirachi|36/100|[from] item: Leftovers
|upkeep
|turn|24
|
|t:|1728069944
|switch|p1a: Claydol|Claydol|36/100
|move|p2a: Zapdos|Thunderbolt|p1a: Claydol
|-immune|p1a: Claydol
|
|-weather|Sandstorm|[upkeep]
|-damage|p2a: Zapdos|20/100|[from] Sandstorm
|-heal|p2a: Zapdos|26/100|[from] item: Leftovers
|-heal|p1a: Claydol|42/100|[from] item: Leftovers
|upkeep
|turn|25
|
|t:|1728069949
|switch|p1a: Zapdos|Zapdos|100/100
|move|p2a: Zapdos|Hidden Power|p1a: Zapdos
|-resisted|p1a: Zapdos
|-damage|p1a: Zapdos|86/100
|
|-weather|Sandstorm|[upkeep]
|-damage|p2a: Zapdos|20/100|[from] Sandstorm
|-damage|p1a: Zapdos|80/100|[from] Sandstorm
|-heal|p2a: Zapdos|26/100|[from] item: Leftovers
|-heal|p1a: Zapdos|86/100|[from] item: Leftovers
|upkeep
|turn|26
|
|t:|1728069959
|move|p2a: Zapdos|Baton Pass|p2a: Zapdos
|
|t:|1728069969
|switch|p2a: Celebi|Celebi|100/100|[from] Baton Pass
|-damage|p2a: Celebi|88/100|[from] Spikes
|move|p1a: Zapdos|Thunderbolt|p2a: Celebi
|-resisted|p2a: Celebi
|-damage|p2a: Celebi|65/100
|
|-weather|Sandstorm|[upkeep]
|-damage|p1a: Zapdos|80/100|[from] Sandstorm
|-damage|p2a: Celebi|59/100|[from] Sandstorm
|-heal|p1a: Zapdos|86/100|[from] item: Leftovers
|-heal|p2a: Celebi|65/100|[from] item: Leftovers
|upkeep
|turn|27
|
|t:|1728069974
|move|p1a: Zapdos|Drill Peck|p2a: Celebi
|-supereffective|p2a: Celebi
|-damage|p2a: Celebi|28/100
|move|p2a: Celebi|Calm Mind|p2a: Celebi
|-boost|p2a: Celebi|spa|1
|-boost|p2a: Celebi|spd|1
|
|-weather|Sandstorm|[upkeep]
|-damage|p1a: Zapdos|80/100|[from] Sandstorm
|-damage|p2a: Celebi|22/100|[from] Sandstorm
|-heal|p1a: Zapdos|86/100|[from] item: Leftovers
|-heal|p2a: Celebi|28/100|[from] item: Leftovers
|upkeep
|turn|28
|
|t:|1728069977
|move|p1a: Zapdos|Drill Peck|p2a: Celebi
|-supereffective|p2a: Celebi
|-damage|p2a: Celebi|0 fnt
|faint|p2a: Celebi
|
|t:|1728069993
|switch|p2a: Metagross|Metagross|86/100 par
|-damage|p2a: Metagross|74/100 par|[from] Spikes
|
|-weather|Sandstorm|[upkeep]
|-damage|p1a: Zapdos|80/100|[from] Sandstorm
|-heal|p1a: Zapdos|86/100|[from] item: Leftovers
|-heal|p2a: Metagross|80/100 par|[from] item: Leftovers
|upkeep
|turn|29
|
|t:|1728069999
|switch|p1a: Skarmory|Skarmory, M|100/100
|cant|p2a: Metagross|par
|
|-weather|Sandstorm|[upkeep]
|-heal|p2a: Metagross|86/100 par|[from] item: Leftovers
|upkeep
|turn|30
|
|t:|1728070003
|move|p1a: Skarmory|Spikes|p2a: Metagross
|-sidestart|p2: social inclusion|Spikes
|move|p2a: Metagross|Hidden Power|p1a: Skarmory
|-supereffective|p1a: Skarmory
|-damage|p1a: Skarmory|63/100
|
|-weather|Sandstorm|[upkeep]
|-heal|p1a: Skarmory|69/100|[from] item: Leftovers
|-heal|p2a: Metagross|92/100 par|[from] item: Leftovers
|upkeep
|turn|31
|
|t:|1728070006
|move|p1a: Skarmory|Spikes|p2a: Metagross
|-sidestart|p2: social inclusion|Spikes
|move|p2a: Metagross|Hidden Power|p1a: Skarmory
|-supereffective|p1a: Skarmory
|-damage|p1a: Skarmory|26/100
|
|-weather|Sandstorm|[upkeep]
|-heal|p1a: Skarmory|33/100|[from] item: Leftovers
|-heal|p2a: Metagross|98/100 par|[from] item: Leftovers
|upkeep
|turn|32
|
|t:|1728070014
|move|p2a: Metagross|Hidden Power|p1a: Skarmory
|-supereffective|p1a: Skarmory
|-crit|p1a: Skarmory
|-damage|p1a: Skarmory|0 fnt
|faint|p1a: Skarmory
|
|t:|1728070016
|switch|p1a: Claydol|Claydol|42/100
|
|-weather|Sandstorm|[upkeep]
|-heal|p1a: Claydol|49/100|[from] item: Leftovers
|-heal|p2a: Metagross|100/100 par|[from] item: Leftovers
|upkeep
|turn|33
|
|t:|1728070033
|move|p1a: Claydol|Earthquake|p2a: Metagross
|-supereffective|p2a: Metagross
|-damage|p2a: Metagross|46/100 par
|move|p2a: Metagross|Explosion|p1a: Claydol
|-damage|p1a: Claydol|0 fnt
|faint|p2a: Metagross
|faint|p1a: Claydol
|
|t:|1728070043
|switch|p1a: Tyranitar|Tyranitar, M|100/100
|switch|p2a: Zapdos|Zapdos|26/100
|
|-weather|Sandstorm|[upkeep]
|-damage|p2a: Zapdos|20/100|[from] Sandstorm
|-heal|p2a: Zapdos|26/100|[from] item: Leftovers
|upkeep
|turn|34
|
|t:|1728070046
|move|p2a: Zapdos|Thunderbolt|p1a: Tyranitar
|-damage|p1a: Tyranitar|59/100
|move|p1a: Tyranitar|Crunch|p2a: Zapdos
|-damage|p2a: Zapdos|0 fnt
|faint|p2a: Zapdos
|
|t:|1728070051
|switch|p2a: Kingdra|Kingdra, M|100/100
|-damage|p2a: Kingdra|76/100|[from] Spikes
|
|-weather|Sandstorm|[upkeep]
|-damage|p2a: Kingdra|69/100|[from] Sandstorm
|-heal|p2a: Kingdra|76/100|[from] item: Leftovers
|-heal|p1a: Tyranitar|65/100|[from] item: Leftovers
|upkeep
|turn|35
|
|t:|1728070054
|move|p2a: Kingdra|Rain Dance|p2a: Kingdra
|-weather|RainDance
|move|p1a: Tyranitar|Crunch|p2a: Kingdra
|-damage|p2a: Kingdra|42/100
|
|-weather|RainDance|[upkeep]
|-heal|p2a: Kingdra|49/100|[from] item: Leftovers
|-heal|p1a: Tyranitar|72/100|[from] item: Leftovers
|upkeep
|turn|36
|
|t:|1728070058
|switch|p1a: Jirachi|Jirachi, shiny|36/100
|move|p2a: Kingdra|Surf|p1a: Jirachi
|-damage|p1a: Jirachi|0 fnt
|faint|p1a: Jirachi
|
|t:|1728070060
|switch|p1a: Tyranitar|Tyranitar, M|72/100
|-weather|Sandstorm|[from] ability: Sand Stream|[of] p1a: Tyranitar
|
|-weather|Sandstorm|[upkeep]
|-damage|p2a: Kingdra|42/100|[from] Sandstorm
|-heal|p2a: Kingdra|49/100|[from] item: Leftovers
|-heal|p1a: Tyranitar|78/100|[from] item: Leftovers
|upkeep
|turn|37
|
|t:|1728070069
|move|p2a: Kingdra|Rain Dance|p2a: Kingdra
|-weather|RainDance
|move|p1a: Tyranitar|Crunch|p2a: Kingdra
|-damage|p2a: Kingdra|17/100
|
|-weather|RainDance|[upkeep]
|-heal|p2a: Kingdra|23/100|[from] item: Leftovers
|-heal|p1a: Tyranitar|84/100|[from] item: Leftovers
|upkeep
|turn|38
|
|t:|1728070071
|switch|p1a: Zapdos|Zapdos|86/100
|move|p2a: Kingdra|Surf|p1a: Zapdos
|-damage|p1a: Zapdos|13/100
|
|-weather|RainDance|[upkeep]
|-heal|p2a: Kingdra|29/100|[from] item: Leftovers
|-heal|p1a: Zapdos|19/100|[from] item: Leftovers
|upkeep
|turn|39
|
|t:|1728070105
|move|p2a: Kingdra|Rain Dance||[still]
|-fail|p2a: Kingdra
|move|p1a: Zapdos|Thunderbolt|p2a: Kingdra
|-damage|p2a: Kingdra|0 fnt
|faint|p2a: Kingdra
|
|t:|1728070113
|switch|p2a: Heracross|Heracross, F|100/100
|-damage|p2a: Heracross|75/100|[from] Spikes
|
|-weather|RainDance|[upkeep]
|-heal|p1a: Zapdos|25/100|[from] item: Leftovers
|upkeep
|turn|40
|
|t:|1728070117
|move|p1a: Zapdos|Drill Peck|p2a: Heracross
|-supereffective|p2a: Heracross
|-damage|p2a: Heracross|0 fnt
|faint|p2a: Heracross
|
|win|Sheik
|c|☆social inclusion|gg
|c|☆Sheik|ggs
|player|p2|

</script>
<script type="application/json" class="data" id="replaydata-smogtours-gen3ou-794671">
{"id":"smogtours-gen3ou-794671","format":"[Gen 3] OU","players":["Sheik","social inclusion"],"uploadtime":1728070117,"views":137,"formatid":"gen3ou","rating":null,"private":1,"password":null}
</script>

<script defer src="js/replays.js?9d40a366"></script>
