<!DOCTYPE html>
<meta charset="utf-8" />
<meta name="viewport" content="width=device-width" />

<title>[Gen 3] OU: Mr Bluestacks vs. KingWafl - Replays - Pok&eacute;mon Showdown!</title>

<meta name="description" content="Watch a replay of a Pok&eacute;mon battle between Mr Bluestacks and KingWafl! Format: [Gen 3] OU; Date: Oct 22, 2024" />
<!--

Hey, you! Looking in the source for the replay log?

You can find them in JSON format, just add `.json` at the end of a replay URL.

https://replay.pokemonshowdown.com/gen7randomdoublesbattle-865046831.json

Or, if you only need the log itself, add `.log` instead:

https://replay.pokemonshowdown.com/gen7randomdoublesbattle-865046831.log

-->

<link rel="stylesheet" href="//pokemonshowdown.com/style/global.css?0.023195364461161105" />
<link rel="stylesheet" href="//play.pokemonshowdown.com/style/font-awesome.css?0.13261647063804238" />
<link rel="stylesheet" href="//play.pokemonshowdown.com/style/battle.css?0.8753245789963631" />
<link rel="stylesheet" href="//play.pokemonshowdown.com/style/utilichart.css?0.8627959624976733" />

<!-- Global site tag (gtag.js) - Google Analytics -->
<script async src="https://www.googletagmanager.com/gtag/js?id=UA-26211653-1"></script>
<script>
  window.dataLayer = window.dataLayer || [];
  function gtag(){dataLayer.push(arguments);}
  gtag('js', new Date());

  gtag('config', 'UA-26211653-1');
</script>
<!-- End Google Analytics -->
<!-- Venatus Ad Manager - Install in <HEAD> of page -->
	<script src="https://hb.vntsm.com/v3/live/ad-manager.min.js" type="text/javascript" data-site-id="642aba63ec9a7b11c3c9c1be" data-mode="scan" async></script>
<!-- / Venatus Ad Manager -->

<style>
	@media (max-width:820px) {
		.battle {
			margin: 0 auto;
		}
		.battle-log {
			margin: 7px auto 0;
			max-width: 640px;
			height: 300px;
			position: static;
		}
	}
	.optgroup {
		display: inline-block;
		line-height: 22px;
		font-size: 10pt;
	}
	.optgroup .button {
		height: 25px;
		padding-top: 0;
		padding-bottom: 0;
	}
	.optgroup button.button {
		padding-left: 12px;
		padding-right: 12px;
	}
	.linklist {
		list-style: none;
		margin: 0.5em 0;
		padding: 0;
	}
	.linklist li {
		padding: 2px 0;
	}
	.sidebar {
		float: left;
		width: 320px;
	}
	.bar-wrapper {
		max-width: 1100px;
		margin: 0 auto;
	}
	.bar-wrapper.has-sidebar {
		max-width: 1430px;
	}
	.mainbar {
		margin: 0;
		padding-right: 1px;
	}
	.mainbar.has-sidebar {
		margin-left: 330px;
	}
	@media (min-width: 1511px) {
		.sidebar {
			width: 400px;
		}
		.bar-wrapper.has-sidebar {
			max-width: 1510px;
		}
		.mainbar.has-sidebar {
			margin-left: 410px;
		}
	}
	.section.first-section {
		margin-top: 9px;
	}
	.blocklink small {
		white-space: normal;
	}
	.button {
		vertical-align: middle;
	}
	.replay-controls {
		padding-top: 10px;
	}
	.replay-controls h1 {
		font-size: 16pt;
		font-weight: normal;
		color: #CCC;
	}
	.pagelink {
		text-align: center;
	}
	.pagelink a {
		width: 150px;
	}
	.textbox, .button {
		font-size: 11pt;
		vertical-align: middle;
	}
	@media (max-width: 450px) {
		.button {
			font-size: 9pt;
		}
	}
</style>

<div>

	<header>
		<div class="nav-wrapper"><ul class="nav">
			<li><a class="button nav-first" href="//pokemonshowdown.com/"><img src="//pokemonshowdown.com/images/pokemonshowdownbeta.png" srcset="//pokemonshowdown.com/images/pokemonshowdownbeta.png 1x, //pokemonshowdown.com/images/pokemonshowdownbeta@2x.png 2x" alt="Pok&eacute;mon Showdown" width="146" height="44" /> Home</a></li>
			<li><a class="button" href="//pokemonshowdown.com/dex/">Pok&eacute;dex</a></li>
			<li><a class="button cur" href="/">Replays</a></li>
			<li><a class="button" href="//pokemonshowdown.com/ladder/">Ladder</a></li>
			<li><a class="button nav-last" href="//pokemonshowdown.com/forums/">Forum</a></li>
			<li><a class="button greenbutton nav-first nav-last" href="//play.pokemonshowdown.com/">Play</a></li>
		</ul></div>
	</header>

	<div class="main" id="main">

		<noscript><section class="section">You need to enable JavaScript to use this page; sorry!</section></noscript>

	</div>

</div>

<script defer nomodule src="//play.pokemonshowdown.com/js/lib/ps-polyfill.js"></script>
<script defer src="//play.pokemonshowdown.com/js/lib/preact.min.js"></script>

<script defer src="//play.pokemonshowdown.com/config/config.js?2bddbc15"></script>
<script defer src="//play.pokemonshowdown.com/js/lib/jquery-1.11.0.min.js"></script>
<script defer src="//play.pokemonshowdown.com/js/lib/html-sanitizer-minified.js"></script>
<script defer src="//play.pokemonshowdown.com/js/battle-sound.js"></script>
<script defer src="//play.pokemonshowdown.com/js/battledata.js?0.7209276989879541"></script>
<script defer src="//play.pokemonshowdown.com/data/pokedex-mini.js?0.6111056340867951"></script>
<script defer src="//play.pokemonshowdown.com/data/pokedex-mini-bw.js?0.3532142036491459"></script>
<script defer src="//play.pokemonshowdown.com/data/graphics.js?0.24223875632456182"></script>
<script defer src="//play.pokemonshowdown.com/data/pokedex.js?0.38839984266356864"></script>
<script defer src="//play.pokemonshowdown.com/data/moves.js?0.21866028504024015"></script>
<script defer src="//play.pokemonshowdown.com/data/abilities.js?0.2005157953846628"></script>
<script defer src="//play.pokemonshowdown.com/data/items.js?0.9894211263848525"></script>
<script defer src="//play.pokemonshowdown.com/data/teambuilder-tables.js?0.6008791140282215"></script>
<script defer src="//play.pokemonshowdown.com/js/battle-tooltips.js?0.7580118955022959"></script>
<script defer src="//play.pokemonshowdown.com/js/battle.js?0.6057722274234274"></script>

<script defer src="js/utils.js?e31f9a17"></script>
<script defer src="js/replays-battle.js?7008c182"></script>

<!-- don't scrape this data! just add .json or .log after the URL!
Full API docs: https://github.com/smogon/pokemon-showdown-client/blob/master/WEB-API.md -->
<script type="text/plain" class="log" id="replaylog-smogtours-gen3ou-801258">
|inactive|Battle timer is ON: inactive players will automatically lose when time's up.
|t:|1729628815
|gametype|singles
|player|p1|Mr Bluestacks|101|
|player|p2|KingWafl|266|
|teamsize|p1|6
|teamsize|p2|6
|gen|3
|tier|[Gen 3] OU
|rule|Sleep Clause Mod: Limit one foe put to sleep
|rule|Switch Priority Clause Mod: Faster Pokémon switch first
|rule|Species Clause: Limit one of each Pokémon
|rule|OHKO Clause: OHKO moves are banned
|rule|Evasion Items Clause: Evasion items are banned
|rule|Evasion Moves Clause: Evasion moves are banned
|rule|Endless Battle Clause: Forcing endless battles is banned
|rule|HP Percentage Mod: HP is shown in percentages
|rule|One Boost Passer Clause: Limit one Baton Passer that has a way to boost its stats
|rule|Freeze Clause Mod: Limit one foe frozen
|
|t:|1729628815
|start
|switch|p1a: Venusaur|Venusaur, M|100/100
|switch|p2a: Tyranitar|Tyranitar, M|100/100
|-weather|Sandstorm|[from] ability: Sand Stream|[of] p2a: Tyranitar
|turn|1
|c|☆KingWafl|glhf!
|c|☆Mr Bluestacks|U2!
|
|t:|1729628831
|move|p1a: Venusaur|Giga Drain|p2a: Tyranitar
|-supereffective|p2a: Tyranitar
|-damage|p2a: Tyranitar|52/100
|move|p2a: Tyranitar|Rock Slide|p1a: Venusaur
|-damage|p1a: Venusaur|11/100
|
|-weather|Sandstorm|[upkeep]
|-damage|p1a: Venusaur|5/100|[from] Sandstorm
|-heal|p1a: Venusaur|11/100|[from] item: Leftovers
|upkeep
|turn|2
|
|t:|1729628845
|move|p1a: Venusaur|Giga Drain|p2a: Tyranitar
|-supereffective|p2a: Tyranitar
|-damage|p2a: Tyranitar|0 fnt
|-heal|p1a: Venusaur|44/100|[from] drain|[of] p2a: Tyranitar
|faint|p2a: Tyranitar
|
|t:|1729628868
|switch|p2a: Aerodactyl|Aerodactyl, F|100/100
|
|-weather|Sandstorm|[upkeep]
|-damage|p1a: Venusaur|38/100|[from] Sandstorm
|-heal|p1a: Venusaur|44/100|[from] item: Leftovers
|upkeep
|turn|3
|
|t:|1729628882
|switch|p1a: Metagross|Metagross|100/100
|move|p2a: Aerodactyl|Hidden Power|p1a: Metagross
|-resisted|p1a: Metagross
|-damage|p1a: Metagross|82/100
|
|-weather|Sandstorm|[upkeep]
|-heal|p1a: Metagross|88/100|[from] item: Leftovers
|upkeep
|turn|4
|
|t:|1729628889
|switch|p2a: Swampert|Swampert, M|100/100
|move|p1a: Metagross|Meteor Mash|p2a: Swampert
|-resisted|p2a: Swampert
|-damage|p2a: Swampert|86/100
|
|-weather|Sandstorm|[upkeep]
|-heal|p1a: Metagross|94/100|[from] item: Leftovers
|-heal|p2a: Swampert|92/100|[from] item: Leftovers
|upkeep
|turn|5
|
|t:|1729628899
|switch|p1a: Zapdos|Zapdos|100/100
|switch|p2a: Skarmory|Skarmory, F|100/100
|
|-weather|Sandstorm|[upkeep]
|-damage|p1a: Zapdos|94/100|[from] Sandstorm
|-heal|p1a: Zapdos|100/100|[from] item: Leftovers
|upkeep
|turn|6
|
|t:|1729628904
|switch|p2a: Blissey|Blissey, F|100/100
|move|p1a: Zapdos|Thunderbolt|p2a: Blissey
|-damage|p2a: Blissey|83/100
|
|-weather|Sandstorm|[upkeep]
|-damage|p1a: Zapdos|94/100|[from] Sandstorm
|-damage|p2a: Blissey|77/100|[from] Sandstorm
|-heal|p1a: Zapdos|100/100|[from] item: Leftovers
|-heal|p2a: Blissey|83/100|[from] item: Leftovers
|upkeep
|turn|7
|
|t:|1729628915
|switch|p1a: Metagross|Metagross|94/100
|move|p2a: Blissey|Thunderbolt|p1a: Metagross
|-damage|p1a: Metagross|70/100
|
|-weather|Sandstorm|[upkeep]
|-damage|p2a: Blissey|77/100|[from] Sandstorm
|-heal|p1a: Metagross|76/100|[from] item: Leftovers
|-heal|p2a: Blissey|83/100|[from] item: Leftovers
|upkeep
|turn|8
|
|t:|1729628920
|switch|p2a: Swampert|Swampert, M|92/100
|move|p1a: Metagross|Meteor Mash|p2a: Swampert
|-resisted|p2a: Swampert
|-damage|p2a: Swampert|77/100
|
|-weather|Sandstorm|[upkeep]
|-heal|p1a: Metagross|82/100|[from] item: Leftovers
|-heal|p2a: Swampert|84/100|[from] item: Leftovers
|upkeep
|turn|9
|
|t:|1729628925
|switch|p1a: Zapdos|Zapdos|100/100
|move|p2a: Swampert|Protect||[still]
|-fail|p2a: Swampert
|
|-weather|Sandstorm|[upkeep]
|-damage|p1a: Zapdos|94/100|[from] Sandstorm
|-heal|p1a: Zapdos|100/100|[from] item: Leftovers
|-heal|p2a: Swampert|90/100|[from] item: Leftovers
|upkeep
|turn|10
|
|t:|1729628927
|switch|p2a: Blissey|Blissey, F|83/100
|move|p1a: Zapdos|Agility|p1a: Zapdos
|-boost|p1a: Zapdos|spe|2
|
|-weather|Sandstorm|[upkeep]
|-damage|p1a: Zapdos|94/100|[from] Sandstorm
|-damage|p2a: Blissey|77/100|[from] Sandstorm
|-heal|p1a: Zapdos|100/100|[from] item: Leftovers
|-heal|p2a: Blissey|83/100|[from] item: Leftovers
|upkeep
|turn|11
|
|t:|1729628935
|switch|p2a: Skarmory|Skarmory, F|100/100
|move|p1a: Zapdos|Baton Pass|p1a: Zapdos
|
|t:|1729628945
|switch|p1a: Venusaur|Venusaur, M|44/100|[from] Baton Pass
|
|-weather|Sandstorm|[upkeep]
|-damage|p1a: Venusaur|38/100|[from] Sandstorm
|-heal|p1a: Venusaur|44/100|[from] item: Leftovers
|upkeep
|turn|12
|
|t:|1729628951
|move|p1a: Venusaur|Sleep Powder|p2a: Skarmory
|-status|p2a: Skarmory|slp|[from] move: Sleep Powder
|cant|p2a: Skarmory|slp
|
|-weather|Sandstorm|[upkeep]
|-damage|p1a: Venusaur|38/100|[from] Sandstorm
|-heal|p1a: Venusaur|44/100|[from] item: Leftovers
|upkeep
|turn|13
|
|t:|1729628956
|switch|p2a: Aerodactyl|Aerodactyl, F|100/100
|move|p1a: Venusaur|Leech Seed|p2a: Aerodactyl
|-start|p2a: Aerodactyl|move: Leech Seed
|
|-weather|Sandstorm|[upkeep]
|-damage|p1a: Venusaur|38/100|[from] Sandstorm
|-heal|p1a: Venusaur|44/100|[from] item: Leftovers
|-damage|p2a: Aerodactyl|88/100|[from] Leech Seed|[of] p1a: Venusaur
|-heal|p1a: Venusaur|56/100|[silent]
|upkeep
|turn|14
|inactive|Mr Bluestacks has 270 seconds left.
|inactive|Mr Bluestacks has 240 seconds left.
|
|t:|1729629019
|switch|p1a: Metagross|Metagross|82/100
|switch|p2a: Gengar|Gengar, F|100/100
|
|-weather|Sandstorm|[upkeep]
|-damage|p2a: Gengar|94/100|[from] Sandstorm
|-heal|p2a: Gengar|100/100|[from] item: Leftovers
|-heal|p1a: Metagross|88/100|[from] item: Leftovers
|upkeep
|turn|15
|
|t:|1729629025
|move|p2a: Gengar|Will-O-Wisp|p1a: Metagross
|-status|p1a: Metagross|brn
|move|p1a: Metagross|Meteor Mash|p2a: Gengar
|-damage|p2a: Gengar|55/100
|
|-weather|Sandstorm|[upkeep]
|-damage|p2a: Gengar|48/100|[from] Sandstorm
|-heal|p2a: Gengar|55/100|[from] item: Leftovers
|-heal|p1a: Metagross|94/100 brn|[from] item: Leftovers
|-damage|p1a: Metagross|82/100 brn|[from] brn
|upkeep
|turn|16
|
|t:|1729629031
|switch|p2a: Swampert|Swampert, M|90/100
|move|p1a: Metagross|Psychic|p2a: Swampert
|-damage|p2a: Swampert|56/100
|
|-weather|Sandstorm|[upkeep]
|-heal|p1a: Metagross|88/100 brn|[from] item: Leftovers
|-damage|p1a: Metagross|75/100 brn|[from] brn
|-heal|p2a: Swampert|62/100|[from] item: Leftovers
|upkeep
|turn|17
|
|t:|1729629036
|move|p2a: Swampert|Protect|p2a: Swampert
|-singleturn|p2a: Swampert|Protect
|move|p1a: Metagross|Explosion|p2a: Swampert
|-activate|p2a: Swampert|Protect
|faint|p1a: Metagross
|
|t:|1729629038
|switch|p1a: Venusaur|Venusaur, M|56/100
|
|-weather|Sandstorm|[upkeep]
|-damage|p1a: Venusaur|50/100|[from] Sandstorm
|-heal|p1a: Venusaur|56/100|[from] item: Leftovers
|-heal|p2a: Swampert|68/100|[from] item: Leftovers
|upkeep
|turn|18
|
|t:|1729629058
|switch|p2a: Skarmory|Skarmory, F|100/100 slp
|move|p1a: Venusaur|Leech Seed|p2a: Skarmory
|-start|p2a: Skarmory|move: Leech Seed
|
|-weather|Sandstorm|[upkeep]
|-damage|p1a: Venusaur|50/100|[from] Sandstorm
|-heal|p1a: Venusaur|56/100|[from] item: Leftovers
|-damage|p2a: Skarmory|88/100 slp|[from] Leech Seed|[of] p1a: Venusaur
|-heal|p1a: Venusaur|69/100|[silent]
|upkeep
|turn|19
|
|t:|1729629062
|switch|p1a: Zapdos|Zapdos|100/100
|cant|p2a: Skarmory|slp
|
|-weather|Sandstorm|[upkeep]
|-damage|p1a: Zapdos|94/100|[from] Sandstorm
|-heal|p1a: Zapdos|100/100|[from] item: Leftovers
|-heal|p2a: Skarmory|94/100 slp|[from] item: Leftovers
|-damage|p2a: Skarmory|82/100 slp|[from] Leech Seed|[of] p1a: Zapdos
|upkeep
|turn|20
|
|t:|1729629066
|switch|p2a: Blissey|Blissey, F|83/100
|move|p1a: Zapdos|Agility|p1a: Zapdos
|-boost|p1a: Zapdos|spe|2
|
|-weather|Sandstorm|[upkeep]
|-damage|p1a: Zapdos|94/100|[from] Sandstorm
|-damage|p2a: Blissey|77/100|[from] Sandstorm
|-heal|p1a: Zapdos|100/100|[from] item: Leftovers
|-heal|p2a: Blissey|83/100|[from] item: Leftovers
|upkeep
|turn|21
|
|t:|1729629070
|move|p1a: Zapdos|Baton Pass|p1a: Zapdos
|
|t:|1729629072
|switch|p1a: Marowak|Marowak, F|100/100|[from] Baton Pass
|move|p2a: Blissey|Ice Beam|p1a: Marowak
|-supereffective|p1a: Marowak
|-damage|p1a: Marowak|24/100
|-status|p1a: Marowak|frz
|
|-weather|Sandstorm|[upkeep]
|-damage|p2a: Blissey|77/100|[from] Sandstorm
|-heal|p2a: Blissey|83/100|[from] item: Leftovers
|upkeep
|turn|22
|c|☆KingWafl|sorry
|c|☆Mr Bluestacks|very unlucky
|
|t:|1729629086
|-curestatus|p1a: Marowak|frz|[msg]
|move|p1a: Marowak|Earthquake|p2a: Blissey
|-damage|p2a: Blissey|0 fnt
|faint|p2a: Blissey
|c|☆Mr Bluestacks|OH WAIT
|c|☆Mr Bluestacks|THE KING
|
|t:|1729629102
|switch|p2a: Swampert|Swampert, M|68/100
|
|-weather|Sandstorm|[upkeep]
|-heal|p2a: Swampert|75/100|[from] item: Leftovers
|upkeep
|turn|23
|
|t:|1729629114
|move|p2a: Swampert|Protect|p2a: Swampert
|-singleturn|p2a: Swampert|Protect
|move|p1a: Marowak|Earthquake|p2a: Swampert
|-activate|p2a: Swampert|Protect
|
|-weather|Sandstorm|[upkeep]
|-heal|p2a: Swampert|81/100|[from] item: Leftovers
|upkeep
|turn|24
|
|t:|1729629120
|move|p1a: Marowak|Earthquake|p2a: Swampert
|-crit|p2a: Swampert
|-damage|p2a: Swampert|0 fnt
|faint|p2a: Swampert
|c|☆Mr Bluestacks|I'm sorry
|c|☆KingWafl|i apologized too early
|c|☆KingWafl|lol
|c|☆Mr Bluestacks|xD
|
|t:|1729629137
|switch|p2a: Aerodactyl|Aerodactyl, F|88/100
|
|-weather|Sandstorm|[upkeep]
|upkeep
|turn|25
|
|t:|1729629140
|move|p1a: Marowak|Hidden Power|p2a: Aerodactyl
|-supereffective|p2a: Aerodactyl
|-damage|p2a: Aerodactyl|0 fnt
|faint|p2a: Aerodactyl
|c|☆KingWafl|gg
|
|t:|1729629145
|switch|p2a: Gengar|Gengar, F|55/100
|
|-weather|Sandstorm|[upkeep]
|-damage|p2a: Gengar|48/100|[from] Sandstorm
|-heal|p2a: Gengar|55/100|[from] item: Leftovers
|upkeep
|turn|26
|
|t:|1729629148
|move|p1a: Marowak|Hidden Power|p2a: Gengar
|-damage|p2a: Gengar|0 fnt
|faint|p2a: Gengar
|
|t:|1729629150
|switch|p2a: Skarmory|Skarmory, F|82/100 slp
|
|-weather|Sandstorm|[upkeep]
|-heal|p2a: Skarmory|88/100 slp|[from] item: Leftovers
|upkeep
|turn|27
|
|t:|1729629152
|move|p1a: Marowak|Swords Dance|p1a: Marowak
|-boost|p1a: Marowak|atk|2
|cant|p2a: Skarmory|slp
|
|-weather|Sandstorm|[upkeep]
|-heal|p2a: Skarmory|94/100 slp|[from] item: Leftovers
|upkeep
|turn|28
|
|t:|1729629154
|move|p1a: Marowak|Hidden Power|p2a: Skarmory
|-crit|p2a: Skarmory
|-damage|p2a: Skarmory|0 fnt
|faint|p2a: Skarmory
|
|win|Mr Bluestacks
|c|☆Mr Bluestacks|gg
|c|☆KingWafl|OMG
|player|p1|
|c|☆KingWafl|crit master

</script>
<script type="application/json" class="data" id="replaydata-smogtours-gen3ou-801258">
{"id":"smogtours-gen3ou-801258","format":"[Gen 3] OU","players":["Mr Bluestacks","KingWafl"],"uploadtime":1729629154,"views":69,"formatid":"gen3ou","rating":null,"private":0,"password":null}
</script>

<script defer src="js/replays.js?9d40a366"></script>
