<!DOCTYPE html>
<meta charset="utf-8" />
<meta name="viewport" content="width=device-width" />

<title>[Gen 3] OU: Lemon LC vs. Thebadger1230 - Replays - Pok&eacute;mon Showdown!</title>

<meta name="description" content="Watch a replay of a Pok&eacute;mon battle between Lemon LC and Thebadger1230! Format: [Gen 3] OU; Date: Oct 29, 2024" />
<!--

Hey, you! Looking in the source for the replay log?

You can find them in JSON format, just add `.json` at the end of a replay URL.

https://replay.pokemonshowdown.com/gen7randomdoublesbattle-865046831.json

Or, if you only need the log itself, add `.log` instead:

https://replay.pokemonshowdown.com/gen7randomdoublesbattle-865046831.log

-->

<link rel="stylesheet" href="//pokemonshowdown.com/style/global.css?0.023195364461161105" />
<link rel="stylesheet" href="//play.pokemonshowdown.com/style/font-awesome.css?0.13261647063804238" />
<link rel="stylesheet" href="//play.pokemonshowdown.com/style/battle.css?0.8753245789963631" />
<link rel="stylesheet" href="//play.pokemonshowdown.com/style/utilichart.css?0.8627959624976733" />

<!-- Global site tag (gtag.js) - Google Analytics -->
<script async src="https://www.googletagmanager.com/gtag/js?id=UA-26211653-1"></script>
<script>
  window.dataLayer = window.dataLayer || [];
  function gtag(){dataLayer.push(arguments);}
  gtag('js', new Date());

  gtag('config', 'UA-26211653-1');
</script>
<!-- End Google Analytics -->
<!-- Venatus Ad Manager - Install in <HEAD> of page -->
	<script src="https://hb.vntsm.com/v3/live/ad-manager.min.js" type="text/javascript" data-site-id="642aba63ec9a7b11c3c9c1be" data-mode="scan" async></script>
<!-- / Venatus Ad Manager -->

<style>
	@media (max-width:820px) {
		.battle {
			margin: 0 auto;
		}
		.battle-log {
			margin: 7px auto 0;
			max-width: 640px;
			height: 300px;
			position: static;
		}
	}
	.optgroup {
		display: inline-block;
		line-height: 22px;
		font-size: 10pt;
	}
	.optgroup .button {
		height: 25px;
		padding-top: 0;
		padding-bottom: 0;
	}
	.optgroup button.button {
		padding-left: 12px;
		padding-right: 12px;
	}
	.linklist {
		list-style: none;
		margin: 0.5em 0;
		padding: 0;
	}
	.linklist li {
		padding: 2px 0;
	}
	.sidebar {
		float: left;
		width: 320px;
	}
	.bar-wrapper {
		max-width: 1100px;
		margin: 0 auto;
	}
	.bar-wrapper.has-sidebar {
		max-width: 1430px;
	}
	.mainbar {
		margin: 0;
		padding-right: 1px;
	}
	.mainbar.has-sidebar {
		margin-left: 330px;
	}
	@media (min-width: 1511px) {
		.sidebar {
			width: 400px;
		}
		.bar-wrapper.has-sidebar {
			max-width: 1510px;
		}
		.mainbar.has-sidebar {
			margin-left: 410px;
		}
	}
	.section.first-section {
		margin-top: 9px;
	}
	.blocklink small {
		white-space: normal;
	}
	.button {
		vertical-align: middle;
	}
	.replay-controls {
		padding-top: 10px;
	}
	.replay-controls h1 {
		font-size: 16pt;
		font-weight: normal;
		color: #CCC;
	}
	.pagelink {
		text-align: center;
	}
	.pagelink a {
		width: 150px;
	}
	.textbox, .button {
		font-size: 11pt;
		vertical-align: middle;
	}
	@media (max-width: 450px) {
		.button {
			font-size: 9pt;
		}
	}
</style>

<div>

	<header>
		<div class="nav-wrapper"><ul class="nav">
			<li><a class="button nav-first" href="//pokemonshowdown.com/"><img src="//pokemonshowdown.com/images/pokemonshowdownbeta.png" srcset="//pokemonshowdown.com/images/pokemonshowdownbeta.png 1x, //pokemonshowdown.com/images/pokemonshowdownbeta@2x.png 2x" alt="Pok&eacute;mon Showdown" width="146" height="44" /> Home</a></li>
			<li><a class="button" href="//pokemonshowdown.com/dex/">Pok&eacute;dex</a></li>
			<li><a class="button cur" href="/">Replays</a></li>
			<li><a class="button" href="//pokemonshowdown.com/ladder/">Ladder</a></li>
			<li><a class="button nav-last" href="//pokemonshowdown.com/forums/">Forum</a></li>
			<li><a class="button greenbutton nav-first nav-last" href="//play.pokemonshowdown.com/">Play</a></li>
		</ul></div>
	</header>

	<div class="main" id="main">

		<noscript><section class="section">You need to enable JavaScript to use this page; sorry!</section></noscript>

	</div>

</div>

<script defer nomodule src="//play.pokemonshowdown.com/js/lib/ps-polyfill.js"></script>
<script defer src="//play.pokemonshowdown.com/js/lib/preact.min.js"></script>

<script defer src="//play.pokemonshowdown.com/config/config.js?2bddbc15"></script>
<script defer src="//play.pokemonshowdown.com/js/lib/jquery-1.11.0.min.js"></script>
<script defer src="//play.pokemonshowdown.com/js/lib/html-sanitizer-minified.js"></script>
<script defer src="//play.pokemonshowdown.com/js/battle-sound.js"></script>
<script defer src="//play.pokemonshowdown.com/js/battledata.js?0.7209276989879541"></script>
<script defer src="//play.pokemonshowdown.com/data/pokedex-mini.js?0.6111056340867951"></script>
<script defer src="//play.pokemonshowdown.com/data/pokedex-mini-bw.js?0.3532142036491459"></script>
<script defer src="//play.pokemonshowdown.com/data/graphics.js?0.24223875632456182"></script>
<script defer src="//play.pokemonshowdown.com/data/pokedex.js?0.38839984266356864"></script>
<script defer src="//play.pokemonshowdown.com/data/moves.js?0.21866028504024015"></script>
<script defer src="//play.pokemonshowdown.com/data/abilities.js?0.2005157953846628"></script>
<script defer src="//play.pokemonshowdown.com/data/items.js?0.9894211263848525"></script>
<script defer src="//play.pokemonshowdown.com/data/teambuilder-tables.js?0.6008791140282215"></script>
<script defer src="//play.pokemonshowdown.com/js/battle-tooltips.js?0.7580118955022959"></script>
<script defer src="//play.pokemonshowdown.com/js/battle.js?0.6057722274234274"></script>

<script defer src="js/utils.js?e31f9a17"></script>
<script defer src="js/replays-battle.js?7008c182"></script>

<!-- don't scrape this data! just add .json or .log after the URL!
Full API docs: https://github.com/smogon/pokemon-showdown-client/blob/master/WEB-API.md -->
<script type="text/plain" class="log" id="replaylog-smogtours-gen3ou-803367">
|inactive|Battle timer is ON: inactive players will automatically lose when time's up.
|t:|1730238845
|gametype|singles
|player|p1|Lemon LC|170|
|player|p2|Thebadger1230|2|
|teamsize|p1|6
|teamsize|p2|6
|gen|3
|tier|[Gen 3] OU
|rule|Sleep Clause Mod: Limit one foe put to sleep
|rule|Switch Priority Clause Mod: Faster Pokémon switch first
|rule|Species Clause: Limit one of each Pokémon
|rule|OHKO Clause: OHKO moves are banned
|rule|Evasion Items Clause: Evasion items are banned
|rule|Evasion Moves Clause: Evasion moves are banned
|rule|Endless Battle Clause: Forcing endless battles is banned
|rule|HP Percentage Mod: HP is shown in percentages
|rule|One Boost Passer Clause: Limit one Baton Passer that has a way to boost its stats
|rule|Freeze Clause Mod: Limit one foe frozen
|
|t:|1730238845
|start
|switch|p1a: Harry Souttar|Swampert, F|100/100
|switch|p2a: Salamence|Salamence, F|100/100
|-ability|p2a: Salamence|Intimidate|boost
|-unboost|p1a: Harry Souttar|atk|1
|turn|1
|
|t:|1730238871
|switch|p2a: Skarmory|Skarmory, F|100/100
|move|p1a: Harry Souttar|Protect||[still]
|-fail|p1a: Harry Souttar
|
|upkeep
|turn|2
|
|t:|1730238885
|switch|p1a: Jesuran Rak-Sakyi|Starmie|100/100
|move|p2a: Skarmory|Roar|p1a: Jesuran Rak-Sakyi
|drag|p1a: Ollie Arblaster|Celebi|100/100
|
|upkeep
|turn|3
|inactive|Thebadger1230 has 270 seconds left.
|
|t:|1730238936
|move|p1a: Ollie Arblaster|Leech Seed|p2a: Skarmory
|-start|p2a: Skarmory|move: Leech Seed
|move|p2a: Skarmory|Spikes|p1a: Ollie Arblaster
|-sidestart|p1: Lemon LC|Spikes
|
|-damage|p2a: Skarmory|88/100|[from] Leech Seed|[of] p1a: Ollie Arblaster
|upkeep
|turn|4
|inactive|Thebadger1230 has 240 seconds left.
|
|t:|1730238967
|switch|p2a: Salamence|Salamence, F|100/100
|-ability|p2a: Salamence|Intimidate|boost
|-unboost|p1a: Ollie Arblaster|atk|1
|move|p1a: Ollie Arblaster|Hidden Power|p2a: Salamence
|-resisted|p2a: Salamence
|-damage|p2a: Salamence|90/100
|
|-heal|p2a: Salamence|96/100|[from] item: Leftovers
|upkeep
|turn|5
|inactive|Thebadger1230 has 240 seconds left.
|
|t:|1730238979
|move|p2a: Salamence|Dragon Claw|p1a: Ollie Arblaster
|-damage|p1a: Ollie Arblaster|68/100
|move|p1a: Ollie Arblaster|Leech Seed|p2a: Salamence
|-start|p2a: Salamence|move: Leech Seed
|
|-heal|p2a: Salamence|100/100|[from] item: Leftovers
|-damage|p2a: Salamence|88/100|[from] Leech Seed|[of] p1a: Ollie Arblaster
|-heal|p1a: Ollie Arblaster|78/100|[silent]
|-heal|p1a: Ollie Arblaster|84/100|[from] item: Leftovers
|upkeep
|turn|6
|
|t:|1730238991
|switch|p2a: Blissey|Blissey, F|100/100
|move|p1a: Ollie Arblaster|Recover|p1a: Ollie Arblaster
|-heal|p1a: Ollie Arblaster|100/100
|
|upkeep
|turn|7
|
|t:|1730238994
|move|p1a: Ollie Arblaster|Leech Seed|p2a: Blissey
|-start|p2a: Blissey|move: Leech Seed
|move|p2a: Blissey|Toxic|p1a: Ollie Arblaster
|-status|p1a: Ollie Arblaster|tox
|
|-damage|p1a: Ollie Arblaster|94/100 tox|[from] psn
|-damage|p2a: Blissey|88/100|[from] Leech Seed|[of] p1a: Ollie Arblaster
|-heal|p1a: Ollie Arblaster|100/100 tox|[silent]
|upkeep
|turn|8
|
|t:|1730239000
|switch|p2a: Salamence|Salamence, F|88/100
|-ability|p2a: Salamence|Intimidate|boost
|-unboost|p1a: Ollie Arblaster|atk|1
|move|p1a: Ollie Arblaster|Baton Pass|p1a: Ollie Arblaster
|
|t:|1730239010
|-curestatus|p1a: Ollie Arblaster|tox|[from] ability: Natural Cure
|switch|p1a: Jesuran Rak-Sakyi|Starmie|100/100|[from] Baton Pass
|-damage|p1a: Jesuran Rak-Sakyi|88/100|[from] Spikes
|
|-heal|p1a: Jesuran Rak-Sakyi|94/100|[from] item: Leftovers
|-heal|p2a: Salamence|94/100|[from] item: Leftovers
|upkeep
|turn|9
|inactive|Thebadger1230 has 270 seconds left.
|
|t:|1730239015
|switch|p2a: Blissey|Blissey, F|88/100
|move|p1a: Jesuran Rak-Sakyi|Thunder Wave|p2a: Blissey
|-status|p2a: Blissey|par
|
|-heal|p1a: Jesuran Rak-Sakyi|100/100|[from] item: Leftovers
|-heal|p2a: Blissey|94/100 par|[from] item: Leftovers
|upkeep
|turn|10
|
|t:|1730239020
|move|p1a: Jesuran Rak-Sakyi|Rapid Spin|p2a: Blissey
|-damage|p2a: Blissey|93/100 par
|-sideend|p1: Lemon LC|Spikes|[from] move: Rapid Spin|[of] p1a: Jesuran Rak-Sakyi
|move|p2a: Blissey|Toxic|p1a: Jesuran Rak-Sakyi|[miss]
|-miss|p2a: Blissey|p1a: Jesuran Rak-Sakyi
|
|-heal|p2a: Blissey|99/100 par|[from] item: Leftovers
|upkeep
|turn|11
|
|t:|1730239039
|switch|p1a: Michael Cooper|Blissey, F|100/100
|-curestatus|p2a: Blissey|par|[from] ability: Natural Cure
|switch|p2a: Swampert|Swampert, F|100/100
|
|upkeep
|turn|12
|
|t:|1730239052
|switch|p1a: Gustavo Hamer|Skarmory, F|100/100
|move|p2a: Swampert|Earthquake|p1a: Gustavo Hamer
|-immune|p1a: Gustavo Hamer
|
|upkeep
|turn|13
|
|t:|1730239064
|switch|p2a: Salamence|Salamence, F|94/100
|-ability|p2a: Salamence|Intimidate|boost
|-unboost|p1a: Gustavo Hamer|atk|1
|move|p1a: Gustavo Hamer|Spikes|p2a: Salamence
|-sidestart|p2: Thebadger1230|Spikes
|
|-heal|p2a: Salamence|100/100|[from] item: Leftovers
|upkeep
|turn|14
|
|t:|1730239073
|move|p1a: Gustavo Hamer|Protect|p1a: Gustavo Hamer
|-singleturn|p1a: Gustavo Hamer|Protect
|move|p2a: Salamence|Fire Blast|p1a: Gustavo Hamer
|-activate|p1a: Gustavo Hamer|Protect
|
|upkeep
|turn|15
|
|t:|1730239087
|switch|p2a: Skarmory|Skarmory, F|88/100
|switch|p1a: Michael Cooper|Blissey, F|100/100
|
|-heal|p2a: Skarmory|94/100|[from] item: Leftovers
|upkeep
|turn|16
|
|t:|1730239094
|switch|p2a: Blissey|Blissey, F|99/100
|-damage|p2a: Blissey|87/100|[from] Spikes
|move|p1a: Michael Cooper|Thunderbolt|p2a: Blissey
|-damage|p2a: Blissey|77/100
|
|-heal|p2a: Blissey|83/100|[from] item: Leftovers
|upkeep
|turn|17
|
|t:|1730239105
|switch|p1a: Ollie Arblaster|Celebi|100/100
|move|p2a: Blissey|Toxic|p1a: Ollie Arblaster
|-status|p1a: Ollie Arblaster|tox
|
|-damage|p1a: Ollie Arblaster|94/100 tox|[from] psn
|-heal|p2a: Blissey|89/100|[from] item: Leftovers
|upkeep
|turn|18
|
|t:|1730239114
|move|p1a: Ollie Arblaster|Leech Seed|p2a: Blissey
|-start|p2a: Blissey|move: Leech Seed
|move|p2a: Blissey|Flamethrower|p1a: Ollie Arblaster
|-supereffective|p1a: Ollie Arblaster
|-damage|p1a: Ollie Arblaster|54/100 tox
|
|-heal|p1a: Ollie Arblaster|60/100 tox|[from] item: Leftovers
|-damage|p1a: Ollie Arblaster|48/100 tox|[from] psn
|-heal|p2a: Blissey|95/100|[from] item: Leftovers
|-damage|p2a: Blissey|83/100|[from] Leech Seed|[of] p1a: Ollie Arblaster
|-heal|p1a: Ollie Arblaster|68/100 tox|[silent]
|upkeep
|turn|19
|
|t:|1730239119
|switch|p2a: Skarmory|Skarmory, F|94/100
|move|p1a: Ollie Arblaster|Baton Pass|p1a: Ollie Arblaster
|
|t:|1730239126
|-curestatus|p1a: Ollie Arblaster|tox|[from] ability: Natural Cure
|switch|p1a: Gustavo Hamer|Skarmory, F|100/100|[from] Baton Pass
|
|-heal|p2a: Skarmory|99/100|[from] item: Leftovers
|upkeep
|turn|20
|
|t:|1730239130
|move|p2a: Skarmory|Spikes|p1a: Gustavo Hamer
|-sidestart|p1: Lemon LC|Spikes
|move|p1a: Gustavo Hamer|Spikes|p2a: Skarmory
|-sidestart|p2: Thebadger1230|Spikes
|
|-heal|p2a: Skarmory|100/100|[from] item: Leftovers
|upkeep
|turn|21
|
|t:|1730239132
|move|p1a: Gustavo Hamer|Spikes|p2a: Skarmory
|-sidestart|p2: Thebadger1230|Spikes
|move|p2a: Skarmory|Spikes|p1a: Gustavo Hamer
|-sidestart|p1: Lemon LC|Spikes
|
|upkeep
|turn|22
|
|t:|1730239135
|switch|p1a: Jesuran Rak-Sakyi|Starmie|100/100
|-damage|p1a: Jesuran Rak-Sakyi|84/100|[from] Spikes
|move|p2a: Skarmory|Spikes|p1a: Jesuran Rak-Sakyi
|-sidestart|p1: Lemon LC|Spikes
|
|-heal|p1a: Jesuran Rak-Sakyi|90/100|[from] item: Leftovers
|upkeep
|turn|23
|
|t:|1730239142
|move|p1a: Jesuran Rak-Sakyi|Thunder Wave|p2a: Skarmory
|-status|p2a: Skarmory|par
|cant|p2a: Skarmory|par
|
|-heal|p1a: Jesuran Rak-Sakyi|96/100|[from] item: Leftovers
|upkeep
|turn|24
|
|t:|1730239149
|move|p1a: Jesuran Rak-Sakyi|Rapid Spin|p2a: Skarmory
|-resisted|p2a: Skarmory
|-damage|p2a: Skarmory|99/100 par
|-sideend|p1: Lemon LC|Spikes|[from] move: Rapid Spin|[of] p1a: Jesuran Rak-Sakyi
|move|p2a: Skarmory|Spikes|p1a: Jesuran Rak-Sakyi
|-sidestart|p1: Lemon LC|Spikes
|
|-heal|p1a: Jesuran Rak-Sakyi|100/100|[from] item: Leftovers
|-heal|p2a: Skarmory|100/100 par|[from] item: Leftovers
|upkeep
|turn|25
|
|t:|1730239155
|move|p1a: Jesuran Rak-Sakyi|Surf|p2a: Skarmory
|-damage|p2a: Skarmory|70/100 par
|move|p2a: Skarmory|Toxic|p1a: Jesuran Rak-Sakyi
|-status|p1a: Jesuran Rak-Sakyi|tox
|
|-damage|p1a: Jesuran Rak-Sakyi|94/100 tox|[from] psn
|-heal|p2a: Skarmory|76/100 par|[from] item: Leftovers
|upkeep
|turn|26
|
|t:|1730239164
|move|p1a: Jesuran Rak-Sakyi|Rapid Spin|p2a: Skarmory
|-resisted|p2a: Skarmory
|-damage|p2a: Skarmory|75/100 par
|-sideend|p1: Lemon LC|Spikes|[from] move: Rapid Spin|[of] p1a: Jesuran Rak-Sakyi
|move|p2a: Skarmory|Drill Peck|p1a: Jesuran Rak-Sakyi
|-damage|p1a: Jesuran Rak-Sakyi|69/100 tox
|
|-heal|p1a: Jesuran Rak-Sakyi|75/100 tox|[from] item: Leftovers
|-damage|p1a: Jesuran Rak-Sakyi|63/100 tox|[from] psn
|-heal|p2a: Skarmory|81/100 par|[from] item: Leftovers
|upkeep
|turn|27
|
|t:|1730239168
|move|p1a: Jesuran Rak-Sakyi|Recover|p1a: Jesuran Rak-Sakyi
|-heal|p1a: Jesuran Rak-Sakyi|100/100 tox
|move|p2a: Skarmory|Spikes|p1a: Jesuran Rak-Sakyi
|-sidestart|p1: Lemon LC|Spikes
|
|-damage|p1a: Jesuran Rak-Sakyi|82/100 tox|[from] psn
|-heal|p2a: Skarmory|87/100 par|[from] item: Leftovers
|upkeep
|turn|28
|
|t:|1730239176
|-curestatus|p1a: Jesuran Rak-Sakyi|tox|[from] ability: Natural Cure
|switch|p1a: Michael Cooper|Blissey, F|100/100
|-damage|p1a: Michael Cooper|88/100|[from] Spikes
|move|p2a: Skarmory|Spikes|p1a: Michael Cooper
|-sidestart|p1: Lemon LC|Spikes
|
|-heal|p1a: Michael Cooper|94/100|[from] item: Leftovers
|-heal|p2a: Skarmory|93/100 par|[from] item: Leftovers
|upkeep
|turn|29
|
|t:|1730239181
|switch|p1a: Jesuran Rak-Sakyi|Starmie|82/100
|-damage|p1a: Jesuran Rak-Sakyi|65/100|[from] Spikes
|cant|p2a: Skarmory|par
|
|-heal|p1a: Jesuran Rak-Sakyi|71/100|[from] item: Leftovers
|-heal|p2a: Skarmory|99/100 par|[from] item: Leftovers
|upkeep
|turn|30
|
|t:|1730239188
|move|p1a: Jesuran Rak-Sakyi|Rapid Spin|p2a: Skarmory
|-resisted|p2a: Skarmory
|-damage|p2a: Skarmory|98/100 par
|-sideend|p1: Lemon LC|Spikes|[from] move: Rapid Spin|[of] p1a: Jesuran Rak-Sakyi
|move|p2a: Skarmory|Toxic|p1a: Jesuran Rak-Sakyi
|-status|p1a: Jesuran Rak-Sakyi|tox
|
|-heal|p1a: Jesuran Rak-Sakyi|78/100 tox|[from] item: Leftovers
|-damage|p1a: Jesuran Rak-Sakyi|71/100 tox|[from] psn
|-heal|p2a: Skarmory|100/100 par|[from] item: Leftovers
|upkeep
|turn|31
|
|t:|1730239195
|-curestatus|p1a: Jesuran Rak-Sakyi|tox|[from] ability: Natural Cure
|switch|p1a: Ollie Arblaster|Celebi|68/100
|move|p2a: Skarmory|Spikes|p1a: Ollie Arblaster
|-sidestart|p1: Lemon LC|Spikes
|
|-heal|p1a: Ollie Arblaster|74/100|[from] item: Leftovers
|upkeep
|turn|32
|
|t:|1730239216
|switch|p2a: Salamence|Salamence, F|100/100
|-ability|p2a: Salamence|Intimidate|boost
|-unboost|p1a: Ollie Arblaster|atk|1
|move|p1a: Ollie Arblaster|Leech Seed|p2a: Salamence|[miss]
|-miss|p1a: Ollie Arblaster|p2a: Salamence
|
|-heal|p1a: Ollie Arblaster|80/100|[from] item: Leftovers
|upkeep
|turn|33
|
|t:|1730239224
|switch|p1a: Michael Cooper|Blissey, F|94/100
|-damage|p1a: Michael Cooper|82/100|[from] Spikes
|move|p2a: Salamence|Dragon Claw|p1a: Michael Cooper
|-crit|p1a: Michael Cooper
|-damage|p1a: Michael Cooper|47/100
|
|-heal|p1a: Michael Cooper|53/100|[from] item: Leftovers
|upkeep
|turn|34
|
|t:|1730239237
|switch|p2a: Swampert|Swampert, F|100/100
|-damage|p2a: Swampert|76/100|[from] Spikes
|move|p1a: Michael Cooper|Soft-Boiled|p1a: Michael Cooper
|-heal|p1a: Michael Cooper|100/100
|
|-heal|p2a: Swampert|82/100|[from] item: Leftovers
|upkeep
|turn|35
|
|t:|1730239246
|switch|p1a: Gustavo Hamer|Skarmory, F|100/100
|move|p2a: Swampert|Hydro Pump|p1a: Gustavo Hamer
|-damage|p1a: Gustavo Hamer|58/100
|
|-heal|p1a: Gustavo Hamer|64/100|[from] item: Leftovers
|-heal|p2a: Swampert|88/100|[from] item: Leftovers
|upkeep
|turn|36
|
|t:|1730239252
|move|p1a: Gustavo Hamer|Toxic|p2a: Swampert
|-status|p2a: Swampert|tox
|move|p2a: Swampert|Ice Beam|p1a: Gustavo Hamer
|-damage|p1a: Gustavo Hamer|41/100
|
|-heal|p1a: Gustavo Hamer|47/100|[from] item: Leftovers
|-heal|p2a: Swampert|94/100 tox|[from] item: Leftovers
|-damage|p2a: Swampert|88/100 tox|[from] psn
|upkeep
|turn|37
|
|t:|1730239257
|move|p1a: Gustavo Hamer|Protect|p1a: Gustavo Hamer
|-singleturn|p1a: Gustavo Hamer|Protect
|move|p2a: Swampert|Ice Beam|p1a: Gustavo Hamer
|-activate|p1a: Gustavo Hamer|Protect
|
|-heal|p1a: Gustavo Hamer|53/100|[from] item: Leftovers
|-heal|p2a: Swampert|94/100 tox|[from] item: Leftovers
|-damage|p2a: Swampert|82/100 tox|[from] psn
|upkeep
|turn|38
|
|t:|1730239266
|switch|p1a: Jesuran Rak-Sakyi|Starmie|71/100
|-damage|p1a: Jesuran Rak-Sakyi|59/100|[from] Spikes
|move|p2a: Swampert|Hydro Pump|p1a: Jesuran Rak-Sakyi
|-resisted|p1a: Jesuran Rak-Sakyi
|-damage|p1a: Jesuran Rak-Sakyi|34/100
|
|-heal|p1a: Jesuran Rak-Sakyi|40/100|[from] item: Leftovers
|-heal|p2a: Swampert|88/100 tox|[from] item: Leftovers
|-damage|p2a: Swampert|69/100 tox|[from] psn
|upkeep
|turn|39
|
|t:|1730239272
|move|p1a: Jesuran Rak-Sakyi|Recover|p1a: Jesuran Rak-Sakyi
|-heal|p1a: Jesuran Rak-Sakyi|90/100
|move|p2a: Swampert|Earthquake|p1a: Jesuran Rak-Sakyi
|-damage|p1a: Jesuran Rak-Sakyi|43/100
|
|-heal|p1a: Jesuran Rak-Sakyi|50/100|[from] item: Leftovers
|-heal|p2a: Swampert|76/100 tox|[from] item: Leftovers
|-damage|p2a: Swampert|51/100 tox|[from] psn
|upkeep
|turn|40
|
|t:|1730239281
|switch|p2a: Blissey|Blissey, F|83/100
|-damage|p2a: Blissey|58/100|[from] Spikes
|move|p1a: Jesuran Rak-Sakyi|Recover|p1a: Jesuran Rak-Sakyi
|-heal|p1a: Jesuran Rak-Sakyi|99/100
|
|-heal|p1a: Jesuran Rak-Sakyi|100/100|[from] item: Leftovers
|-heal|p2a: Blissey|64/100|[from] item: Leftovers
|upkeep
|turn|41
|
|t:|1730239293
|move|p1a: Jesuran Rak-Sakyi|Thunder Wave|p2a: Blissey
|-status|p2a: Blissey|par
|move|p2a: Blissey|Toxic|p1a: Jesuran Rak-Sakyi
|-status|p1a: Jesuran Rak-Sakyi|tox
|
|-damage|p1a: Jesuran Rak-Sakyi|94/100 tox|[from] psn
|-heal|p2a: Blissey|70/100 par|[from] item: Leftovers
|upkeep
|turn|42
|
|t:|1730239318
|move|p1a: Jesuran Rak-Sakyi|Rapid Spin|p2a: Blissey
|-damage|p2a: Blissey|67/100 par
|-sideend|p1: Lemon LC|Spikes|[from] move: Rapid Spin|[of] p1a: Jesuran Rak-Sakyi
|move|p2a: Blissey|Hidden Power|p1a: Jesuran Rak-Sakyi
|-supereffective|p1a: Jesuran Rak-Sakyi
|-damage|p1a: Jesuran Rak-Sakyi|57/100 tox
|
|-heal|p1a: Jesuran Rak-Sakyi|63/100 tox|[from] item: Leftovers
|-damage|p1a: Jesuran Rak-Sakyi|51/100 tox|[from] psn
|-heal|p2a: Blissey|74/100 par|[from] item: Leftovers
|upkeep
|turn|43
|
|t:|1730239348
|-curestatus|p1a: Jesuran Rak-Sakyi|tox|[from] ability: Natural Cure
|switch|p1a: Michael Cooper|Blissey, F|100/100
|move|p2a: Blissey|Flamethrower|p1a: Michael Cooper
|-damage|p1a: Michael Cooper|91/100
|
|-heal|p1a: Michael Cooper|97/100|[from] item: Leftovers
|-heal|p2a: Blissey|80/100 par|[from] item: Leftovers
|upkeep
|turn|44
|
|t:|1730239363
|switch|p1a: Ollie Arblaster|Celebi|80/100
|cant|p2a: Blissey|par
|
|-heal|p1a: Ollie Arblaster|86/100|[from] item: Leftovers
|-heal|p2a: Blissey|86/100 par|[from] item: Leftovers
|upkeep
|turn|45
|
|t:|1730239370
|move|p1a: Ollie Arblaster|Leech Seed|p2a: Blissey
|-start|p2a: Blissey|move: Leech Seed
|cant|p2a: Blissey|par
|
|-heal|p1a: Ollie Arblaster|92/100|[from] item: Leftovers
|-heal|p2a: Blissey|92/100 par|[from] item: Leftovers
|-damage|p2a: Blissey|80/100 par|[from] Leech Seed|[of] p1a: Ollie Arblaster
|-heal|p1a: Ollie Arblaster|100/100|[silent]
|upkeep
|turn|46
|
|t:|1730239375
|-curestatus|p2a: Blissey|par|[from] ability: Natural Cure
|switch|p2a: Skarmory|Skarmory, F|100/100 par
|move|p1a: Ollie Arblaster|Baton Pass|p1a: Ollie Arblaster
|
|t:|1730239381
|switch|p1a: Michael Cooper|Blissey, F|97/100|[from] Baton Pass
|
|-heal|p1a: Michael Cooper|100/100|[from] item: Leftovers
|upkeep
|turn|47
|
|t:|1730239388
|move|p1a: Michael Cooper|Ice Beam|p2a: Skarmory
|-damage|p2a: Skarmory|76/100 par
|move|p2a: Skarmory|Toxic|p1a: Michael Cooper
|-status|p1a: Michael Cooper|tox
|
|-damage|p1a: Michael Cooper|94/100 tox|[from] psn
|-heal|p2a: Skarmory|82/100 par|[from] item: Leftovers
|upkeep
|turn|48
|
|t:|1730239394
|move|p1a: Michael Cooper|Thunderbolt|p2a: Skarmory
|-supereffective|p2a: Skarmory
|-damage|p2a: Skarmory|32/100 par
|cant|p2a: Skarmory|par
|
|-heal|p1a: Michael Cooper|100/100 tox|[from] item: Leftovers
|-damage|p1a: Michael Cooper|88/100 tox|[from] psn
|-heal|p2a: Skarmory|38/100 par|[from] item: Leftovers
|upkeep
|turn|49
|
|t:|1730239407
|-curestatus|p1a: Michael Cooper|tox|[from] ability: Natural Cure
|switch|p1a: Ollie Arblaster|Celebi|100/100
|switch|p2a: Blissey|Blissey, F|80/100
|-damage|p2a: Blissey|55/100|[from] Spikes
|
|-heal|p2a: Blissey|61/100|[from] item: Leftovers
|upkeep
|turn|50
|
|t:|1730239413
|move|p1a: Ollie Arblaster|Leech Seed|p2a: Blissey
|-start|p2a: Blissey|move: Leech Seed
|move|p2a: Blissey|Soft-Boiled|p2a: Blissey
|-heal|p2a: Blissey|100/100
|
|-damage|p2a: Blissey|88/100|[from] Leech Seed|[of] p1a: Ollie Arblaster
|upkeep
|turn|51
|
|t:|1730239419
|switch|p2a: Salamence|Salamence, F|100/100
|-ability|p2a: Salamence|Intimidate|boost
|-unboost|p1a: Ollie Arblaster|atk|1
|move|p1a: Ollie Arblaster|Baton Pass|p1a: Ollie Arblaster
|
|t:|1730239421
|switch|p1a: Michael Cooper|Blissey, F|88/100|[from] Baton Pass
|
|-heal|p1a: Michael Cooper|94/100|[from] item: Leftovers
|upkeep
|turn|52
|
|t:|1730239425
|move|p2a: Salamence|Brick Break|p1a: Michael Cooper
|-supereffective|p1a: Michael Cooper
|-damage|p1a: Michael Cooper|45/100
|move|p1a: Michael Cooper|Ice Beam|p2a: Salamence
|-supereffective|p2a: Salamence
|-damage|p2a: Salamence|0 fnt
|faint|p2a: Salamence
|
|t:|1730239428
|switch|p2a: Aerodactyl|Aerodactyl, F|100/100
|
|-heal|p1a: Michael Cooper|51/100|[from] item: Leftovers
|upkeep
|turn|53
|
|t:|1730239437
|switch|p1a: Harry Souttar|Swampert, F|100/100
|move|p2a: Aerodactyl|Double-Edge|p1a: Harry Souttar
|-damage|p1a: Harry Souttar|61/100
|
|-heal|p1a: Harry Souttar|67/100|[from] item: Leftovers
|upkeep
|turn|54
|
|t:|1730239449
|switch|p2a: Skarmory|Skarmory, F|38/100 par
|move|p1a: Harry Souttar|Surf|p2a: Skarmory
|-damage|p2a: Skarmory|12/100 par
|
|-heal|p1a: Harry Souttar|74/100|[from] item: Leftovers
|-heal|p2a: Skarmory|18/100 par|[from] item: Leftovers
|upkeep
|turn|55
|
|t:|1730239454
|move|p1a: Harry Souttar|Surf|p2a: Skarmory
|-damage|p2a: Skarmory|0 fnt
|faint|p2a: Skarmory
|
|t:|1730239457
|switch|p2a: Blissey|Blissey, F|88/100
|-damage|p2a: Blissey|63/100|[from] Spikes
|
|-heal|p1a: Harry Souttar|80/100|[from] item: Leftovers
|-heal|p2a: Blissey|69/100|[from] item: Leftovers
|upkeep
|turn|56
|
|t:|1730239467
|switch|p1a: Ollie Arblaster|Celebi|100/100
|move|p2a: Blissey|Soft-Boiled|p2a: Blissey
|-heal|p2a: Blissey|100/100
|
|upkeep
|turn|57
|
|t:|1730239471
|move|p1a: Ollie Arblaster|Leech Seed|p2a: Blissey
|-start|p2a: Blissey|move: Leech Seed
|move|p2a: Blissey|Toxic|p1a: Ollie Arblaster
|-status|p1a: Ollie Arblaster|tox
|
|-damage|p1a: Ollie Arblaster|94/100 tox|[from] psn
|-damage|p2a: Blissey|88/100|[from] Leech Seed|[of] p1a: Ollie Arblaster
|-heal|p1a: Ollie Arblaster|100/100 tox|[silent]
|upkeep
|turn|58
|
|t:|1730239474
|move|p1a: Ollie Arblaster|Baton Pass|p1a: Ollie Arblaster
|
|t:|1730239478
|-curestatus|p1a: Ollie Arblaster|tox|[from] ability: Natural Cure
|switch|p1a: Rhian Brewster|Dugtrio, F|100/100|[from] Baton Pass
|move|p2a: Blissey|Flamethrower|p1a: Rhian Brewster
|-damage|p1a: Rhian Brewster|47/100
|
|-heal|p1a: Rhian Brewster|53/100|[from] item: Leftovers
|-heal|p2a: Blissey|94/100|[from] item: Leftovers
|-damage|p2a: Blissey|82/100|[from] Leech Seed|[of] p1a: Rhian Brewster
|-heal|p1a: Rhian Brewster|98/100|[silent]
|upkeep
|turn|59
|
|t:|1730239482
|move|p1a: Rhian Brewster|Protect|p1a: Rhian Brewster
|-singleturn|p1a: Rhian Brewster|Protect
|move|p2a: Blissey|Hidden Power|p1a: Rhian Brewster
|-activate|p1a: Rhian Brewster|Protect
|
|-heal|p1a: Rhian Brewster|100/100|[from] item: Leftovers
|-heal|p2a: Blissey|88/100|[from] item: Leftovers
|-damage|p2a: Blissey|75/100|[from] Leech Seed|[of] p1a: Rhian Brewster
|upkeep
|turn|60
|
|t:|1730239484
|move|p1a: Rhian Brewster|Substitute|p1a: Rhian Brewster
|-start|p1a: Rhian Brewster|Substitute
|-damage|p1a: Rhian Brewster|75/100
|move|p2a: Blissey|Hidden Power|p1a: Rhian Brewster
|-supereffective|p1a: Rhian Brewster
|-end|p1a: Rhian Brewster|Substitute
|
|-heal|p1a: Rhian Brewster|82/100|[from] item: Leftovers
|-heal|p2a: Blissey|82/100|[from] item: Leftovers
|-damage|p2a: Blissey|69/100|[from] Leech Seed|[of] p1a: Rhian Brewster
|-heal|p1a: Rhian Brewster|100/100|[silent]
|upkeep
|turn|61
|
|t:|1730239487
|move|p1a: Rhian Brewster|Protect|p1a: Rhian Brewster
|-singleturn|p1a: Rhian Brewster|Protect
|move|p2a: Blissey|Hidden Power|p1a: Rhian Brewster
|-activate|p1a: Rhian Brewster|Protect
|
|-heal|p2a: Blissey|75/100|[from] item: Leftovers
|-damage|p2a: Blissey|63/100|[from] Leech Seed|[of] p1a: Rhian Brewster
|upkeep
|turn|62
|
|t:|1730239488
|move|p1a: Rhian Brewster|Substitute|p1a: Rhian Brewster
|-start|p1a: Rhian Brewster|Substitute
|-damage|p1a: Rhian Brewster|75/100
|move|p2a: Blissey|Hidden Power|p1a: Rhian Brewster
|-supereffective|p1a: Rhian Brewster
|-end|p1a: Rhian Brewster|Substitute
|
|-heal|p1a: Rhian Brewster|82/100|[from] item: Leftovers
|-heal|p2a: Blissey|69/100|[from] item: Leftovers
|-damage|p2a: Blissey|57/100|[from] Leech Seed|[of] p1a: Rhian Brewster
|-heal|p1a: Rhian Brewster|100/100|[silent]
|upkeep
|turn|63
|
|t:|1730239490
|move|p1a: Rhian Brewster|Protect|p1a: Rhian Brewster
|-singleturn|p1a: Rhian Brewster|Protect
|move|p2a: Blissey|Hidden Power|p1a: Rhian Brewster
|-activate|p1a: Rhian Brewster|Protect
|
|-heal|p2a: Blissey|63/100|[from] item: Leftovers
|-damage|p2a: Blissey|50/100|[from] Leech Seed|[of] p1a: Rhian Brewster
|upkeep
|turn|64
|
|t:|1730239491
|move|p1a: Rhian Brewster|Substitute|p1a: Rhian Brewster
|-start|p1a: Rhian Brewster|Substitute
|-damage|p1a: Rhian Brewster|75/100
|move|p2a: Blissey|Hidden Power|p1a: Rhian Brewster
|-supereffective|p1a: Rhian Brewster
|-end|p1a: Rhian Brewster|Substitute
|
|-heal|p1a: Rhian Brewster|82/100|[from] item: Leftovers
|-heal|p2a: Blissey|56/100|[from] item: Leftovers
|-damage|p2a: Blissey|44/100|[from] Leech Seed|[of] p1a: Rhian Brewster
|-heal|p1a: Rhian Brewster|100/100|[silent]
|upkeep
|turn|65
|
|t:|1730239494
|move|p1a: Rhian Brewster|Protect|p1a: Rhian Brewster
|-singleturn|p1a: Rhian Brewster|Protect
|move|p2a: Blissey|Hidden Power|p1a: Rhian Brewster
|-activate|p1a: Rhian Brewster|Protect
|
|-heal|p2a: Blissey|50/100|[from] item: Leftovers
|-damage|p2a: Blissey|38/100|[from] Leech Seed|[of] p1a: Rhian Brewster
|upkeep
|turn|66
|
|t:|1730239495
|move|p1a: Rhian Brewster|Substitute|p1a: Rhian Brewster
|-start|p1a: Rhian Brewster|Substitute
|-damage|p1a: Rhian Brewster|75/100
|move|p2a: Blissey|Hidden Power|p1a: Rhian Brewster
|-supereffective|p1a: Rhian Brewster
|-end|p1a: Rhian Brewster|Substitute
|
|-heal|p1a: Rhian Brewster|82/100|[from] item: Leftovers
|-heal|p2a: Blissey|44/100|[from] item: Leftovers
|-damage|p2a: Blissey|31/100|[from] Leech Seed|[of] p1a: Rhian Brewster
|-heal|p1a: Rhian Brewster|100/100|[silent]
|upkeep
|turn|67
|
|t:|1730239499
|move|p1a: Rhian Brewster|Substitute|p1a: Rhian Brewster
|-start|p1a: Rhian Brewster|Substitute
|-damage|p1a: Rhian Brewster|75/100
|move|p2a: Blissey|Hidden Power|p1a: Rhian Brewster
|-supereffective|p1a: Rhian Brewster
|-end|p1a: Rhian Brewster|Substitute
|
|-heal|p1a: Rhian Brewster|82/100|[from] item: Leftovers
|-heal|p2a: Blissey|38/100|[from] item: Leftovers
|-damage|p2a: Blissey|25/100|[from] Leech Seed|[of] p1a: Rhian Brewster
|-heal|p1a: Rhian Brewster|100/100|[silent]
|upkeep
|turn|68
|
|t:|1730239500
|move|p1a: Rhian Brewster|Substitute|p1a: Rhian Brewster
|-start|p1a: Rhian Brewster|Substitute
|-damage|p1a: Rhian Brewster|75/100
|move|p2a: Blissey|Hidden Power|p1a: Rhian Brewster
|-supereffective|p1a: Rhian Brewster
|-end|p1a: Rhian Brewster|Substitute
|
|-heal|p1a: Rhian Brewster|82/100|[from] item: Leftovers
|-heal|p2a: Blissey|31/100|[from] item: Leftovers
|-damage|p2a: Blissey|19/100|[from] Leech Seed|[of] p1a: Rhian Brewster
|-heal|p1a: Rhian Brewster|100/100|[silent]
|upkeep
|turn|69
|
|t:|1730239502
|move|p1a: Rhian Brewster|Substitute|p1a: Rhian Brewster
|-start|p1a: Rhian Brewster|Substitute
|-damage|p1a: Rhian Brewster|75/100
|move|p2a: Blissey|Hidden Power|p1a: Rhian Brewster
|-supereffective|p1a: Rhian Brewster
|-end|p1a: Rhian Brewster|Substitute
|
|-heal|p1a: Rhian Brewster|82/100|[from] item: Leftovers
|-heal|p2a: Blissey|25/100|[from] item: Leftovers
|-damage|p2a: Blissey|12/100|[from] Leech Seed|[of] p1a: Rhian Brewster
|-heal|p1a: Rhian Brewster|100/100|[silent]
|upkeep
|turn|70
|
|t:|1730239504
|move|p1a: Rhian Brewster|Earthquake|p2a: Blissey
|-damage|p2a: Blissey|0 fnt
|faint|p2a: Blissey
|
|t:|1730239511
|switch|p2a: Aerodactyl|Aerodactyl, F|100/100
|
|upkeep
|turn|71
|
|t:|1730239517
|switch|p1a: Gustavo Hamer|Skarmory, F|53/100
|move|p2a: Aerodactyl|Rock Slide|p1a: Gustavo Hamer
|-damage|p1a: Gustavo Hamer|13/100
|
|-heal|p1a: Gustavo Hamer|19/100|[from] item: Leftovers
|upkeep
|turn|72
|
|t:|1730239523
|move|p2a: Aerodactyl|Rock Slide|p1a: Gustavo Hamer
|-damage|p1a: Gustavo Hamer|0 fnt
|faint|p1a: Gustavo Hamer
|
|t:|1730239524
|switch|p1a: Harry Souttar|Swampert, F|80/100
|
|-heal|p1a: Harry Souttar|86/100|[from] item: Leftovers
|upkeep
|turn|73
|
|t:|1730239527
|switch|p2a: Swampert|Swampert, F|51/100 tox
|-damage|p2a: Swampert|26/100 tox|[from] Spikes
|move|p1a: Harry Souttar|Surf|p2a: Swampert
|-damage|p2a: Swampert|0 fnt
|faint|p2a: Swampert
|
|t:|1730239532
|switch|p2a: Aerodactyl|Aerodactyl, F|100/100
|
|-heal|p1a: Harry Souttar|92/100|[from] item: Leftovers
|upkeep
|turn|74
|
|t:|1730239537
|move|p1a: Harry Souttar|Protect|p1a: Harry Souttar
|-singleturn|p1a: Harry Souttar|Protect
|move|p2a: Aerodactyl|Double-Edge|p1a: Harry Souttar
|-activate|p1a: Harry Souttar|Protect
|
|-heal|p1a: Harry Souttar|99/100|[from] item: Leftovers
|upkeep
|turn|75
|
|t:|1730239539
|move|p2a: Aerodactyl|Double-Edge|p1a: Harry Souttar
|-damage|p1a: Harry Souttar|62/100
|move|p1a: Harry Souttar|Surf|p2a: Aerodactyl
|-supereffective|p2a: Aerodactyl
|-damage|p2a: Aerodactyl|16/100
|
|-heal|p1a: Harry Souttar|68/100|[from] item: Leftovers
|upkeep
|turn|76
|
|t:|1730239544
|move|p2a: Aerodactyl|Double-Edge|p1a: Harry Souttar
|-damage|p1a: Harry Souttar|32/100
|move|p1a: Harry Souttar|Surf|p2a: Aerodactyl
|-supereffective|p2a: Aerodactyl
|-damage|p2a: Aerodactyl|0 fnt
|faint|p2a: Aerodactyl
|
|t:|1730239547
|switch|p2a: Tyranitar|Tyranitar, M|100/100
|-damage|p2a: Tyranitar|76/100|[from] Spikes
|-weather|Sandstorm|[from] ability: Sand Stream|[of] p2a: Tyranitar
|
|-weather|Sandstorm|[upkeep]
|-heal|p2a: Tyranitar|82/100|[from] item: Leftovers
|-heal|p1a: Harry Souttar|38/100|[from] item: Leftovers
|upkeep
|turn|77
|
|t:|1730239550
|move|p2a: Tyranitar|Dragon Dance|p2a: Tyranitar
|-boost|p2a: Tyranitar|atk|1
|-boost|p2a: Tyranitar|spe|1
|move|p1a: Harry Souttar|Surf|p2a: Tyranitar
|-supereffective|p2a: Tyranitar
|-damage|p2a: Tyranitar|34/100
|
|-weather|Sandstorm|[upkeep]
|-heal|p2a: Tyranitar|40/100|[from] item: Leftovers
|-heal|p1a: Harry Souttar|45/100|[from] item: Leftovers
|upkeep
|turn|78
|
|t:|1730239575
|move|p2a: Tyranitar|Rock Slide|p1a: Harry Souttar
|-resisted|p1a: Harry Souttar
|-damage|p1a: Harry Souttar|26/100
|cant|p1a: Harry Souttar|flinch
|
|-weather|Sandstorm|[upkeep]
|-heal|p2a: Tyranitar|46/100|[from] item: Leftovers
|-heal|p1a: Harry Souttar|32/100|[from] item: Leftovers
|upkeep
|turn|79
|
|t:|1730239581
|move|p2a: Tyranitar|Dragon Dance|p2a: Tyranitar
|-boost|p2a: Tyranitar|atk|1
|-boost|p2a: Tyranitar|spe|1
|move|p1a: Harry Souttar|Surf|p2a: Tyranitar
|-supereffective|p2a: Tyranitar
|-damage|p2a: Tyranitar|0 fnt
|faint|p2a: Tyranitar
|
|win|Lemon LC
|c|☆Thebadger1230|gg
|c|☆Lemon LC|gg
|player|p1|

</script>
<script type="application/json" class="data" id="replaydata-smogtours-gen3ou-803367">
{"id":"smogtours-gen3ou-803367","format":"[Gen 3] OU","players":["Lemon LC","Thebadger1230"],"uploadtime":1730239581,"views":56,"formatid":"gen3ou","rating":null,"private":0,"password":null}
</script>

<script defer src="js/replays.js?9d40a366"></script>
