<!DOCTYPE html>
<meta charset="utf-8" />
<meta name="viewport" content="width=device-width" />

<title>[Gen 3] OU: scald&gt;focusmiss vs. cryolite - Replays - Pok&eacute;mon Showdown!</title>

<meta name="description" content="Watch a replay of a Pok&eacute;mon battle between scald&gt;focusmiss and cryolite! Format: [Gen 3] OU; Date: Oct 15, 2024" />
<!--

Hey, you! Looking in the source for the replay log?

You can find them in JSON format, just add `.json` at the end of a replay URL.

https://replay.pokemonshowdown.com/gen7randomdoublesbattle-865046831.json

Or, if you only need the log itself, add `.log` instead:

https://replay.pokemonshowdown.com/gen7randomdoublesbattle-865046831.log

-->

<link rel="stylesheet" href="//pokemonshowdown.com/style/global.css?0.023195364461161105" />
<link rel="stylesheet" href="//play.pokemonshowdown.com/style/font-awesome.css?0.13261647063804238" />
<link rel="stylesheet" href="//play.pokemonshowdown.com/style/battle.css?0.8753245789963631" />
<link rel="stylesheet" href="//play.pokemonshowdown.com/style/utilichart.css?0.8627959624976733" />

<!-- Global site tag (gtag.js) - Google Analytics -->
<script async src="https://www.googletagmanager.com/gtag/js?id=UA-26211653-1"></script>
<script>
  window.dataLayer = window.dataLayer || [];
  function gtag(){dataLayer.push(arguments);}
  gtag('js', new Date());

  gtag('config', 'UA-26211653-1');
</script>
<!-- End Google Analytics -->
<!-- Venatus Ad Manager - Install in <HEAD> of page -->
	<script src="https://hb.vntsm.com/v3/live/ad-manager.min.js" type="text/javascript" data-site-id="642aba63ec9a7b11c3c9c1be" data-mode="scan" async></script>
<!-- / Venatus Ad Manager -->

<style>
	@media (max-width:820px) {
		.battle {
			margin: 0 auto;
		}
		.battle-log {
			margin: 7px auto 0;
			max-width: 640px;
			height: 300px;
			position: static;
		}
	}
	.optgroup {
		display: inline-block;
		line-height: 22px;
		font-size: 10pt;
	}
	.optgroup .button {
		height: 25px;
		padding-top: 0;
		padding-bottom: 0;
	}
	.optgroup button.button {
		padding-left: 12px;
		padding-right: 12px;
	}
	.linklist {
		list-style: none;
		margin: 0.5em 0;
		padding: 0;
	}
	.linklist li {
		padding: 2px 0;
	}
	.sidebar {
		float: left;
		width: 320px;
	}
	.bar-wrapper {
		max-width: 1100px;
		margin: 0 auto;
	}
	.bar-wrapper.has-sidebar {
		max-width: 1430px;
	}
	.mainbar {
		margin: 0;
		padding-right: 1px;
	}
	.mainbar.has-sidebar {
		margin-left: 330px;
	}
	@media (min-width: 1511px) {
		.sidebar {
			width: 400px;
		}
		.bar-wrapper.has-sidebar {
			max-width: 1510px;
		}
		.mainbar.has-sidebar {
			margin-left: 410px;
		}
	}
	.section.first-section {
		margin-top: 9px;
	}
	.blocklink small {
		white-space: normal;
	}
	.button {
		vertical-align: middle;
	}
	.replay-controls {
		padding-top: 10px;
	}
	.replay-controls h1 {
		font-size: 16pt;
		font-weight: normal;
		color: #CCC;
	}
	.pagelink {
		text-align: center;
	}
	.pagelink a {
		width: 150px;
	}
	.textbox, .button {
		font-size: 11pt;
		vertical-align: middle;
	}
	@media (max-width: 450px) {
		.button {
			font-size: 9pt;
		}
	}
</style>

<div>

	<header>
		<div class="nav-wrapper"><ul class="nav">
			<li><a class="button nav-first" href="//pokemonshowdown.com/"><img src="//pokemonshowdown.com/images/pokemonshowdownbeta.png" srcset="//pokemonshowdown.com/images/pokemonshowdownbeta.png 1x, //pokemonshowdown.com/images/pokemonshowdownbeta@2x.png 2x" alt="Pok&eacute;mon Showdown" width="146" height="44" /> Home</a></li>
			<li><a class="button" href="//pokemonshowdown.com/dex/">Pok&eacute;dex</a></li>
			<li><a class="button cur" href="/">Replays</a></li>
			<li><a class="button" href="//pokemonshowdown.com/ladder/">Ladder</a></li>
			<li><a class="button nav-last" href="//pokemonshowdown.com/forums/">Forum</a></li>
			<li><a class="button greenbutton nav-first nav-last" href="//play.pokemonshowdown.com/">Play</a></li>
		</ul></div>
	</header>

	<div class="main" id="main">

		<noscript><section class="section">You need to enable JavaScript to use this page; sorry!</section></noscript>

	</div>

</div>

<script defer nomodule src="//play.pokemonshowdown.com/js/lib/ps-polyfill.js"></script>
<script defer src="//play.pokemonshowdown.com/js/lib/preact.min.js"></script>

<script defer src="//play.pokemonshowdown.com/config/config.js?2bddbc15"></script>
<script defer src="//play.pokemonshowdown.com/js/lib/jquery-1.11.0.min.js"></script>
<script defer src="//play.pokemonshowdown.com/js/lib/html-sanitizer-minified.js"></script>
<script defer src="//play.pokemonshowdown.com/js/battle-sound.js"></script>
<script defer src="//play.pokemonshowdown.com/js/battledata.js?0.7209276989879541"></script>
<script defer src="//play.pokemonshowdown.com/data/pokedex-mini.js?0.6111056340867951"></script>
<script defer src="//play.pokemonshowdown.com/data/pokedex-mini-bw.js?0.3532142036491459"></script>
<script defer src="//play.pokemonshowdown.com/data/graphics.js?0.24223875632456182"></script>
<script defer src="//play.pokemonshowdown.com/data/pokedex.js?0.38839984266356864"></script>
<script defer src="//play.pokemonshowdown.com/data/moves.js?0.21866028504024015"></script>
<script defer src="//play.pokemonshowdown.com/data/abilities.js?0.2005157953846628"></script>
<script defer src="//play.pokemonshowdown.com/data/items.js?0.9894211263848525"></script>
<script defer src="//play.pokemonshowdown.com/data/teambuilder-tables.js?0.6008791140282215"></script>
<script defer src="//play.pokemonshowdown.com/js/battle-tooltips.js?0.7580118955022959"></script>
<script defer src="//play.pokemonshowdown.com/js/battle.js?0.6057722274234274"></script>

<script defer src="js/utils.js?e31f9a17"></script>
<script defer src="js/replays-battle.js?7008c182"></script>

<!-- don't scrape this data! just add .json or .log after the URL!
Full API docs: https://github.com/smogon/pokemon-showdown-client/blob/master/WEB-API.md -->
<script type="text/plain" class="log" id="replaylog-smogtours-gen3ou-799069">
|inactive|Battle timer is ON: inactive players will automatically lose when time's up.
|t:|1729034268
|gametype|singles
|player|p1|scald>focusmiss|colress|
|player|p2|cryolite|170|
|teamsize|p1|6
|teamsize|p2|6
|gen|3
|tier|[Gen 3] OU
|rule|Sleep Clause Mod: Limit one foe put to sleep
|rule|Switch Priority Clause Mod: Faster Pokémon switch first
|rule|Species Clause: Limit one of each Pokémon
|rule|OHKO Clause: OHKO moves are banned
|rule|Evasion Items Clause: Evasion items are banned
|rule|Evasion Moves Clause: Evasion moves are banned
|rule|Endless Battle Clause: Forcing endless battles is banned
|rule|HP Percentage Mod: HP is shown in percentages
|rule|One Boost Passer Clause: Limit one Baton Passer that has a way to boost its stats
|rule|Freeze Clause Mod: Limit one foe frozen
|
|t:|1729034268
|start
|switch|p1a: Tyranitar|Tyranitar, M|100/100
|switch|p2a: Milotic|Milotic, F|100/100
|-weather|Sandstorm|[from] ability: Sand Stream|[of] p1a: Tyranitar
|turn|1
|c|☆cryolite|hf
|
|t:|1729034276
|switch|p1a: Swampert|Swampert, F|100/100
|move|p2a: Milotic|Surf|p1a: Swampert
|-damage|p1a: Swampert|66/100
|
|-weather|Sandstorm|[upkeep]
|-damage|p2a: Milotic|94/100|[from] Sandstorm
|-heal|p2a: Milotic|100/100|[from] item: Leftovers
|-heal|p1a: Swampert|72/100|[from] item: Leftovers
|upkeep
|turn|2
|c|☆scald>focusmiss|u2
|
|t:|1729034287
|switch|p1a: Jirachi|Jirachi|100/100
|move|p2a: Milotic|Hypnosis|p1a: Jirachi|[miss]
|-miss|p2a: Milotic|p1a: Jirachi
|
|-weather|Sandstorm|[upkeep]
|-damage|p2a: Milotic|94/100|[from] Sandstorm
|-heal|p2a: Milotic|100/100|[from] item: Leftovers
|upkeep
|turn|3
|
|t:|1729034289
|move|p2a: Milotic|Hypnosis|p1a: Jirachi
|-status|p1a: Jirachi|slp|[from] move: Hypnosis
|cant|p1a: Jirachi|slp
|
|-weather|Sandstorm|[upkeep]
|-damage|p2a: Milotic|94/100|[from] Sandstorm
|-heal|p2a: Milotic|100/100|[from] item: Leftovers
|upkeep
|turn|4
|
|t:|1729034293
|move|p2a: Milotic|Surf|p1a: Jirachi
|-damage|p1a: Jirachi|65/100 slp
|cant|p1a: Jirachi|slp
|
|-weather|Sandstorm|[upkeep]
|-damage|p2a: Milotic|94/100|[from] Sandstorm
|-heal|p2a: Milotic|100/100|[from] item: Leftovers
|-heal|p1a: Jirachi|72/100 slp|[from] item: Leftovers
|upkeep
|turn|5
|
|t:|1729034296
|move|p2a: Milotic|Surf|p1a: Jirachi
|-damage|p1a: Jirachi|37/100 slp
|cant|p1a: Jirachi|slp
|
|-weather|Sandstorm|[upkeep]
|-damage|p2a: Milotic|94/100|[from] Sandstorm
|-heal|p2a: Milotic|100/100|[from] item: Leftovers
|-heal|p1a: Jirachi|43/100 slp|[from] item: Leftovers
|upkeep
|turn|6
|
|t:|1729034300
|switch|p1a: Skarmory|Skarmory, M|100/100
|move|p2a: Milotic|Surf|p1a: Skarmory
|-damage|p1a: Skarmory|63/100
|
|-weather|Sandstorm|[upkeep]
|-damage|p2a: Milotic|94/100|[from] Sandstorm
|-heal|p2a: Milotic|100/100|[from] item: Leftovers
|-heal|p1a: Skarmory|69/100|[from] item: Leftovers
|upkeep
|turn|7
|
|t:|1729034303
|move|p2a: Milotic|Surf|p1a: Skarmory
|-damage|p1a: Skarmory|36/100
|move|p1a: Skarmory|Spikes|p2a: Milotic
|-sidestart|p2: cryolite|Spikes
|
|-weather|Sandstorm|[upkeep]
|-damage|p2a: Milotic|94/100|[from] Sandstorm
|-heal|p2a: Milotic|100/100|[from] item: Leftovers
|-heal|p1a: Skarmory|42/100|[from] item: Leftovers
|upkeep
|turn|8
|
|t:|1729034305
|switch|p2a: Magneton|Magneton|100/100
|-damage|p2a: Magneton|88/100|[from] Spikes
|move|p1a: Skarmory|Roar|p2a: Magneton
|drag|p2a: Salamence|Salamence, M|100/100
|-ability|p2a: Salamence|Intimidate|boost
|-unboost|p1a: Skarmory|atk|1
|
|-weather|Sandstorm|[upkeep]
|-damage|p2a: Salamence|94/100|[from] Sandstorm
|-heal|p2a: Salamence|100/100|[from] item: Leftovers
|-heal|p1a: Skarmory|48/100|[from] item: Leftovers
|upkeep
|turn|9
|
|t:|1729034313
|move|p1a: Skarmory|Protect|p1a: Skarmory
|-singleturn|p1a: Skarmory|Protect
|move|p2a: Salamence|Brick Break|p1a: Skarmory
|-activate|p1a: Skarmory|Protect
|
|-weather|Sandstorm|[upkeep]
|-damage|p2a: Salamence|94/100|[from] Sandstorm
|-heal|p2a: Salamence|100/100|[from] item: Leftovers
|-heal|p1a: Skarmory|53/100|[from] item: Leftovers
|upkeep
|turn|10
|
|t:|1729034318
|switch|p1a: Swampert|Swampert, F|72/100
|move|p2a: Salamence|Brick Break|p1a: Swampert
|-damage|p1a: Swampert|52/100
|
|-weather|Sandstorm|[upkeep]
|-damage|p2a: Salamence|94/100|[from] Sandstorm
|-heal|p2a: Salamence|100/100|[from] item: Leftovers
|-heal|p1a: Swampert|58/100|[from] item: Leftovers
|upkeep
|turn|11
|
|t:|1729034323
|switch|p2a: Celebi|Celebi|100/100
|-damage|p2a: Celebi|88/100|[from] Spikes
|move|p1a: Swampert|Toxic|p2a: Celebi
|-status|p2a: Celebi|tox
|
|-weather|Sandstorm|[upkeep]
|-damage|p2a: Celebi|82/100 tox|[from] Sandstorm
|-heal|p2a: Celebi|88/100 tox|[from] item: Leftovers
|-damage|p2a: Celebi|82/100 tox|[from] psn
|-heal|p1a: Swampert|64/100|[from] item: Leftovers
|upkeep
|turn|12
|
|t:|1729034330
|switch|p1a: Charizard|Charizard, M|100/100
|move|p2a: Celebi|Calm Mind|p2a: Celebi
|-boost|p2a: Celebi|spa|1
|-boost|p2a: Celebi|spd|1
|
|-weather|Sandstorm|[upkeep]
|-damage|p1a: Charizard|94/100|[from] Sandstorm
|-damage|p2a: Celebi|76/100 tox|[from] Sandstorm
|-heal|p1a: Charizard|100/100|[from] item: Leftovers
|-heal|p2a: Celebi|82/100 tox|[from] item: Leftovers
|-damage|p2a: Celebi|70/100 tox|[from] psn
|upkeep
|turn|13
|
|t:|1729034336
|move|p1a: Charizard|Fire Blast|p2a: Celebi|[miss]
|-miss|p1a: Charizard|p2a: Celebi
|move|p2a: Celebi|Psychic|p1a: Charizard
|-damage|p1a: Charizard|2/100
|
|-weather|Sandstorm|[upkeep]
|-damage|p1a: Charizard|0 fnt|[from] Sandstorm
|-damage|p2a: Celebi|63/100 tox|[from] Sandstorm
|faint|p1a: Charizard
|-heal|p2a: Celebi|70/100 tox|[from] item: Leftovers
|-damage|p2a: Celebi|51/100 tox|[from] psn
|upkeep
|
|t:|1729034343
|switch|p1a: Tyranitar|Tyranitar, M|100/100
|turn|14
|
|t:|1729034344
|move|p2a: Celebi|Giga Drain|p1a: Tyranitar
|-supereffective|p1a: Tyranitar
|-damage|p1a: Tyranitar|19/100
|-heal|p2a: Celebi|88/100 tox|[from] drain|[of] p1a: Tyranitar
|move|p1a: Tyranitar|Hidden Power|p2a: Celebi
|-supereffective|p2a: Celebi
|-damage|p2a: Celebi|0 fnt
|faint|p2a: Celebi
|
|t:|1729034347
|switch|p2a: Salamence|Salamence, M|100/100
|-ability|p2a: Salamence|Intimidate|boost
|-unboost|p1a: Tyranitar|atk|1
|
|-weather|Sandstorm|[upkeep]
|-damage|p2a: Salamence|94/100|[from] Sandstorm
|-heal|p2a: Salamence|100/100|[from] item: Leftovers
|-heal|p1a: Tyranitar|25/100|[from] item: Leftovers
|upkeep
|turn|15
|
|t:|1729034351
|move|p2a: Salamence|Brick Break|p1a: Tyranitar
|-supereffective|p1a: Tyranitar
|-damage|p1a: Tyranitar|0 fnt
|faint|p1a: Tyranitar
|
|t:|1729034353
|switch|p1a: Swampert|Swampert, F|64/100
|
|-weather|Sandstorm|[upkeep]
|-damage|p2a: Salamence|94/100|[from] Sandstorm
|-heal|p2a: Salamence|100/100|[from] item: Leftovers
|-heal|p1a: Swampert|70/100|[from] item: Leftovers
|upkeep
|turn|16
|
|t:|1729034358
|switch|p2a: Milotic|Milotic, F|100/100
|-damage|p2a: Milotic|88/100|[from] Spikes
|move|p1a: Swampert|Toxic|p2a: Milotic
|-status|p2a: Milotic|tox
|
|-weather|Sandstorm|[upkeep]
|-damage|p2a: Milotic|82/100 tox|[from] Sandstorm
|-heal|p2a: Milotic|88/100 tox|[from] item: Leftovers
|-damage|p2a: Milotic|82/100 tox|[from] psn
|-heal|p1a: Swampert|76/100|[from] item: Leftovers
|upkeep
|turn|17
|
|t:|1729034365
|move|p2a: Milotic|Surf|p1a: Swampert
|-damage|p1a: Swampert|44/100
|move|p1a: Swampert|Surf|p2a: Milotic
|-resisted|p2a: Milotic
|-damage|p2a: Milotic|71/100 tox
|
|-weather|Sandstorm|[upkeep]
|-damage|p2a: Milotic|65/100 tox|[from] Sandstorm
|-heal|p2a: Milotic|71/100 tox|[from] item: Leftovers
|-damage|p2a: Milotic|59/100 tox|[from] psn
|-heal|p1a: Swampert|50/100|[from] item: Leftovers
|upkeep
|turn|18
|
|t:|1729034368
|move|p1a: Swampert|Protect|p1a: Swampert
|-singleturn|p1a: Swampert|Protect
|move|p2a: Milotic|Surf|p1a: Swampert
|-activate|p1a: Swampert|Protect
|
|-weather|Sandstorm|[upkeep]
|-damage|p2a: Milotic|52/100 tox|[from] Sandstorm
|-heal|p2a: Milotic|59/100 tox|[from] item: Leftovers
|-damage|p2a: Milotic|40/100 tox|[from] psn
|-heal|p1a: Swampert|57/100|[from] item: Leftovers
|upkeep
|turn|19
|
|t:|1729034374
|move|p2a: Milotic|Recover|p2a: Milotic
|-heal|p2a: Milotic|90/100 tox
|move|p1a: Swampert|Surf|p2a: Milotic
|-resisted|p2a: Milotic
|-damage|p2a: Milotic|80/100 tox
|
|-weather|Sandstorm|[upkeep]
|-damage|p2a: Milotic|74/100 tox|[from] Sandstorm
|-heal|p2a: Milotic|80/100 tox|[from] item: Leftovers
|-damage|p2a: Milotic|56/100 tox|[from] psn
|-heal|p1a: Swampert|63/100|[from] item: Leftovers
|upkeep
|turn|20
|
|t:|1729034378
|switch|p2a: Snorlax|Snorlax, M|100/100
|-damage|p2a: Snorlax|88/100|[from] Spikes
|move|p1a: Swampert|Protect||[still]
|-fail|p1a: Swampert
|
|-weather|Sandstorm|[upkeep]
|-damage|p2a: Snorlax|82/100|[from] Sandstorm
|-heal|p1a: Swampert|69/100|[from] item: Leftovers
|-heal|p2a: Snorlax|88/100|[from] item: Leftovers
|upkeep
|turn|21
|
|t:|1729034380
|switch|p1a: Skarmory|Skarmory, M|53/100
|move|p2a: Snorlax|Body Slam|p1a: Skarmory
|-resisted|p1a: Skarmory
|-damage|p1a: Skarmory|39/100
|-status|p1a: Skarmory|par
|
|-weather|Sandstorm|[upkeep]
|-damage|p2a: Snorlax|82/100|[from] Sandstorm
|-heal|p2a: Snorlax|88/100|[from] item: Leftovers
|-heal|p1a: Skarmory|45/100 par|[from] item: Leftovers
|upkeep
|turn|22
|
|t:|1729034384
|switch|p2a: Magneton|Magneton|88/100
|-damage|p2a: Magneton|76/100|[from] Spikes
|switch|p1a: Aerodactyl|Aerodactyl, F|100/100
|
|-weather|Sandstorm|[upkeep]
|upkeep
|turn|23
|
|t:|1729034389
|switch|p2a: Milotic|Milotic, F|56/100 tox
|-damage|p2a: Milotic|44/100 tox|[from] Spikes
|move|p1a: Aerodactyl|Earthquake|p2a: Milotic
|-damage|p2a: Milotic|11/100 tox
|
|-weather|Sandstorm|[upkeep]
|-damage|p2a: Milotic|5/100 tox|[from] Sandstorm
|-heal|p2a: Milotic|11/100 tox|[from] item: Leftovers
|-damage|p2a: Milotic|5/100 tox|[from] psn
|upkeep
|turn|24
|
|t:|1729034392
|move|p1a: Aerodactyl|Earthquake|p2a: Milotic
|-damage|p2a: Milotic|0 fnt
|faint|p2a: Milotic
|
|t:|1729034393
|switch|p2a: Salamence|Salamence, M|100/100
|-ability|p2a: Salamence|Intimidate|boost
|-unboost|p1a: Aerodactyl|atk|1
|
|-weather|Sandstorm|[upkeep]
|-damage|p2a: Salamence|94/100|[from] Sandstorm
|-heal|p2a: Salamence|100/100|[from] item: Leftovers
|upkeep
|turn|25
|
|t:|1729034396
|switch|p1a: Skarmory|Skarmory, M|45/100 par
|move|p2a: Salamence|Hidden Power|p1a: Skarmory
|-resisted|p1a: Skarmory
|-damage|p1a: Skarmory|28/100 par
|
|-weather|Sandstorm|[upkeep]
|-damage|p2a: Salamence|94/100|[from] Sandstorm
|-heal|p2a: Salamence|100/100|[from] item: Leftovers
|-heal|p1a: Skarmory|34/100 par|[from] item: Leftovers
|upkeep
|turn|26
|
|t:|1729034406
|move|p2a: Salamence|Dragon Dance|p2a: Salamence
|-boost|p2a: Salamence|atk|1
|-boost|p2a: Salamence|spe|1
|move|p1a: Skarmory|Spikes|p2a: Salamence
|-sidestart|p2: cryolite|Spikes
|
|-weather|Sandstorm|[upkeep]
|-damage|p2a: Salamence|94/100|[from] Sandstorm
|-heal|p2a: Salamence|100/100|[from] item: Leftovers
|-heal|p1a: Skarmory|40/100 par|[from] item: Leftovers
|upkeep
|turn|27
|
|t:|1729034409
|move|p1a: Skarmory|Protect|p1a: Skarmory
|-singleturn|p1a: Skarmory|Protect
|move|p2a: Salamence|Brick Break|p1a: Skarmory
|-activate|p1a: Skarmory|Protect
|
|-weather|Sandstorm|[upkeep]
|-damage|p2a: Salamence|94/100|[from] Sandstorm
|-heal|p2a: Salamence|100/100|[from] item: Leftovers
|-heal|p1a: Skarmory|46/100 par|[from] item: Leftovers
|upkeep
|turn|28
|
|t:|1729034412
|move|p2a: Salamence|Brick Break|p1a: Skarmory
|-damage|p1a: Skarmory|10/100 par
|move|p1a: Skarmory|Roar|p2a: Salamence
|drag|p2a: Snorlax|Snorlax, M|88/100
|-damage|p2a: Snorlax|72/100|[from] Spikes
|
|-weather|Sandstorm|[upkeep]
|-damage|p2a: Snorlax|65/100|[from] Sandstorm
|-heal|p2a: Snorlax|72/100|[from] item: Leftovers
|-heal|p1a: Skarmory|16/100 par|[from] item: Leftovers
|upkeep
|turn|29
|
|t:|1729034419
|move|p2a: Snorlax|Body Slam|p1a: Skarmory
|-resisted|p1a: Skarmory
|-damage|p1a: Skarmory|1/100 par
|move|p1a: Skarmory|Roar|p2a: Snorlax
|drag|p2a: Salamence|Salamence, M|100/100
|-ability|p2a: Salamence|Intimidate|boost
|-unboost|p1a: Skarmory|atk|1
|
|-weather|Sandstorm|[upkeep]
|-damage|p2a: Salamence|94/100|[from] Sandstorm
|-heal|p2a: Salamence|100/100|[from] item: Leftovers
|-heal|p1a: Skarmory|7/100 par|[from] item: Leftovers
|upkeep
|turn|30
|
|t:|1729034424
|move|p2a: Salamence|Brick Break|p1a: Skarmory
|-damage|p1a: Skarmory|0 fnt
|faint|p1a: Skarmory
|
|t:|1729034426
|switch|p1a: Swampert|Swampert, F|69/100
|
|-weather|Sandstorm|[upkeep]
|-damage|p2a: Salamence|94/100|[from] Sandstorm
|-heal|p2a: Salamence|100/100|[from] item: Leftovers
|-heal|p1a: Swampert|75/100|[from] item: Leftovers
|upkeep
|turn|31
|
|t:|1729034436
|switch|p2a: Magneton|Magneton|76/100
|-damage|p2a: Magneton|59/100|[from] Spikes
|move|p1a: Swampert|Surf|p2a: Magneton
|-damage|p2a: Magneton|4/100
|
|-weather|Sandstorm|[upkeep]
|-heal|p1a: Swampert|81/100|[from] item: Leftovers
|upkeep
|turn|32
|
|t:|1729034444
|move|p1a: Swampert|Protect|p1a: Swampert
|-singleturn|p1a: Swampert|Protect
|move|p2a: Magneton|Toxic|p1a: Swampert
|-activate|p1a: Swampert|Protect
|
|-weather|Sandstorm|[upkeep]
|-heal|p1a: Swampert|88/100|[from] item: Leftovers
|upkeep
|turn|33
|
|t:|1729034448
|move|p2a: Magneton|Thunderbolt|p1a: Swampert
|-immune|p1a: Swampert
|move|p1a: Swampert|Surf|p2a: Magneton
|-damage|p2a: Magneton|0 fnt
|faint|p2a: Magneton
|
|t:|1729034451
|switch|p2a: Snorlax|Snorlax, M|72/100
|-damage|p2a: Snorlax|55/100|[from] Spikes
|
|-weather|Sandstorm|[upkeep]
|-damage|p2a: Snorlax|49/100|[from] Sandstorm
|-heal|p1a: Swampert|94/100|[from] item: Leftovers
|-heal|p2a: Snorlax|55/100|[from] item: Leftovers
|upkeep
|turn|34
|
|t:|1729034455
|switch|p1a: Jirachi|Jirachi|43/100 slp
|move|p2a: Snorlax|Body Slam|p1a: Jirachi
|-resisted|p1a: Jirachi
|-damage|p1a: Jirachi|31/100 slp
|
|-weather|Sandstorm|[upkeep]
|-damage|p2a: Snorlax|49/100|[from] Sandstorm
|-heal|p1a: Jirachi|37/100 slp|[from] item: Leftovers
|-heal|p2a: Snorlax|55/100|[from] item: Leftovers
|upkeep
|turn|35
|
|t:|1729034457
|cant|p1a: Jirachi|slp
|move|p2a: Snorlax|Earthquake|p1a: Jirachi
|-supereffective|p1a: Jirachi
|-damage|p1a: Jirachi|0 fnt
|faint|p1a: Jirachi
|
|t:|1729034459
|switch|p1a: Swampert|Swampert, F|94/100
|
|-weather|Sandstorm|[upkeep]
|-damage|p2a: Snorlax|49/100|[from] Sandstorm
|-heal|p1a: Swampert|99/100|[from] item: Leftovers
|-heal|p2a: Snorlax|55/100|[from] item: Leftovers
|upkeep
|turn|36
|
|t:|1729034461
|move|p1a: Swampert|Surf|p2a: Snorlax
|-damage|p2a: Snorlax|39/100
|move|p2a: Snorlax|Body Slam|p1a: Swampert
|-damage|p1a: Swampert|72/100
|
|-weather|Sandstorm|[upkeep]
|-damage|p2a: Snorlax|32/100|[from] Sandstorm
|-heal|p1a: Swampert|78/100|[from] item: Leftovers
|-heal|p2a: Snorlax|39/100|[from] item: Leftovers
|upkeep
|turn|37
|
|t:|1729034465
|move|p1a: Swampert|Surf|p2a: Snorlax
|-damage|p2a: Snorlax|21/100
|move|p2a: Snorlax|Body Slam|p1a: Swampert
|-damage|p1a: Swampert|51/100
|
|-weather|Sandstorm|[upkeep]
|-damage|p2a: Snorlax|15/100|[from] Sandstorm
|-heal|p1a: Swampert|57/100|[from] item: Leftovers
|-heal|p2a: Snorlax|21/100|[from] item: Leftovers
|upkeep
|turn|38
|
|t:|1729034469
|move|p1a: Swampert|Protect|p1a: Swampert
|-singleturn|p1a: Swampert|Protect
|move|p2a: Snorlax|Self-Destruct|p1a: Swampert
|-activate|p1a: Swampert|Protect
|faint|p2a: Snorlax
|
|t:|1729034471
|switch|p2a: Metagross|Metagross|100/100
|-damage|p2a: Metagross|84/100|[from] Spikes
|
|-weather|Sandstorm|[upkeep]
|-heal|p2a: Metagross|90/100|[from] item: Leftovers
|-heal|p1a: Swampert|63/100|[from] item: Leftovers
|upkeep
|turn|39
|
|t:|1729034473
|move|p2a: Metagross|Agility|p2a: Metagross
|-boost|p2a: Metagross|spe|2
|move|p1a: Swampert|Surf|p2a: Metagross
|-damage|p2a: Metagross|57/100
|
|-weather|Sandstorm|[upkeep]
|-heal|p2a: Metagross|63/100|[from] item: Leftovers
|-heal|p1a: Swampert|69/100|[from] item: Leftovers
|upkeep
|turn|40
|
|t:|1729034476
|move|p1a: Swampert|Protect|p1a: Swampert
|-singleturn|p1a: Swampert|Protect
|move|p2a: Metagross|Earthquake|p1a: Swampert
|-activate|p1a: Swampert|Protect
|
|-weather|Sandstorm|[upkeep]
|-heal|p2a: Metagross|69/100|[from] item: Leftovers
|-heal|p1a: Swampert|75/100|[from] item: Leftovers
|upkeep
|turn|41
|
|t:|1729034479
|move|p2a: Metagross|Explosion|p1a: Swampert
|-damage|p1a: Swampert|0 fnt
|faint|p2a: Metagross
|faint|p1a: Swampert
|
|t:|1729034481
|switch|p2a: Salamence|Salamence, M|100/100
|switch|p1a: Aerodactyl|Aerodactyl, F|100/100
|-ability|p2a: Salamence|Intimidate|boost
|-unboost|p1a: Aerodactyl|atk|1
|
|-weather|Sandstorm|[upkeep]
|-damage|p2a: Salamence|94/100|[from] Sandstorm
|-heal|p2a: Salamence|100/100|[from] item: Leftovers
|upkeep
|turn|42
|
|t:|1729034485
|move|p1a: Aerodactyl|Rock Slide|p2a: Salamence
|-supereffective|p2a: Salamence
|-damage|p2a: Salamence|20/100
|cant|p2a: Salamence|flinch
|
|-weather|Sandstorm|[upkeep]
|-damage|p2a: Salamence|14/100|[from] Sandstorm
|-heal|p2a: Salamence|20/100|[from] item: Leftovers
|upkeep
|turn|43
|
|t:|1729034489
|move|p1a: Aerodactyl|Rock Slide|p2a: Salamence
|-supereffective|p2a: Salamence
|-damage|p2a: Salamence|0 fnt
|faint|p2a: Salamence
|
|win|scald>focusmiss
|c|☆cryolite|ggs
|player|p2|
|c|☆scald>focusmiss|ggs

</script>
<script type="application/json" class="data" id="replaydata-smogtours-gen3ou-799069">
{"id":"smogtours-gen3ou-799069","format":"[Gen 3] OU","players":["scald>focusmiss","cryolite"],"uploadtime":1729034489,"views":77,"formatid":"gen3ou","rating":null,"private":0,"password":null}
</script>

<script defer src="js/replays.js?9d40a366"></script>
