<!DOCTYPE html>
<meta charset="utf-8" />
<meta name="viewport" content="width=device-width" />

<title>[Gen 3] OU: xlimexheep vs. charku - Replays - Pok&eacute;mon Showdown!</title>

<meta name="description" content="Watch a replay of a Pok&eacute;mon battle between xlimexheep and charku! Format: [Gen 3] OU; Date: Oct 23, 2024" />
<!--

Hey, you! Looking in the source for the replay log?

You can find them in JSON format, just add `.json` at the end of a replay URL.

https://replay.pokemonshowdown.com/gen7randomdoublesbattle-865046831.json

Or, if you only need the log itself, add `.log` instead:

https://replay.pokemonshowdown.com/gen7randomdoublesbattle-865046831.log

-->

<link rel="stylesheet" href="//pokemonshowdown.com/style/global.css?0.023195364461161105" />
<link rel="stylesheet" href="//play.pokemonshowdown.com/style/font-awesome.css?0.13261647063804238" />
<link rel="stylesheet" href="//play.pokemonshowdown.com/style/battle.css?0.8753245789963631" />
<link rel="stylesheet" href="//play.pokemonshowdown.com/style/utilichart.css?0.8627959624976733" />

<!-- Global site tag (gtag.js) - Google Analytics -->
<script async src="https://www.googletagmanager.com/gtag/js?id=UA-26211653-1"></script>
<script>
  window.dataLayer = window.dataLayer || [];
  function gtag(){dataLayer.push(arguments);}
  gtag('js', new Date());

  gtag('config', 'UA-26211653-1');
</script>
<!-- End Google Analytics -->
<!-- Venatus Ad Manager - Install in <HEAD> of page -->
	<script src="https://hb.vntsm.com/v3/live/ad-manager.min.js" type="text/javascript" data-site-id="642aba63ec9a7b11c3c9c1be" data-mode="scan" async></script>
<!-- / Venatus Ad Manager -->

<style>
	@media (max-width:820px) {
		.battle {
			margin: 0 auto;
		}
		.battle-log {
			margin: 7px auto 0;
			max-width: 640px;
			height: 300px;
			position: static;
		}
	}
	.optgroup {
		display: inline-block;
		line-height: 22px;
		font-size: 10pt;
	}
	.optgroup .button {
		height: 25px;
		padding-top: 0;
		padding-bottom: 0;
	}
	.optgroup button.button {
		padding-left: 12px;
		padding-right: 12px;
	}
	.linklist {
		list-style: none;
		margin: 0.5em 0;
		padding: 0;
	}
	.linklist li {
		padding: 2px 0;
	}
	.sidebar {
		float: left;
		width: 320px;
	}
	.bar-wrapper {
		max-width: 1100px;
		margin: 0 auto;
	}
	.bar-wrapper.has-sidebar {
		max-width: 1430px;
	}
	.mainbar {
		margin: 0;
		padding-right: 1px;
	}
	.mainbar.has-sidebar {
		margin-left: 330px;
	}
	@media (min-width: 1511px) {
		.sidebar {
			width: 400px;
		}
		.bar-wrapper.has-sidebar {
			max-width: 1510px;
		}
		.mainbar.has-sidebar {
			margin-left: 410px;
		}
	}
	.section.first-section {
		margin-top: 9px;
	}
	.blocklink small {
		white-space: normal;
	}
	.button {
		vertical-align: middle;
	}
	.replay-controls {
		padding-top: 10px;
	}
	.replay-controls h1 {
		font-size: 16pt;
		font-weight: normal;
		color: #CCC;
	}
	.pagelink {
		text-align: center;
	}
	.pagelink a {
		width: 150px;
	}
	.textbox, .button {
		font-size: 11pt;
		vertical-align: middle;
	}
	@media (max-width: 450px) {
		.button {
			font-size: 9pt;
		}
	}
</style>

<div>

	<header>
		<div class="nav-wrapper"><ul class="nav">
			<li><a class="button nav-first" href="//pokemonshowdown.com/"><img src="//pokemonshowdown.com/images/pokemonshowdownbeta.png" srcset="//pokemonshowdown.com/images/pokemonshowdownbeta.png 1x, //pokemonshowdown.com/images/pokemonshowdownbeta@2x.png 2x" alt="Pok&eacute;mon Showdown" width="146" height="44" /> Home</a></li>
			<li><a class="button" href="//pokemonshowdown.com/dex/">Pok&eacute;dex</a></li>
			<li><a class="button cur" href="/">Replays</a></li>
			<li><a class="button" href="//pokemonshowdown.com/ladder/">Ladder</a></li>
			<li><a class="button nav-last" href="//pokemonshowdown.com/forums/">Forum</a></li>
			<li><a class="button greenbutton nav-first nav-last" href="//play.pokemonshowdown.com/">Play</a></li>
		</ul></div>
	</header>

	<div class="main" id="main">

		<noscript><section class="section">You need to enable JavaScript to use this page; sorry!</section></noscript>

	</div>

</div>

<script defer nomodule src="//play.pokemonshowdown.com/js/lib/ps-polyfill.js"></script>
<script defer src="//play.pokemonshowdown.com/js/lib/preact.min.js"></script>

<script defer src="//play.pokemonshowdown.com/config/config.js?2bddbc15"></script>
<script defer src="//play.pokemonshowdown.com/js/lib/jquery-1.11.0.min.js"></script>
<script defer src="//play.pokemonshowdown.com/js/lib/html-sanitizer-minified.js"></script>
<script defer src="//play.pokemonshowdown.com/js/battle-sound.js"></script>
<script defer src="//play.pokemonshowdown.com/js/battledata.js?0.7209276989879541"></script>
<script defer src="//play.pokemonshowdown.com/data/pokedex-mini.js?0.6111056340867951"></script>
<script defer src="//play.pokemonshowdown.com/data/pokedex-mini-bw.js?0.3532142036491459"></script>
<script defer src="//play.pokemonshowdown.com/data/graphics.js?0.24223875632456182"></script>
<script defer src="//play.pokemonshowdown.com/data/pokedex.js?0.38839984266356864"></script>
<script defer src="//play.pokemonshowdown.com/data/moves.js?0.21866028504024015"></script>
<script defer src="//play.pokemonshowdown.com/data/abilities.js?0.2005157953846628"></script>
<script defer src="//play.pokemonshowdown.com/data/items.js?0.9894211263848525"></script>
<script defer src="//play.pokemonshowdown.com/data/teambuilder-tables.js?0.6008791140282215"></script>
<script defer src="//play.pokemonshowdown.com/js/battle-tooltips.js?0.7580118955022959"></script>
<script defer src="//play.pokemonshowdown.com/js/battle.js?0.6057722274234274"></script>

<script defer src="js/utils.js?e31f9a17"></script>
<script defer src="js/replays-battle.js?7008c182"></script>

<!-- don't scrape this data! just add .json or .log after the URL!
Full API docs: https://github.com/smogon/pokemon-showdown-client/blob/master/WEB-API.md -->
<script type="text/plain" class="log" id="replaylog-smogtours-gen3ou-801394">
|inactive|Battle timer is ON: inactive players will automatically lose when time's up.
|t:|1729703808
|gametype|singles
|player|p1|xlimexheep|schoolkidf|
|player|p2|charku|101|
|teamsize|p1|6
|teamsize|p2|6
|gen|3
|tier|[Gen 3] OU
|rule|Sleep Clause Mod: Limit one foe put to sleep
|rule|Switch Priority Clause Mod: Faster Pokémon switch first
|rule|Species Clause: Limit one of each Pokémon
|rule|OHKO Clause: OHKO moves are banned
|rule|Evasion Items Clause: Evasion items are banned
|rule|Evasion Moves Clause: Evasion moves are banned
|rule|Endless Battle Clause: Forcing endless battles is banned
|rule|HP Percentage Mod: HP is shown in percentages
|rule|One Boost Passer Clause: Limit one Baton Passer that has a way to boost its stats
|rule|Freeze Clause Mod: Limit one foe frozen
|
|t:|1729703808
|start
|switch|p1a: salad mancer|Salamence, F|100/100
|switch|p2a: Zapdos|Zapdos|100/100
|-ability|p1a: salad mancer|Intimidate|boost
|-unboost|p2a: Zapdos|atk|1
|turn|1
|inactive|charku has 270 seconds left.
|inactive|charku has 240 seconds left.
|inactive|charku has 210 seconds left.
|
|t:|1729703907
|switch|p1a: duuuh|Quagsire, F|100/100
|move|p2a: Zapdos|Hidden Power|p1a: duuuh
|-damage|p1a: duuuh|78/100
|
|-heal|p1a: duuuh|84/100|[from] item: Leftovers
|upkeep
|turn|2
|inactive|charku has 270 seconds left.
|
|t:|1729703915
|move|p2a: Zapdos|Baton Pass|p2a: Zapdos
|
|t:|1729703919
|switch|p2a: Cloyster|Cloyster, M|100/100|[from] Baton Pass
|move|p1a: duuuh|Toxic|p2a: Cloyster|[miss]
|-miss|p1a: duuuh|p2a: Cloyster
|
|-heal|p1a: duuuh|90/100|[from] item: Leftovers
|upkeep
|turn|3
|
|t:|1729703926
|move|p2a: Cloyster|Spikes|p1a: duuuh
|-sidestart|p1: xlimexheep|Spikes
|move|p1a: duuuh|Toxic|p2a: Cloyster
|-status|p2a: Cloyster|tox
|
|-damage|p2a: Cloyster|94/100 tox|[from] psn
|-heal|p1a: duuuh|96/100|[from] item: Leftovers
|upkeep
|turn|4
|
|t:|1729703945
|switch|p1a: ferros|Magneton|100/100
|-damage|p1a: ferros|88/100|[from] Spikes
|move|p2a: Cloyster|Spikes|p1a: ferros
|-sidestart|p1: xlimexheep|Spikes
|
|-heal|p2a: Cloyster|100/100 tox|[from] item: Leftovers
|-damage|p2a: Cloyster|88/100 tox|[from] psn
|upkeep
|turn|5
|
|t:|1729703949
|switch|p2a: Flygon|Flygon, F|100/100
|move|p1a: ferros|Thunderbolt|p2a: Flygon
|-immune|p2a: Flygon
|
|upkeep
|turn|6
|
|t:|1729703962
|switch|p1a: duuuh|Quagsire, F|96/100
|-damage|p1a: duuuh|80/100|[from] Spikes
|move|p2a: Flygon|Rock Slide|p1a: duuuh
|-resisted|p1a: duuuh
|-damage|p1a: duuuh|63/100
|
|-heal|p1a: duuuh|70/100|[from] item: Leftovers
|upkeep
|turn|7
|
|t:|1729703968
|switch|p2a: Celebi|Celebi|100/100
|move|p1a: duuuh|Ice Beam|p2a: Celebi
|-supereffective|p2a: Celebi
|-crit|p2a: Celebi
|-damage|p2a: Celebi|59/100
|
|-heal|p2a: Celebi|65/100|[from] item: Leftovers
|-heal|p1a: duuuh|76/100|[from] item: Leftovers
|upkeep
|turn|8
|
|t:|1729703974
|move|p2a: Celebi|Leech Seed|p1a: duuuh
|-start|p1a: duuuh|move: Leech Seed
|move|p1a: duuuh|Counter|p2a: Celebi
|
|-heal|p2a: Celebi|71/100|[from] item: Leftovers
|-heal|p1a: duuuh|82/100|[from] item: Leftovers
|-damage|p1a: duuuh|69/100|[from] Leech Seed|[of] p2a: Celebi
|-heal|p2a: Celebi|83/100|[silent]
|upkeep
|turn|9
|
|t:|1729703979
|switch|p1a: stab bug|Heracross, F|100/100
|-damage|p1a: stab bug|84/100|[from] Spikes
|move|p2a: Celebi|Heal Bell|p2a: Celebi
|-activate|p2a: Celebi|move: Heal Bell
|-curestatus|p2: Cloyster|tox|[silent]
|
|-heal|p1a: stab bug|90/100|[from] item: Leftovers
|-heal|p2a: Celebi|89/100|[from] item: Leftovers
|upkeep
|turn|10
|
|t:|1729703989
|switch|p2a: Zapdos|Zapdos|100/100
|move|p1a: stab bug|Substitute|p1a: stab bug
|-start|p1a: stab bug|Substitute
|-damage|p1a: stab bug|65/100
|
|-heal|p1a: stab bug|71/100|[from] item: Leftovers
|upkeep
|turn|11
|
|t:|1729703993
|move|p1a: stab bug|Rock Slide|p2a: Zapdos|[miss]
|-miss|p1a: stab bug|p2a: Zapdos
|move|p2a: Zapdos|Thunderbolt|p1a: stab bug
|-end|p1a: stab bug|Substitute
|
|-heal|p1a: stab bug|77/100|[from] item: Leftovers
|upkeep
|turn|12
|
|t:|1729704005
|move|p1a: stab bug|Rock Slide|p2a: Zapdos
|-supereffective|p2a: Zapdos
|-damage|p2a: Zapdos|47/100
|cant|p2a: Zapdos|flinch
|
|-heal|p1a: stab bug|83/100|[from] item: Leftovers
|-heal|p2a: Zapdos|53/100|[from] item: Leftovers
|upkeep
|turn|13
|
|t:|1729704021
|switch|p2a: Flygon|Flygon, F|100/100
|move|p1a: stab bug|Rock Slide|p2a: Flygon
|-resisted|p2a: Flygon
|-damage|p2a: Flygon|83/100
|
|-heal|p1a: stab bug|89/100|[from] item: Leftovers
|upkeep
|turn|14
|
|t:|1729704029
|switch|p1a: salad mancer|Salamence, F|100/100
|-ability|p1a: salad mancer|Intimidate|boost
|-unboost|p2a: Flygon|atk|1
|move|p2a: Flygon|Earthquake|p1a: salad mancer
|-immune|p1a: salad mancer
|
|upkeep
|turn|15
|
|t:|1729704037
|switch|p2a: Cloyster|Cloyster, M|88/100
|move|p1a: salad mancer|Dragon Claw|p2a: Cloyster
|-damage|p2a: Cloyster|30/100
|
|-heal|p2a: Cloyster|37/100|[from] item: Leftovers
|upkeep
|turn|16
|
|t:|1729704051
|switch|p2a: Tyranitar|Tyranitar, M|100/100
|-weather|Sandstorm|[from] ability: Sand Stream|[of] p2a: Tyranitar
|move|p1a: salad mancer|Dragon Claw|p2a: Tyranitar
|-damage|p2a: Tyranitar|68/100
|
|-weather|Sandstorm|[upkeep]
|-damage|p1a: salad mancer|95/100|[from] Sandstorm
|-heal|p1a: salad mancer|100/100|[from] item: Leftovers
|-heal|p2a: Tyranitar|74/100|[from] item: Leftovers
|upkeep
|turn|17
|
|t:|1729704061
|-singleturn|p2a: Tyranitar|move: Focus Punch
|move|p1a: salad mancer|Hidden Power|p2a: Tyranitar
|-supereffective|p2a: Tyranitar
|-damage|p2a: Tyranitar|35/100
|move|p2a: Tyranitar|Focus Punch||[still]
|cant|p2a: Tyranitar|Focus Punch|Focus Punch
|
|-weather|Sandstorm|[upkeep]
|-damage|p1a: salad mancer|95/100|[from] Sandstorm
|-heal|p1a: salad mancer|100/100|[from] item: Leftovers
|-heal|p2a: Tyranitar|42/100|[from] item: Leftovers
|upkeep
|turn|18
|
|t:|1729704074
|switch|p2a: Celebi|Celebi|89/100
|move|p1a: salad mancer|Hidden Power|p2a: Celebi
|-resisted|p2a: Celebi
|-damage|p2a: Celebi|82/100
|
|-weather|Sandstorm|[upkeep]
|-damage|p1a: salad mancer|95/100|[from] Sandstorm
|-damage|p2a: Celebi|76/100|[from] Sandstorm
|-heal|p1a: salad mancer|100/100|[from] item: Leftovers
|-heal|p2a: Celebi|82/100|[from] item: Leftovers
|upkeep
|turn|19
|
|t:|1729704078
|move|p1a: salad mancer|Flamethrower|p2a: Celebi
|-supereffective|p2a: Celebi
|-damage|p2a: Celebi|43/100
|move|p2a: Celebi|Leech Seed|p1a: salad mancer
|-start|p1a: salad mancer|move: Leech Seed
|
|-weather|Sandstorm|[upkeep]
|-damage|p1a: salad mancer|95/100|[from] Sandstorm
|-damage|p2a: Celebi|37/100|[from] Sandstorm
|-heal|p1a: salad mancer|100/100|[from] item: Leftovers
|-damage|p1a: salad mancer|88/100|[from] Leech Seed|[of] p2a: Celebi
|-heal|p2a: Celebi|47/100|[silent]
|-heal|p2a: Celebi|53/100|[from] item: Leftovers
|upkeep
|turn|20
|
|t:|1729704087
|switch|p1a: beargirls grawr|Snorlax, F, shiny|100/100
|-damage|p1a: beargirls grawr|84/100|[from] Spikes
|move|p2a: Celebi|Recover|p2a: Celebi
|-heal|p2a: Celebi|100/100
|
|-weather|Sandstorm|[upkeep]
|-damage|p2a: Celebi|94/100|[from] Sandstorm
|-damage|p1a: beargirls grawr|78/100|[from] Sandstorm
|-heal|p2a: Celebi|100/100|[from] item: Leftovers
|-heal|p1a: beargirls grawr|84/100|[from] item: Leftovers
|upkeep
|turn|21
|
|t:|1729704092
|switch|p2a: Cloyster|Cloyster, M|37/100
|move|p1a: beargirls grawr|Curse|p1a: beargirls grawr
|-unboost|p1a: beargirls grawr|spe|1
|-boost|p1a: beargirls grawr|atk|1
|-boost|p1a: beargirls grawr|def|1
|
|-weather|Sandstorm|[upkeep]
|-damage|p2a: Cloyster|30/100|[from] Sandstorm
|-damage|p1a: beargirls grawr|78/100|[from] Sandstorm
|-heal|p2a: Cloyster|37/100|[from] item: Leftovers
|-heal|p1a: beargirls grawr|84/100|[from] item: Leftovers
|upkeep
|turn|22
|
|t:|1729704096
|move|p2a: Cloyster|Explosion|p1a: beargirls grawr
|-damage|p1a: beargirls grawr|23/100
|faint|p2a: Cloyster
|inactive|charku has 270 seconds left.
|
|t:|1729704150
|switch|p2a: Flygon|Flygon, F|83/100
|
|-weather|Sandstorm|[upkeep]
|-damage|p1a: beargirls grawr|17/100|[from] Sandstorm
|-heal|p1a: beargirls grawr|23/100|[from] item: Leftovers
|upkeep
|turn|23
|
|t:|1729704166
|move|p2a: Flygon|Earthquake|p1a: beargirls grawr
|-damage|p1a: beargirls grawr|0 fnt
|faint|p1a: beargirls grawr
|
|t:|1729704175
|switch|p1a: duuuh|Quagsire, F|69/100
|-damage|p1a: duuuh|53/100|[from] Spikes
|
|-weather|Sandstorm|[upkeep]
|-heal|p1a: duuuh|59/100|[from] item: Leftovers
|upkeep
|turn|24
|
|t:|1729704177
|move|p2a: Flygon|Earthquake|p1a: duuuh
|-damage|p1a: duuuh|0 fnt
|faint|p1a: duuuh
|
|t:|1729704183
|switch|p1a: salad mancer|Salamence, F|88/100
|-ability|p1a: salad mancer|Intimidate|boost
|-unboost|p2a: Flygon|atk|1
|
|-weather|Sandstorm|[upkeep]
|-damage|p1a: salad mancer|82/100|[from] Sandstorm
|-heal|p1a: salad mancer|88/100|[from] item: Leftovers
|upkeep
|turn|25
|
|t:|1729704191
|switch|p2a: Tyranitar|Tyranitar, M|42/100
|move|p1a: salad mancer|Dragon Claw|p2a: Tyranitar
|-damage|p2a: Tyranitar|7/100
|
|-weather|Sandstorm|[upkeep]
|-damage|p1a: salad mancer|82/100|[from] Sandstorm
|-heal|p1a: salad mancer|88/100|[from] item: Leftovers
|-heal|p2a: Tyranitar|14/100|[from] item: Leftovers
|upkeep
|turn|26
|
|t:|1729704196
|-singleturn|p2a: Tyranitar|move: Focus Punch
|move|p1a: salad mancer|Hidden Power|p2a: Tyranitar
|-supereffective|p2a: Tyranitar
|-damage|p2a: Tyranitar|0 fnt
|faint|p2a: Tyranitar
|
|t:|1729704203
|switch|p2a: Zapdos|Zapdos|53/100
|
|-weather|Sandstorm|[upkeep]
|-damage|p1a: salad mancer|82/100|[from] Sandstorm
|-damage|p2a: Zapdos|47/100|[from] Sandstorm
|-heal|p1a: salad mancer|88/100|[from] item: Leftovers
|-heal|p2a: Zapdos|53/100|[from] item: Leftovers
|upkeep
|turn|27
|
|t:|1729704213
|switch|p1a: ferros|Magneton|88/100
|-damage|p1a: ferros|72/100|[from] Spikes
|move|p2a: Zapdos|Agility|p2a: Zapdos
|-boost|p2a: Zapdos|spe|2
|
|-weather|Sandstorm|[upkeep]
|-damage|p2a: Zapdos|47/100|[from] Sandstorm
|-heal|p2a: Zapdos|53/100|[from] item: Leftovers
|upkeep
|turn|28
|
|t:|1729704215
|move|p2a: Zapdos|Baton Pass|p2a: Zapdos
|
|t:|1729704218
|switch|p2a: Machamp|Machamp, F|100/100|[from] Baton Pass
|move|p1a: ferros|Thunder Wave|p2a: Machamp
|-status|p2a: Machamp|par
|
|-weather|Sandstorm|[upkeep]
|-damage|p2a: Machamp|94/100 par|[from] Sandstorm
|-heal|p2a: Machamp|100/100 par|[from] item: Leftovers
|upkeep
|turn|29
|
|t:|1729704231
|move|p1a: ferros|Rain Dance|p1a: ferros
|-weather|RainDance
|move|p2a: Machamp|Cross Chop|p1a: ferros
|-supereffective|p1a: ferros
|-damage|p1a: ferros|0 fnt
|faint|p1a: ferros
|
|t:|1729704234
|switch|p1a: salad mancer|Salamence, F|88/100
|-ability|p1a: salad mancer|Intimidate|boost
|-unboost|p2a: Machamp|atk|1
|
|-weather|RainDance|[upkeep]
|-heal|p1a: salad mancer|94/100|[from] item: Leftovers
|upkeep
|turn|30
|
|t:|1729704241
|move|p1a: salad mancer|Dragon Claw|p2a: Machamp
|-damage|p2a: Machamp|57/100 par
|move|p2a: Machamp|Rock Slide|p1a: salad mancer
|-supereffective|p1a: salad mancer
|-damage|p1a: salad mancer|27/100
|
|-weather|RainDance|[upkeep]
|-heal|p1a: salad mancer|33/100|[from] item: Leftovers
|-heal|p2a: Machamp|63/100 par|[from] item: Leftovers
|upkeep
|turn|31
|
|t:|1729704252
|move|p1a: salad mancer|Dragon Claw|p2a: Machamp
|-damage|p2a: Machamp|13/100 par
|move|p2a: Machamp|Rock Slide|p1a: salad mancer
|-supereffective|p1a: salad mancer
|-damage|p1a: salad mancer|0 fnt
|faint|p1a: salad mancer
|
|t:|1729704255
|switch|p1a: :nerd:|Metagross|100/100
|-damage|p1a: :nerd:|84/100|[from] Spikes
|
|-weather|RainDance|[upkeep]
|-heal|p1a: :nerd:|90/100|[from] item: Leftovers
|-heal|p2a: Machamp|19/100 par|[from] item: Leftovers
|upkeep
|turn|32
|
|t:|1729704262
|move|p1a: :nerd:|Agility|p1a: :nerd:
|-boost|p1a: :nerd:|spe|2
|move|p2a: Machamp|Cross Chop|p1a: :nerd:|[miss]
|-miss|p2a: Machamp|p1a: :nerd:
|
|-weather|RainDance|[upkeep]
|-heal|p1a: :nerd:|96/100|[from] item: Leftovers
|-heal|p2a: Machamp|25/100 par|[from] item: Leftovers
|upkeep
|turn|33
|
|t:|1729704266
|move|p1a: :nerd:|Earthquake|p2a: Machamp
|-damage|p2a: Machamp|0 fnt
|faint|p2a: Machamp
|
|t:|1729704276
|switch|p2a: Zapdos|Zapdos|53/100
|
|-weather|none
|-heal|p1a: :nerd:|100/100|[from] item: Leftovers
|-heal|p2a: Zapdos|60/100|[from] item: Leftovers
|upkeep
|turn|34
|
|t:|1729704281
|move|p1a: :nerd:|Meteor Mash|p2a: Zapdos
|-resisted|p2a: Zapdos
|-damage|p2a: Zapdos|28/100
|move|p2a: Zapdos|Agility|p2a: Zapdos
|-boost|p2a: Zapdos|spe|2
|
|-heal|p2a: Zapdos|34/100|[from] item: Leftovers
|upkeep
|turn|35
|
|t:|1729704286
|move|p2a: Zapdos|Thunderbolt|p1a: :nerd:
|-damage|p1a: :nerd:|39/100
|move|p1a: :nerd:|Meteor Mash|p2a: Zapdos
|-resisted|p2a: Zapdos
|-damage|p2a: Zapdos|4/100
|
|-heal|p2a: Zapdos|11/100|[from] item: Leftovers
|-heal|p1a: :nerd:|45/100|[from] item: Leftovers
|upkeep
|turn|36
|
|t:|1729704292
|move|p2a: Zapdos|Thunderbolt|p1a: :nerd:
|-damage|p1a: :nerd:|0 fnt
|faint|p1a: :nerd:
|
|t:|1729704294
|switch|p1a: stab bug|Heracross, F|89/100
|-damage|p1a: stab bug|72/100|[from] Spikes
|
|-heal|p2a: Zapdos|17/100|[from] item: Leftovers
|-heal|p1a: stab bug|78/100|[from] item: Leftovers
|upkeep
|turn|37
|
|t:|1729704299
|move|p2a: Zapdos|Thunderbolt|p1a: stab bug
|-damage|p1a: stab bug|12/100
|move|p1a: stab bug|Megahorn|p2a: Zapdos
|-resisted|p2a: Zapdos
|-damage|p2a: Zapdos|0 fnt
|faint|p2a: Zapdos
|
|t:|1729704303
|switch|p2a: Flygon|Flygon, F|83/100
|
|-heal|p1a: stab bug|18/100|[from] item: Leftovers
|upkeep
|turn|38
|
|t:|1729704307
|move|p2a: Flygon|Earthquake|p1a: stab bug
|-resisted|p1a: stab bug
|-damage|p1a: stab bug|0 fnt
|faint|p1a: stab bug
|
|win|charku
|c|☆charku|gg
|c|☆xlimexheep|gg gl 
|player|p2|
|player|p2|charku|101|

</script>
<script type="application/json" class="data" id="replaydata-smogtours-gen3ou-801394">
{"id":"smogtours-gen3ou-801394","format":"[Gen 3] OU","players":["xlimexheep","charku"],"uploadtime":1729704307,"views":72,"formatid":"gen3ou","rating":null,"private":0,"password":null}
</script>

<script defer src="js/replays.js?9d40a366"></script>
