<!DOCTYPE html>
<meta charset="utf-8" />
<meta name="viewport" content="width=device-width" />

<title>[Gen 3] OU: donsmallow vs. Salaryman William - Replays - Pok&eacute;mon Showdown!</title>

<meta name="description" content="Watch a replay of a Pok&eacute;mon battle between donsmallow and Salaryman William! Format: [Gen 3] OU; Date: Oct 1, 2024" />
<!--

Hey, you! Looking in the source for the replay log?

You can find them in JSON format, just add `.json` at the end of a replay URL.

https://replay.pokemonshowdown.com/gen7randomdoublesbattle-865046831.json

Or, if you only need the log itself, add `.log` instead:

https://replay.pokemonshowdown.com/gen7randomdoublesbattle-865046831.log

-->

<link rel="stylesheet" href="//pokemonshowdown.com/style/global.css?0.023195364461161105" />
<link rel="stylesheet" href="//play.pokemonshowdown.com/style/font-awesome.css?0.13261647063804238" />
<link rel="stylesheet" href="//play.pokemonshowdown.com/style/battle.css?0.8753245789963631" />
<link rel="stylesheet" href="//play.pokemonshowdown.com/style/utilichart.css?0.8627959624976733" />

<!-- Global site tag (gtag.js) - Google Analytics -->
<script async src="https://www.googletagmanager.com/gtag/js?id=UA-26211653-1"></script>
<script>
  window.dataLayer = window.dataLayer || [];
  function gtag(){dataLayer.push(arguments);}
  gtag('js', new Date());

  gtag('config', 'UA-26211653-1');
</script>
<!-- End Google Analytics -->
<!-- Venatus Ad Manager - Install in <HEAD> of page -->
	<script src="https://hb.vntsm.com/v3/live/ad-manager.min.js" type="text/javascript" data-site-id="642aba63ec9a7b11c3c9c1be" data-mode="scan" async></script>
<!-- / Venatus Ad Manager -->

<style>
	@media (max-width:820px) {
		.battle {
			margin: 0 auto;
		}
		.battle-log {
			margin: 7px auto 0;
			max-width: 640px;
			height: 300px;
			position: static;
		}
	}
	.optgroup {
		display: inline-block;
		line-height: 22px;
		font-size: 10pt;
	}
	.optgroup .button {
		height: 25px;
		padding-top: 0;
		padding-bottom: 0;
	}
	.optgroup button.button {
		padding-left: 12px;
		padding-right: 12px;
	}
	.linklist {
		list-style: none;
		margin: 0.5em 0;
		padding: 0;
	}
	.linklist li {
		padding: 2px 0;
	}
	.sidebar {
		float: left;
		width: 320px;
	}
	.bar-wrapper {
		max-width: 1100px;
		margin: 0 auto;
	}
	.bar-wrapper.has-sidebar {
		max-width: 1430px;
	}
	.mainbar {
		margin: 0;
		padding-right: 1px;
	}
	.mainbar.has-sidebar {
		margin-left: 330px;
	}
	@media (min-width: 1511px) {
		.sidebar {
			width: 400px;
		}
		.bar-wrapper.has-sidebar {
			max-width: 1510px;
		}
		.mainbar.has-sidebar {
			margin-left: 410px;
		}
	}
	.section.first-section {
		margin-top: 9px;
	}
	.blocklink small {
		white-space: normal;
	}
	.button {
		vertical-align: middle;
	}
	.replay-controls {
		padding-top: 10px;
	}
	.replay-controls h1 {
		font-size: 16pt;
		font-weight: normal;
		color: #CCC;
	}
	.pagelink {
		text-align: center;
	}
	.pagelink a {
		width: 150px;
	}
	.textbox, .button {
		font-size: 11pt;
		vertical-align: middle;
	}
	@media (max-width: 450px) {
		.button {
			font-size: 9pt;
		}
	}
</style>

<div>

	<header>
		<div class="nav-wrapper"><ul class="nav">
			<li><a class="button nav-first" href="//pokemonshowdown.com/"><img src="//pokemonshowdown.com/images/pokemonshowdownbeta.png" srcset="//pokemonshowdown.com/images/pokemonshowdownbeta.png 1x, //pokemonshowdown.com/images/pokemonshowdownbeta@2x.png 2x" alt="Pok&eacute;mon Showdown" width="146" height="44" /> Home</a></li>
			<li><a class="button" href="//pokemonshowdown.com/dex/">Pok&eacute;dex</a></li>
			<li><a class="button cur" href="/">Replays</a></li>
			<li><a class="button" href="//pokemonshowdown.com/ladder/">Ladder</a></li>
			<li><a class="button nav-last" href="//pokemonshowdown.com/forums/">Forum</a></li>
			<li><a class="button greenbutton nav-first nav-last" href="//play.pokemonshowdown.com/">Play</a></li>
		</ul></div>
	</header>

	<div class="main" id="main">

		<noscript><section class="section">You need to enable JavaScript to use this page; sorry!</section></noscript>

	</div>

</div>

<script defer nomodule src="//play.pokemonshowdown.com/js/lib/ps-polyfill.js"></script>
<script defer src="//play.pokemonshowdown.com/js/lib/preact.min.js"></script>

<script defer src="//play.pokemonshowdown.com/config/config.js?2bddbc15"></script>
<script defer src="//play.pokemonshowdown.com/js/lib/jquery-1.11.0.min.js"></script>
<script defer src="//play.pokemonshowdown.com/js/lib/html-sanitizer-minified.js"></script>
<script defer src="//play.pokemonshowdown.com/js/battle-sound.js"></script>
<script defer src="//play.pokemonshowdown.com/js/battledata.js?0.7209276989879541"></script>
<script defer src="//play.pokemonshowdown.com/data/pokedex-mini.js?0.6111056340867951"></script>
<script defer src="//play.pokemonshowdown.com/data/pokedex-mini-bw.js?0.3532142036491459"></script>
<script defer src="//play.pokemonshowdown.com/data/graphics.js?0.24223875632456182"></script>
<script defer src="//play.pokemonshowdown.com/data/pokedex.js?0.38839984266356864"></script>
<script defer src="//play.pokemonshowdown.com/data/moves.js?0.21866028504024015"></script>
<script defer src="//play.pokemonshowdown.com/data/abilities.js?0.2005157953846628"></script>
<script defer src="//play.pokemonshowdown.com/data/items.js?0.9894211263848525"></script>
<script defer src="//play.pokemonshowdown.com/data/teambuilder-tables.js?0.6008791140282215"></script>
<script defer src="//play.pokemonshowdown.com/js/battle-tooltips.js?0.7580118955022959"></script>
<script defer src="//play.pokemonshowdown.com/js/battle.js?0.6057722274234274"></script>

<script defer src="js/utils.js?e31f9a17"></script>
<script defer src="js/replays-battle.js?7008c182"></script>

<!-- don't scrape this data! just add .json or .log after the URL!
Full API docs: https://github.com/smogon/pokemon-showdown-client/blob/master/WEB-API.md -->
<script type="text/plain" class="log" id="replaylog-smogtours-gen3ou-793758">
|inactive|Battle timer is ON: inactive players will automatically lose when time's up.
|t:|1727768113
|gametype|singles
|player|p1|donsmallow|wally|
|player|p2|Salaryman William|1|
|teamsize|p1|6
|teamsize|p2|6
|gen|3
|tier|[Gen 3] OU
|rule|Sleep Clause Mod: Limit one foe put to sleep
|rule|Switch Priority Clause Mod: Faster Pokémon switch first
|rule|Species Clause: Limit one of each Pokémon
|rule|OHKO Clause: OHKO moves are banned
|rule|Evasion Items Clause: Evasion items are banned
|rule|Evasion Moves Clause: Evasion moves are banned
|rule|Endless Battle Clause: Forcing endless battles is banned
|rule|HP Percentage Mod: HP is shown in percentages
|rule|One Boost Passer Clause: Limit one Baton Passer that has a way to boost its stats
|rule|Freeze Clause Mod: Limit one foe frozen
|
|t:|1727768114
|start
|switch|p1a: Zapdos|Zapdos|100/100
|switch|p2a: Salamence|Salamence, M|100/100
|-ability|p2a: Salamence|Intimidate|boost
|-unboost|p1a: Zapdos|atk|1
|turn|1
|
|t:|1727768128
|switch|p2a: Blissey|Blissey, F|100/100
|move|p1a: Zapdos|Hidden Power|p2a: Blissey
|-damage|p2a: Blissey|92/100
|
|-heal|p2a: Blissey|98/100|[from] item: Leftovers
|upkeep
|turn|2
|
|t:|1727768142
|switch|p1a: Metagross|Metagross|100/100
|move|p2a: Blissey|Sing|p1a: Metagross|[miss]
|-miss|p2a: Blissey|p1a: Metagross
|
|-heal|p2a: Blissey|100/100|[from] item: Leftovers
|upkeep
|turn|3
|
|t:|1727768160
|switch|p1a: Zapdos|Zapdos|100/100
|move|p2a: Blissey|Counter|p1a: Zapdos
|
|upkeep
|turn|4
|c|☆donsmallow|ooohhh
|c|☆donsmallow|interesting
|inactive|donsmallow has 270 seconds left.
|
|t:|1727768209
|move|p1a: Zapdos|Thunder Wave|p2a: Blissey
|-status|p2a: Blissey|par
|move|p2a: Blissey|Sing|p1a: Zapdos|[miss]
|-miss|p2a: Blissey|p1a: Zapdos
|
|upkeep
|turn|5
|
|t:|1727768214
|move|p1a: Zapdos|Baton Pass|p1a: Zapdos
|
|t:|1727768217
|switch|p1a: Metagross|Metagross|100/100|[from] Baton Pass
|move|p2a: Blissey|Sing|p1a: Metagross
|-status|p1a: Metagross|slp|[from] move: Sing
|
|upkeep
|turn|6
|inactive|donsmallow has 270 seconds left.
|
|t:|1727768226
|switch|p1a: Zapdos|Zapdos|100/100
|-curestatus|p2a: Blissey|par|[from] ability: Natural Cure
|switch|p2a: Tyranitar|Tyranitar, F|100/100
|-weather|Sandstorm|[from] ability: Sand Stream|[of] p2a: Tyranitar
|
|-weather|Sandstorm|[upkeep]
|-damage|p1a: Zapdos|94/100|[from] Sandstorm
|-heal|p1a: Zapdos|100/100|[from] item: Leftovers
|upkeep
|turn|7
|
|t:|1727768233
|move|p1a: Zapdos|Baton Pass|p1a: Zapdos
|
|t:|1727768242
|switch|p1a: Suicune|Suicune|100/100|[from] Baton Pass
|move|p2a: Tyranitar|Rock Slide|p1a: Suicune|[miss]
|-miss|p2a: Tyranitar|p1a: Suicune
|
|-weather|Sandstorm|[upkeep]
|-damage|p1a: Suicune|94/100|[from] Sandstorm
|-heal|p1a: Suicune|100/100|[from] item: Leftovers
|upkeep
|turn|8
|
|t:|1727768251
|switch|p1a: Dugtrio|Dugtrio, F|100/100
|switch|p2a: Blissey|Blissey, F|100/100
|
|-weather|Sandstorm|[upkeep]
|-damage|p2a: Blissey|94/100|[from] Sandstorm
|-heal|p2a: Blissey|100/100|[from] item: Leftovers
|upkeep
|turn|9
|
|t:|1727768255
|move|p1a: Dugtrio|Beat Up|p2a: Blissey
|-damage|p2a: Blissey|91/100
|-damage|p2a: Blissey|82/100
|-damage|p2a: Blissey|72/100
|-damage|p2a: Blissey|59/100
|-damage|p2a: Blissey|49/100
|-hitcount|p2a: Blissey|5
|move|p2a: Blissey|Counter|p1a: Dugtrio
|
|-weather|Sandstorm|[upkeep]
|-damage|p2a: Blissey|43/100|[from] Sandstorm
|-heal|p2a: Blissey|49/100|[from] item: Leftovers
|upkeep
|turn|10
|
|t:|1727768258
|move|p1a: Dugtrio|Beat Up|p2a: Blissey
|-damage|p2a: Blissey|40/100
|-damage|p2a: Blissey|30/100
|-damage|p2a: Blissey|20/100
|-damage|p2a: Blissey|7/100
|-damage|p2a: Blissey|0 fnt
|-hitcount|p2a: Blissey|5
|faint|p2a: Blissey
|
|t:|1727768261
|switch|p2a: Jirachi|Jirachi|100/100
|
|-weather|Sandstorm|[upkeep]
|upkeep
|turn|11
|
|t:|1727768269
|switch|p1a: Zapdos|Zapdos|100/100
|move|p2a: Jirachi|Substitute|p2a: Jirachi
|-start|p2a: Jirachi|Substitute
|-damage|p2a: Jirachi|75/100
|
|-weather|Sandstorm|[upkeep]
|-damage|p1a: Zapdos|94/100|[from] Sandstorm
|-heal|p1a: Zapdos|100/100|[from] item: Leftovers
|-heal|p2a: Jirachi|82/100|[from] item: Leftovers
|upkeep
|turn|12
|
|t:|1727768272
|move|p2a: Jirachi|Calm Mind|p2a: Jirachi
|-boost|p2a: Jirachi|spa|1
|-boost|p2a: Jirachi|spd|1
|move|p1a: Zapdos|Thunderbolt|p2a: Jirachi
|-end|p2a: Jirachi|Substitute
|
|-weather|Sandstorm|[upkeep]
|-damage|p1a: Zapdos|94/100|[from] Sandstorm
|-heal|p2a: Jirachi|88/100|[from] item: Leftovers
|-heal|p1a: Zapdos|100/100|[from] item: Leftovers
|upkeep
|turn|13
|
|t:|1727768278
|move|p2a: Jirachi|Ice Punch|p1a: Zapdos
|-supereffective|p1a: Zapdos
|-damage|p1a: Zapdos|37/100
|-status|p1a: Zapdos|frz
|cant|p1a: Zapdos|frz
|
|-weather|Sandstorm|[upkeep]
|-damage|p1a: Zapdos|31/100 frz|[from] Sandstorm
|-heal|p1a: Zapdos|37/100 frz|[from] item: Leftovers
|-heal|p2a: Jirachi|94/100|[from] item: Leftovers
|upkeep
|turn|14
|inactive|donsmallow has 270 seconds left.
|inactive|donsmallow has 240 seconds left.
|
|t:|1727768368
|switch|p1a: Suicune|Suicune|100/100
|move|p2a: Jirachi|Substitute|p2a: Jirachi
|-start|p2a: Jirachi|Substitute
|-damage|p2a: Jirachi|69/100
|
|-weather|Sandstorm|[upkeep]
|-damage|p1a: Suicune|94/100|[from] Sandstorm
|-heal|p2a: Jirachi|75/100|[from] item: Leftovers
|-heal|p1a: Suicune|100/100|[from] item: Leftovers
|upkeep
|turn|15
|
|t:|1727768373
|move|p2a: Jirachi|Thunder|p1a: Suicune
|-supereffective|p1a: Suicune
|-damage|p1a: Suicune|32/100
|move|p1a: Suicune|Hydro Pump|p2a: Jirachi
|-end|p2a: Jirachi|Substitute
|
|-weather|Sandstorm|[upkeep]
|-damage|p1a: Suicune|26/100|[from] Sandstorm
|-heal|p2a: Jirachi|81/100|[from] item: Leftovers
|-heal|p1a: Suicune|32/100|[from] item: Leftovers
|upkeep
|turn|16
|
|t:|1727768380
|move|p2a: Jirachi|Calm Mind|p2a: Jirachi
|-boost|p2a: Jirachi|spa|1
|-boost|p2a: Jirachi|spd|1
|move|p1a: Suicune|Hydro Pump|p2a: Jirachi
|-damage|p2a: Jirachi|59/100
|
|-weather|Sandstorm|[upkeep]
|-damage|p1a: Suicune|26/100|[from] Sandstorm
|-heal|p2a: Jirachi|65/100|[from] item: Leftovers
|-heal|p1a: Suicune|32/100|[from] item: Leftovers
|upkeep
|turn|17
|
|t:|1727768393
|move|p2a: Jirachi|Substitute|p2a: Jirachi
|-start|p2a: Jirachi|Substitute
|-damage|p2a: Jirachi|40/100
|move|p1a: Suicune|Hydro Pump|p2a: Jirachi
|-activate|p2a: Jirachi|Substitute|[damage]
|
|-weather|Sandstorm|[upkeep]
|-damage|p1a: Suicune|26/100|[from] Sandstorm
|-heal|p2a: Jirachi|46/100|[from] item: Leftovers
|-heal|p1a: Suicune|32/100|[from] item: Leftovers
|upkeep
|turn|18
|
|t:|1727768398
|move|p2a: Jirachi|Thunder|p1a: Suicune
|-supereffective|p1a: Suicune
|-damage|p1a: Suicune|0 fnt
|faint|p1a: Suicune
|
|t:|1727768426
|switch|p1a: Breloom|Breloom, M|100/100
|
|-weather|Sandstorm|[upkeep]
|-damage|p1a: Breloom|94/100|[from] Sandstorm
|-heal|p2a: Jirachi|52/100|[from] item: Leftovers
|-heal|p1a: Breloom|100/100|[from] item: Leftovers
|upkeep
|turn|19
|
|t:|1727768428
|move|p1a: Breloom|Mach Punch|p2a: Jirachi
|-end|p2a: Jirachi|Substitute
|move|p2a: Jirachi|Ice Punch|p1a: Breloom
|-supereffective|p1a: Breloom
|-damage|p1a: Breloom|0 fnt
|faint|p1a: Breloom
|
|t:|1727768430
|switch|p1a: Dugtrio|Dugtrio, F|100/100
|
|-weather|Sandstorm|[upkeep]
|-heal|p2a: Jirachi|59/100|[from] item: Leftovers
|upkeep
|turn|20
|
|t:|1727768432
|move|p1a: Dugtrio|Earthquake|p2a: Jirachi
|-supereffective|p2a: Jirachi
|-damage|p2a: Jirachi|0 fnt
|faint|p2a: Jirachi
|
|t:|1727768445
|switch|p2a: Salamence|Salamence, M|100/100
|-ability|p2a: Salamence|Intimidate|boost
|-unboost|p1a: Dugtrio|atk|1
|
|-weather|Sandstorm|[upkeep]
|-damage|p2a: Salamence|94/100|[from] Sandstorm
|-heal|p2a: Salamence|100/100|[from] item: Leftovers
|upkeep
|turn|21
|
|t:|1727768448
|switch|p1a: Zapdos|Zapdos|37/100 frz
|move|p2a: Salamence|Fire Blast|p1a: Zapdos
|-damage|p1a: Zapdos|0 fnt
|faint|p1a: Zapdos
|
|t:|1727768452
|switch|p1a: Metagross|Metagross|100/100 slp
|
|-weather|Sandstorm|[upkeep]
|-damage|p2a: Salamence|94/100|[from] Sandstorm
|-heal|p2a: Salamence|100/100|[from] item: Leftovers
|upkeep
|turn|22
|
|t:|1727768453
|move|p2a: Salamence|Fire Blast|p1a: Metagross
|-supereffective|p1a: Metagross
|-damage|p1a: Metagross|3/100 slp
|cant|p1a: Metagross|slp
|
|-weather|Sandstorm|[upkeep]
|-damage|p2a: Salamence|94/100|[from] Sandstorm
|-heal|p2a: Salamence|100/100|[from] item: Leftovers
|-heal|p1a: Metagross|9/100 slp|[from] item: Leftovers
|upkeep
|turn|23
|
|t:|1727768457
|move|p2a: Salamence|Dragon Claw|p1a: Metagross
|-resisted|p1a: Metagross
|-damage|p1a: Metagross|0 fnt
|faint|p1a: Metagross
|
|t:|1727768459
|switch|p1a: Raikou|Raikou|100/100
|
|-weather|Sandstorm|[upkeep]
|-damage|p1a: Raikou|94/100|[from] Sandstorm
|-damage|p2a: Salamence|94/100|[from] Sandstorm
|-heal|p1a: Raikou|100/100|[from] item: Leftovers
|-heal|p2a: Salamence|100/100|[from] item: Leftovers
|upkeep
|turn|24
|
|t:|1727768463
|move|p1a: Raikou|Calm Mind|p1a: Raikou
|-boost|p1a: Raikou|spa|1
|-boost|p1a: Raikou|spd|1
|move|p2a: Salamence|Dragon Claw|p1a: Raikou
|-damage|p1a: Raikou|76/100
|
|-weather|Sandstorm|[upkeep]
|-damage|p1a: Raikou|69/100|[from] Sandstorm
|-damage|p2a: Salamence|94/100|[from] Sandstorm
|-heal|p1a: Raikou|76/100|[from] item: Leftovers
|-heal|p2a: Salamence|100/100|[from] item: Leftovers
|upkeep
|turn|25
|
|t:|1727768470
|switch|p2a: Machamp|Machamp, M|100/100
|move|p1a: Raikou|Calm Mind|p1a: Raikou
|-boost|p1a: Raikou|spa|1
|-boost|p1a: Raikou|spd|1
|
|-weather|Sandstorm|[upkeep]
|-damage|p1a: Raikou|69/100|[from] Sandstorm
|-damage|p2a: Machamp|95/100|[from] Sandstorm
|-heal|p1a: Raikou|76/100|[from] item: Leftovers
|-heal|p2a: Machamp|100/100|[from] item: Leftovers
|upkeep
|turn|26
|
|t:|1727768497
|-singleturn|p2a: Machamp|move: Focus Punch
|move|p1a: Raikou|Calm Mind|p1a: Raikou
|-boost|p1a: Raikou|spa|1
|-boost|p1a: Raikou|spd|1
|move|p2a: Machamp|Focus Punch|p1a: Raikou
|-damage|p1a: Raikou|0 fnt
|faint|p1a: Raikou
|c|☆donsmallow|yeah that freeze lost me game
|c|☆donsmallow|i think
|c|☆donsmallow|gg
|
|t:|1727768506
|switch|p1a: Dugtrio|Dugtrio, F|100/100
|
|-weather|Sandstorm|[upkeep]
|-damage|p2a: Machamp|95/100|[from] Sandstorm
|-heal|p2a: Machamp|100/100|[from] item: Leftovers
|upkeep
|turn|27
|c|☆Salaryman William|yea I agree
|
|t:|1727768512
|move|p1a: Dugtrio|Aerial Ace|p2a: Machamp
|-supereffective|p2a: Machamp
|-damage|p2a: Machamp|54/100
|move|p2a: Machamp|Cross Chop|p1a: Dugtrio
|-crit|p1a: Dugtrio
|-damage|p1a: Dugtrio|0 fnt
|faint|p1a: Dugtrio
|
|win|Salaryman William

</script>
<script type="application/json" class="data" id="replaydata-smogtours-gen3ou-793758">
{"id":"smogtours-gen3ou-793758","format":"[Gen 3] OU","players":["donsmallow","Salaryman William"],"uploadtime":1727768512,"views":182,"formatid":"gen3ou","rating":null,"private":0,"password":null}
</script>

<script defer src="js/replays.js?9d40a366"></script>
