<!DOCTYPE html>
<meta charset="utf-8" />
<meta name="viewport" content="width=device-width" />

<title>[Gen 3] OU: ShotoNC vs. no more bad dreams - Replays - Pok&eacute;mon Showdown!</title>

<meta name="description" content="Watch a replay of a Pok&eacute;mon battle between ShotoNC and no more bad dreams! Format: [Gen 3] OU; Date: Oct 12, 2024" />
<!--

Hey, you! Looking in the source for the replay log?

You can find them in JSON format, just add `.json` at the end of a replay URL.

https://replay.pokemonshowdown.com/gen7randomdoublesbattle-865046831.json

Or, if you only need the log itself, add `.log` instead:

https://replay.pokemonshowdown.com/gen7randomdoublesbattle-865046831.log

-->

<link rel="stylesheet" href="//pokemonshowdown.com/style/global.css?0.023195364461161105" />
<link rel="stylesheet" href="//play.pokemonshowdown.com/style/font-awesome.css?0.13261647063804238" />
<link rel="stylesheet" href="//play.pokemonshowdown.com/style/battle.css?0.8753245789963631" />
<link rel="stylesheet" href="//play.pokemonshowdown.com/style/utilichart.css?0.8627959624976733" />

<!-- Global site tag (gtag.js) - Google Analytics -->
<script async src="https://www.googletagmanager.com/gtag/js?id=UA-26211653-1"></script>
<script>
  window.dataLayer = window.dataLayer || [];
  function gtag(){dataLayer.push(arguments);}
  gtag('js', new Date());

  gtag('config', 'UA-26211653-1');
</script>
<!-- End Google Analytics -->
<!-- Venatus Ad Manager - Install in <HEAD> of page -->
	<script src="https://hb.vntsm.com/v3/live/ad-manager.min.js" type="text/javascript" data-site-id="642aba63ec9a7b11c3c9c1be" data-mode="scan" async></script>
<!-- / Venatus Ad Manager -->

<style>
	@media (max-width:820px) {
		.battle {
			margin: 0 auto;
		}
		.battle-log {
			margin: 7px auto 0;
			max-width: 640px;
			height: 300px;
			position: static;
		}
	}
	.optgroup {
		display: inline-block;
		line-height: 22px;
		font-size: 10pt;
	}
	.optgroup .button {
		height: 25px;
		padding-top: 0;
		padding-bottom: 0;
	}
	.optgroup button.button {
		padding-left: 12px;
		padding-right: 12px;
	}
	.linklist {
		list-style: none;
		margin: 0.5em 0;
		padding: 0;
	}
	.linklist li {
		padding: 2px 0;
	}
	.sidebar {
		float: left;
		width: 320px;
	}
	.bar-wrapper {
		max-width: 1100px;
		margin: 0 auto;
	}
	.bar-wrapper.has-sidebar {
		max-width: 1430px;
	}
	.mainbar {
		margin: 0;
		padding-right: 1px;
	}
	.mainbar.has-sidebar {
		margin-left: 330px;
	}
	@media (min-width: 1511px) {
		.sidebar {
			width: 400px;
		}
		.bar-wrapper.has-sidebar {
			max-width: 1510px;
		}
		.mainbar.has-sidebar {
			margin-left: 410px;
		}
	}
	.section.first-section {
		margin-top: 9px;
	}
	.blocklink small {
		white-space: normal;
	}
	.button {
		vertical-align: middle;
	}
	.replay-controls {
		padding-top: 10px;
	}
	.replay-controls h1 {
		font-size: 16pt;
		font-weight: normal;
		color: #CCC;
	}
	.pagelink {
		text-align: center;
	}
	.pagelink a {
		width: 150px;
	}
	.textbox, .button {
		font-size: 11pt;
		vertical-align: middle;
	}
	@media (max-width: 450px) {
		.button {
			font-size: 9pt;
		}
	}
</style>

<div>

	<header>
		<div class="nav-wrapper"><ul class="nav">
			<li><a class="button nav-first" href="//pokemonshowdown.com/"><img src="//pokemonshowdown.com/images/pokemonshowdownbeta.png" srcset="//pokemonshowdown.com/images/pokemonshowdownbeta.png 1x, //pokemonshowdown.com/images/pokemonshowdownbeta@2x.png 2x" alt="Pok&eacute;mon Showdown" width="146" height="44" /> Home</a></li>
			<li><a class="button" href="//pokemonshowdown.com/dex/">Pok&eacute;dex</a></li>
			<li><a class="button cur" href="/">Replays</a></li>
			<li><a class="button" href="//pokemonshowdown.com/ladder/">Ladder</a></li>
			<li><a class="button nav-last" href="//pokemonshowdown.com/forums/">Forum</a></li>
			<li><a class="button greenbutton nav-first nav-last" href="//play.pokemonshowdown.com/">Play</a></li>
		</ul></div>
	</header>

	<div class="main" id="main">

		<noscript><section class="section">You need to enable JavaScript to use this page; sorry!</section></noscript>

	</div>

</div>

<script defer nomodule src="//play.pokemonshowdown.com/js/lib/ps-polyfill.js"></script>
<script defer src="//play.pokemonshowdown.com/js/lib/preact.min.js"></script>

<script defer src="//play.pokemonshowdown.com/config/config.js?2bddbc15"></script>
<script defer src="//play.pokemonshowdown.com/js/lib/jquery-1.11.0.min.js"></script>
<script defer src="//play.pokemonshowdown.com/js/lib/html-sanitizer-minified.js"></script>
<script defer src="//play.pokemonshowdown.com/js/battle-sound.js"></script>
<script defer src="//play.pokemonshowdown.com/js/battledata.js?0.7209276989879541"></script>
<script defer src="//play.pokemonshowdown.com/data/pokedex-mini.js?0.6111056340867951"></script>
<script defer src="//play.pokemonshowdown.com/data/pokedex-mini-bw.js?0.3532142036491459"></script>
<script defer src="//play.pokemonshowdown.com/data/graphics.js?0.24223875632456182"></script>
<script defer src="//play.pokemonshowdown.com/data/pokedex.js?0.38839984266356864"></script>
<script defer src="//play.pokemonshowdown.com/data/moves.js?0.21866028504024015"></script>
<script defer src="//play.pokemonshowdown.com/data/abilities.js?0.2005157953846628"></script>
<script defer src="//play.pokemonshowdown.com/data/items.js?0.9894211263848525"></script>
<script defer src="//play.pokemonshowdown.com/data/teambuilder-tables.js?0.6008791140282215"></script>
<script defer src="//play.pokemonshowdown.com/js/battle-tooltips.js?0.7580118955022959"></script>
<script defer src="//play.pokemonshowdown.com/js/battle.js?0.6057722274234274"></script>

<script defer src="js/utils.js?e31f9a17"></script>
<script defer src="js/replays-battle.js?7008c182"></script>

<!-- don't scrape this data! just add .json or .log after the URL!
Full API docs: https://github.com/smogon/pokemon-showdown-client/blob/master/WEB-API.md -->
<script type="text/plain" class="log" id="replaylog-smogtours-gen3ou-797636">
|inactive|Battle timer is ON: inactive players will automatically lose when time's up.
|t:|1728756311
|gametype|singles
|player|p1|ShotoNC|benga|
|player|p2|no more bad dreams|skullgruntf|
|teamsize|p1|6
|teamsize|p2|6
|gen|3
|tier|[Gen 3] OU
|rule|Sleep Clause Mod: Limit one foe put to sleep
|rule|Switch Priority Clause Mod: Faster Pokémon switch first
|rule|Species Clause: Limit one of each Pokémon
|rule|OHKO Clause: OHKO moves are banned
|rule|Evasion Items Clause: Evasion items are banned
|rule|Evasion Moves Clause: Evasion moves are banned
|rule|Endless Battle Clause: Forcing endless battles is banned
|rule|HP Percentage Mod: HP is shown in percentages
|rule|One Boost Passer Clause: Limit one Baton Passer that has a way to boost its stats
|rule|Freeze Clause Mod: Limit one foe frozen
|
|t:|1728756311
|start
|switch|p1a: Boy|Salamence, M|100/100
|switch|p2a: Tsuki no shihai|Zapdos|100/100
|-ability|p1a: Boy|Intimidate|boost
|-unboost|p2a: Tsuki no shihai|atk|1
|turn|1
|c|☆no more bad dreams|glhf
|c|☆ShotoNC|glhf
|inactive|ShotoNC has 270 seconds left.
|
|t:|1728756345
|switch|p1a: Boom|Blissey, F|100/100
|switch|p2a: Storyteller|Swampert, M|100/100
|
|upkeep
|turn|2
|
|t:|1728756356
|switch|p2a: Smell of the game|Tyranitar, M|100/100
|-weather|Sandstorm|[from] ability: Sand Stream|[of] p2a: Smell of the game
|move|p1a: Boom|Sing|p2a: Smell of the game
|-status|p2a: Smell of the game|slp|[from] move: Sing
|
|-weather|Sandstorm|[upkeep]
|-damage|p1a: Boom|94/100|[from] Sandstorm
|-heal|p1a: Boom|100/100|[from] item: Leftovers
|upkeep
|turn|3
|
|t:|1728756376
|switch|p2a: Armor-Clad Faith|Skarmory, F|100/100
|switch|p1a: Go|Tyranitar, F, shiny|100/100
|
|-weather|Sandstorm|[upkeep]
|upkeep
|turn|4
|
|t:|1728756385
|move|p1a: Go|Rock Slide|p2a: Armor-Clad Faith
|-damage|p2a: Armor-Clad Faith|72/100
|cant|p2a: Armor-Clad Faith|flinch
|
|-weather|Sandstorm|[upkeep]
|-heal|p2a: Armor-Clad Faith|78/100|[from] item: Leftovers
|upkeep
|turn|5
|
|t:|1728756393
|move|p1a: Go|Rock Slide|p2a: Armor-Clad Faith
|-damage|p2a: Armor-Clad Faith|47/100
|cant|p2a: Armor-Clad Faith|flinch
|
|-weather|Sandstorm|[upkeep]
|-heal|p2a: Armor-Clad Faith|53/100|[from] item: Leftovers
|upkeep
|turn|6
|
|t:|1728756402
|move|p2a: Armor-Clad Faith|Protect|p2a: Armor-Clad Faith
|-singleturn|p2a: Armor-Clad Faith|Protect
|move|p1a: Go|Rock Slide|p2a: Armor-Clad Faith
|-activate|p2a: Armor-Clad Faith|Protect
|
|-weather|Sandstorm|[upkeep]
|-heal|p2a: Armor-Clad Faith|59/100|[from] item: Leftovers
|upkeep
|turn|7
|
|t:|1728756405
|move|p1a: Go|Rock Slide|p2a: Armor-Clad Faith|[miss]
|-miss|p1a: Go|p2a: Armor-Clad Faith
|move|p2a: Armor-Clad Faith|Spikes|p1a: Go
|-sidestart|p1: ShotoNC|Spikes
|
|-weather|Sandstorm|[upkeep]
|-heal|p2a: Armor-Clad Faith|65/100|[from] item: Leftovers
|upkeep
|turn|8
|
|t:|1728756408
|move|p2a: Armor-Clad Faith|Protect|p2a: Armor-Clad Faith
|-singleturn|p2a: Armor-Clad Faith|Protect
|move|p1a: Go|Dragon Dance|p1a: Go
|-boost|p1a: Go|atk|1
|-boost|p1a: Go|spe|1
|
|-weather|Sandstorm|[upkeep]
|-heal|p2a: Armor-Clad Faith|71/100|[from] item: Leftovers
|upkeep
|turn|9
|
|t:|1728756415
|switch|p2a: Storyteller|Swampert, M|100/100
|move|p1a: Go|Rock Slide|p2a: Storyteller
|-resisted|p2a: Storyteller
|-damage|p2a: Storyteller|81/100
|
|-weather|Sandstorm|[upkeep]
|-heal|p2a: Storyteller|87/100|[from] item: Leftovers
|upkeep
|turn|10
|
|t:|1728756439
|switch|p1a: Spiker|Skarmory, F|100/100
|move|p2a: Storyteller|Surf|p1a: Spiker
|-damage|p1a: Spiker|72/100
|
|-weather|Sandstorm|[upkeep]
|-heal|p1a: Spiker|78/100|[from] item: Leftovers
|-heal|p2a: Storyteller|93/100|[from] item: Leftovers
|upkeep
|turn|11
|
|t:|1728756448
|switch|p2a: Armor-Clad Faith|Skarmory, F|71/100
|move|p1a: Spiker|Protect||[still]
|-fail|p1a: Spiker
|
|-weather|Sandstorm|[upkeep]
|-heal|p1a: Spiker|84/100|[from] item: Leftovers
|-heal|p2a: Armor-Clad Faith|77/100|[from] item: Leftovers
|upkeep
|turn|12
|
|t:|1728756451
|move|p1a: Spiker|Spikes|p2a: Armor-Clad Faith
|-sidestart|p2: no more bad dreams|Spikes
|move|p2a: Armor-Clad Faith|Spikes|p1a: Spiker
|-sidestart|p1: ShotoNC|Spikes
|
|-weather|Sandstorm|[upkeep]
|-heal|p1a: Spiker|90/100|[from] item: Leftovers
|-heal|p2a: Armor-Clad Faith|83/100|[from] item: Leftovers
|upkeep
|turn|13
|
|t:|1728756457
|move|p1a: Spiker|Spikes|p2a: Armor-Clad Faith
|-sidestart|p2: no more bad dreams|Spikes
|move|p2a: Armor-Clad Faith|Spikes|p1a: Spiker
|-sidestart|p1: ShotoNC|Spikes
|
|-weather|Sandstorm|[upkeep]
|-heal|p1a: Spiker|96/100|[from] item: Leftovers
|-heal|p2a: Armor-Clad Faith|89/100|[from] item: Leftovers
|upkeep
|turn|14
|
|t:|1728756481
|move|p1a: Spiker|Roar|p2a: Armor-Clad Faith
|drag|p2a: The circle|Claydol|100/100
|
|-weather|Sandstorm|[upkeep]
|-heal|p1a: Spiker|100/100|[from] item: Leftovers
|upkeep
|turn|15
|
|t:|1728756488
|switch|p2a: Armor-Clad Faith|Skarmory, F|89/100
|move|p1a: Spiker|Toxic|p2a: Armor-Clad Faith
|-immune|p2a: Armor-Clad Faith
|
|-weather|Sandstorm|[upkeep]
|-heal|p2a: Armor-Clad Faith|95/100|[from] item: Leftovers
|upkeep
|turn|16
|
|t:|1728756491
|move|p1a: Spiker|Roar|p2a: Armor-Clad Faith
|drag|p2a: Tsuki no shihai|Zapdos|100/100
|
|-weather|Sandstorm|[upkeep]
|-damage|p2a: Tsuki no shihai|94/100|[from] Sandstorm
|-heal|p2a: Tsuki no shihai|100/100|[from] item: Leftovers
|upkeep
|turn|17
|
|t:|1728756497
|switch|p1a: Boom|Blissey, F|100/100
|-damage|p1a: Boom|76/100|[from] Spikes
|move|p2a: Tsuki no shihai|Thunderbolt|p1a: Boom
|-damage|p1a: Boom|59/100
|
|-weather|Sandstorm|[upkeep]
|-damage|p2a: Tsuki no shihai|94/100|[from] Sandstorm
|-damage|p1a: Boom|53/100|[from] Sandstorm
|-heal|p2a: Tsuki no shihai|100/100|[from] item: Leftovers
|-heal|p1a: Boom|59/100|[from] item: Leftovers
|upkeep
|turn|18
|
|t:|1728756507
|switch|p2a: The circle|Claydol|100/100
|move|p1a: Boom|Soft-Boiled|p1a: Boom
|-heal|p1a: Boom|100/100
|
|-weather|Sandstorm|[upkeep]
|-damage|p1a: Boom|94/100|[from] Sandstorm
|-heal|p1a: Boom|100/100|[from] item: Leftovers
|upkeep
|turn|19
|
|t:|1728756525
|move|p2a: The circle|Rapid Spin|p1a: Boom
|-damage|p1a: Boom|95/100
|-sideend|p2: no more bad dreams|Spikes|[from] move: Rapid Spin|[of] p2a: The circle
|move|p1a: Boom|Ice Beam|p2a: The circle
|-supereffective|p2a: The circle
|-damage|p2a: The circle|52/100
|
|-weather|Sandstorm|[upkeep]
|-damage|p1a: Boom|89/100|[from] Sandstorm
|-heal|p2a: The circle|59/100|[from] item: Leftovers
|-heal|p1a: Boom|95/100|[from] item: Leftovers
|upkeep
|turn|20
|
|t:|1728756539
|switch|p2a: Holy orders|Blissey, F|100/100
|switch|p1a: Boy|Salamence, M|100/100
|-ability|p1a: Boy|Intimidate|boost
|-unboost|p2a: Holy orders|atk|1
|
|-weather|Sandstorm|[upkeep]
|-damage|p1a: Boy|94/100|[from] Sandstorm
|-damage|p2a: Holy orders|94/100|[from] Sandstorm
|-heal|p1a: Boy|100/100|[from] item: Leftovers
|-heal|p2a: Holy orders|100/100|[from] item: Leftovers
|upkeep
|turn|21
|
|t:|1728756555
|switch|p1a: Meta|Metagross, shiny|100/100
|-damage|p1a: Meta|76/100|[from] Spikes
|move|p2a: Holy orders|Ice Beam|p1a: Meta
|-resisted|p1a: Meta
|-damage|p1a: Meta|65/100
|
|-weather|Sandstorm|[upkeep]
|-damage|p2a: Holy orders|94/100|[from] Sandstorm
|-heal|p1a: Meta|71/100|[from] item: Leftovers
|-heal|p2a: Holy orders|100/100|[from] item: Leftovers
|upkeep
|turn|22
|inactive|ShotoNC has 270 seconds left.
|
|t:|1728756579
|switch|p1a: Boy|Salamence, M|100/100
|-ability|p1a: Boy|Intimidate|boost
|-unboost|p2a: Holy orders|atk|1
|switch|p2a: Armor-Clad Faith|Skarmory, F|95/100
|
|-weather|Sandstorm|[upkeep]
|-damage|p1a: Boy|94/100|[from] Sandstorm
|-heal|p1a: Boy|100/100|[from] item: Leftovers
|-heal|p2a: Armor-Clad Faith|100/100|[from] item: Leftovers
|upkeep
|turn|23
|inactive|ShotoNC has 270 seconds left.
|
|t:|1728756594
|move|p2a: Armor-Clad Faith|Protect|p2a: Armor-Clad Faith
|-singleturn|p2a: Armor-Clad Faith|Protect
|move|p1a: Boy|Brick Break|p2a: Armor-Clad Faith
|-activate|p2a: Armor-Clad Faith|Protect
|
|-weather|Sandstorm|[upkeep]
|-damage|p1a: Boy|94/100|[from] Sandstorm
|-heal|p1a: Boy|100/100|[from] item: Leftovers
|upkeep
|turn|24
|inactive|ShotoNC has 270 seconds left.
|
|t:|1728756604
|switch|p2a: Holy orders|Blissey, F|100/100
|move|p1a: Boy|Fire Blast|p2a: Holy orders
|-damage|p2a: Holy orders|85/100
|
|-weather|Sandstorm|[upkeep]
|-damage|p1a: Boy|94/100|[from] Sandstorm
|-damage|p2a: Holy orders|78/100|[from] Sandstorm
|-heal|p1a: Boy|100/100|[from] item: Leftovers
|-heal|p2a: Holy orders|85/100|[from] item: Leftovers
|upkeep
|turn|25
|inactive|ShotoNC has 270 seconds left.
|
|t:|1728756620
|switch|p1a: Meta|Metagross, shiny|71/100
|-damage|p1a: Meta|46/100|[from] Spikes
|move|p2a: Holy orders|Ice Beam|p1a: Meta
|-resisted|p1a: Meta
|-damage|p1a: Meta|35/100
|
|-weather|Sandstorm|[upkeep]
|-damage|p2a: Holy orders|78/100|[from] Sandstorm
|-heal|p1a: Meta|41/100|[from] item: Leftovers
|-heal|p2a: Holy orders|85/100|[from] item: Leftovers
|upkeep
|turn|26
|inactive|ShotoNC has 270 seconds left.
|
|t:|1728756629
|switch|p2a: Armor-Clad Faith|Skarmory, F|100/100
|move|p1a: Meta|Meteor Mash|p2a: Armor-Clad Faith|[miss]
|-miss|p1a: Meta|p2a: Armor-Clad Faith
|
|-weather|Sandstorm|[upkeep]
|-heal|p1a: Meta|47/100|[from] item: Leftovers
|upkeep
|turn|27
|
|t:|1728756634
|move|p1a: Meta|Protect|p1a: Meta
|-singleturn|p1a: Meta|Protect
|move|p2a: Armor-Clad Faith|Roar|p1a: Meta
|-activate|p1a: Meta|Protect
|
|-weather|Sandstorm|[upkeep]
|-heal|p1a: Meta|53/100|[from] item: Leftovers
|upkeep
|turn|28
|
|t:|1728756642
|move|p1a: Meta|Meteor Mash|p2a: Armor-Clad Faith
|-resisted|p2a: Armor-Clad Faith
|-damage|p2a: Armor-Clad Faith|82/100
|move|p2a: Armor-Clad Faith|Roar|p1a: Meta
|drag|p1a: Boom|Blissey, F|95/100
|-damage|p1a: Boom|70/100|[from] Spikes
|
|-weather|Sandstorm|[upkeep]
|-damage|p1a: Boom|64/100|[from] Sandstorm
|-heal|p2a: Armor-Clad Faith|88/100|[from] item: Leftovers
|-heal|p1a: Boom|70/100|[from] item: Leftovers
|upkeep
|turn|29
|
|t:|1728756653
|move|p1a: Boom|Soft-Boiled|p1a: Boom
|-heal|p1a: Boom|100/100
|move|p2a: Armor-Clad Faith|Roar|p1a: Boom
|drag|p1a: All Seeing|Claydol, shiny|100/100
|
|-weather|Sandstorm|[upkeep]
|-heal|p2a: Armor-Clad Faith|94/100|[from] item: Leftovers
|upkeep
|turn|30
|
|t:|1728756661
|switch|p2a: Storyteller|Swampert, M|93/100
|move|p1a: All Seeing|Rapid Spin|p2a: Storyteller
|-damage|p2a: Storyteller|89/100
|-sideend|p1: ShotoNC|Spikes|[from] move: Rapid Spin|[of] p1a: All Seeing
|
|-weather|Sandstorm|[upkeep]
|-heal|p2a: Storyteller|95/100|[from] item: Leftovers
|upkeep
|turn|31
|
|t:|1728756667
|switch|p1a: Boom|Blissey, F|100/100
|move|p2a: Storyteller|Surf|p1a: Boom
|-damage|p1a: Boom|89/100
|
|-weather|Sandstorm|[upkeep]
|-damage|p1a: Boom|83/100|[from] Sandstorm
|-heal|p2a: Storyteller|100/100|[from] item: Leftovers
|-heal|p1a: Boom|89/100|[from] item: Leftovers
|upkeep
|turn|32
|
|t:|1728756689
|switch|p1a: Spiker|Skarmory, F|100/100
|move|p2a: Storyteller|Toxic|p1a: Spiker
|-immune|p1a: Spiker
|
|-weather|Sandstorm|[upkeep]
|upkeep
|turn|33
|
|t:|1728756694
|switch|p2a: Armor-Clad Faith|Skarmory, F|94/100
|move|p1a: Spiker|Spikes|p2a: Armor-Clad Faith
|-sidestart|p2: no more bad dreams|Spikes
|
|-weather|Sandstorm|[upkeep]
|-heal|p2a: Armor-Clad Faith|99/100|[from] item: Leftovers
|upkeep
|turn|34
|
|t:|1728756701
|move|p1a: Spiker|Spikes|p2a: Armor-Clad Faith
|-sidestart|p2: no more bad dreams|Spikes
|move|p2a: Armor-Clad Faith|Spikes|p1a: Spiker
|-sidestart|p1: ShotoNC|Spikes
|
|-weather|Sandstorm|[upkeep]
|-heal|p2a: Armor-Clad Faith|100/100|[from] item: Leftovers
|upkeep
|turn|35
|
|t:|1728756703
|move|p1a: Spiker|Spikes|p2a: Armor-Clad Faith
|-sidestart|p2: no more bad dreams|Spikes
|move|p2a: Armor-Clad Faith|Spikes|p1a: Spiker
|-sidestart|p1: ShotoNC|Spikes
|
|-weather|Sandstorm|[upkeep]
|upkeep
|turn|36
|
|t:|1728756706
|move|p2a: Armor-Clad Faith|Spikes|p1a: Spiker
|-sidestart|p1: ShotoNC|Spikes
|move|p1a: Spiker|Roar|p2a: Armor-Clad Faith
|drag|p2a: Tsuki no shihai|Zapdos|100/100
|
|-weather|Sandstorm|[upkeep]
|-damage|p2a: Tsuki no shihai|94/100|[from] Sandstorm
|-heal|p2a: Tsuki no shihai|100/100|[from] item: Leftovers
|upkeep
|turn|37
|
|t:|1728756714
|switch|p1a: All Seeing|Claydol, shiny|100/100
|move|p2a: Tsuki no shihai|Toxic|p1a: All Seeing
|-status|p1a: All Seeing|tox
|
|-weather|Sandstorm|[upkeep]
|-damage|p2a: Tsuki no shihai|94/100|[from] Sandstorm
|-heal|p2a: Tsuki no shihai|100/100|[from] item: Leftovers
|-damage|p1a: All Seeing|94/100 tox|[from] psn
|upkeep
|turn|38
|
|t:|1728756720
|switch|p2a: The circle|Claydol|59/100
|move|p1a: All Seeing|Rapid Spin|p2a: The circle
|-damage|p2a: The circle|53/100
|-sideend|p1: ShotoNC|Spikes|[from] move: Rapid Spin|[of] p1a: All Seeing
|
|-weather|Sandstorm|[upkeep]
|-heal|p1a: All Seeing|100/100 tox|[from] item: Leftovers
|-heal|p2a: The circle|59/100|[from] item: Leftovers
|-damage|p1a: All Seeing|88/100 tox|[from] psn
|upkeep
|turn|39
|
|t:|1728756732
|move|p1a: All Seeing|Explosion|p2a: The circle
|-damage|p2a: The circle|0 fnt
|faint|p1a: All Seeing
|faint|p2a: The circle
|
|t:|1728756741
|switch|p1a: Boy|Salamence, M|100/100
|switch|p2a: Armor-Clad Faith|Skarmory, F|100/100
|-ability|p1a: Boy|Intimidate|boost
|-unboost|p2a: Armor-Clad Faith|atk|1
|
|-weather|Sandstorm|[upkeep]
|-damage|p1a: Boy|94/100|[from] Sandstorm
|-heal|p1a: Boy|100/100|[from] item: Leftovers
|upkeep
|turn|40
|
|t:|1728756749
|switch|p2a: Tsuki no shihai|Zapdos|100/100
|move|p1a: Boy|Fire Blast|p2a: Tsuki no shihai
|-damage|p2a: Tsuki no shihai|74/100
|-status|p2a: Tsuki no shihai|brn
|
|-weather|Sandstorm|[upkeep]
|-damage|p1a: Boy|94/100|[from] Sandstorm
|-damage|p2a: Tsuki no shihai|67/100 brn|[from] Sandstorm
|-heal|p1a: Boy|100/100|[from] item: Leftovers
|-heal|p2a: Tsuki no shihai|74/100 brn|[from] item: Leftovers
|-damage|p2a: Tsuki no shihai|61/100 brn|[from] brn
|upkeep
|turn|41
|
|t:|1728756769
|switch|p1a: Boom|Blissey, F|89/100
|move|p2a: Tsuki no shihai|Toxic|p1a: Boom|[miss]
|-miss|p2a: Tsuki no shihai|p1a: Boom
|
|-weather|Sandstorm|[upkeep]
|-damage|p2a: Tsuki no shihai|55/100 brn|[from] Sandstorm
|-damage|p1a: Boom|83/100|[from] Sandstorm
|-heal|p2a: Tsuki no shihai|61/100 brn|[from] item: Leftovers
|-damage|p2a: Tsuki no shihai|49/100 brn|[from] brn
|-heal|p1a: Boom|89/100|[from] item: Leftovers
|upkeep
|turn|42
|
|t:|1728756775
|move|p2a: Tsuki no shihai|Toxic|p1a: Boom
|-status|p1a: Boom|tox
|move|p1a: Boom|Ice Beam|p2a: Tsuki no shihai
|-supereffective|p2a: Tsuki no shihai
|-damage|p2a: Tsuki no shihai|15/100 brn
|
|-weather|Sandstorm|[upkeep]
|-damage|p2a: Tsuki no shihai|8/100 brn|[from] Sandstorm
|-damage|p1a: Boom|83/100 tox|[from] Sandstorm
|-heal|p2a: Tsuki no shihai|15/100 brn|[from] item: Leftovers
|-damage|p2a: Tsuki no shihai|2/100 brn|[from] brn
|-heal|p1a: Boom|89/100 tox|[from] item: Leftovers
|-damage|p1a: Boom|83/100 tox|[from] psn
|upkeep
|turn|43
|
|t:|1728756788
|move|p2a: Tsuki no shihai|Rest|p2a: Tsuki no shihai
|-status|p2a: Tsuki no shihai|slp|[from] move: Rest
|-heal|p2a: Tsuki no shihai|100/100 slp|[silent]
|move|p1a: Boom|Ice Beam|p2a: Tsuki no shihai
|-supereffective|p2a: Tsuki no shihai
|-damage|p2a: Tsuki no shihai|65/100 slp
|
|-weather|Sandstorm|[upkeep]
|-damage|p2a: Tsuki no shihai|59/100 slp|[from] Sandstorm
|-damage|p1a: Boom|77/100 tox|[from] Sandstorm
|-heal|p2a: Tsuki no shihai|65/100 slp|[from] item: Leftovers
|-heal|p1a: Boom|83/100 tox|[from] item: Leftovers
|-damage|p1a: Boom|71/100 tox|[from] psn
|upkeep
|turn|44
|
|t:|1728756806
|switch|p2a: Holy orders|Blissey, F|85/100
|-damage|p2a: Holy orders|60/100|[from] Spikes
|-curestatus|p1a: Boom|tox|[from] ability: Natural Cure
|switch|p1a: Spiker|Skarmory, F|100/100
|
|-weather|Sandstorm|[upkeep]
|-damage|p2a: Holy orders|53/100|[from] Sandstorm
|-heal|p2a: Holy orders|60/100|[from] item: Leftovers
|upkeep
|turn|45
|
|t:|1728756823
|move|p2a: Holy orders|Soft-Boiled|p2a: Holy orders
|-heal|p2a: Holy orders|100/100
|move|p1a: Spiker|Roar|p2a: Holy orders
|drag|p2a: Storyteller|Swampert, M|100/100
|-damage|p2a: Storyteller|76/100|[from] Spikes
|
|-weather|Sandstorm|[upkeep]
|-heal|p2a: Storyteller|82/100|[from] item: Leftovers
|upkeep
|turn|46
|
|t:|1728756831
|move|p2a: Storyteller|Surf|p1a: Spiker
|-damage|p1a: Spiker|74/100
|move|p1a: Spiker|Roar|p2a: Storyteller
|drag|p2a: Armor-Clad Faith|Skarmory, F|100/100
|
|-weather|Sandstorm|[upkeep]
|-heal|p1a: Spiker|80/100|[from] item: Leftovers
|upkeep
|turn|47
|
|t:|1728756840
|move|p1a: Spiker|Protect|p1a: Spiker
|-singleturn|p1a: Spiker|Protect
|move|p2a: Armor-Clad Faith|Spikes|p1a: Spiker
|-sidestart|p1: ShotoNC|Spikes
|
|-weather|Sandstorm|[upkeep]
|-heal|p1a: Spiker|87/100|[from] item: Leftovers
|upkeep
|turn|48
|
|t:|1728756845
|move|p2a: Armor-Clad Faith|Spikes|p1a: Spiker
|-sidestart|p1: ShotoNC|Spikes
|move|p1a: Spiker|Roar|p2a: Armor-Clad Faith
|drag|p2a: Storyteller|Swampert, M|82/100
|-damage|p2a: Storyteller|57/100|[from] Spikes
|
|-weather|Sandstorm|[upkeep]
|-heal|p1a: Spiker|93/100|[from] item: Leftovers
|-heal|p2a: Storyteller|63/100|[from] item: Leftovers
|upkeep
|turn|49
|
|t:|1728756854
|move|p2a: Storyteller|Protect|p2a: Storyteller
|-singleturn|p2a: Storyteller|Protect
|move|p1a: Spiker|Roar|p2a: Storyteller
|-activate|p2a: Storyteller|Protect
|
|-weather|Sandstorm|[upkeep]
|-heal|p1a: Spiker|99/100|[from] item: Leftovers
|-heal|p2a: Storyteller|69/100|[from] item: Leftovers
|upkeep
|turn|50
|
|t:|1728756858
|move|p2a: Storyteller|Surf|p1a: Spiker
|-damage|p1a: Spiker|72/100
|move|p1a: Spiker|Roar|p2a: Storyteller
|drag|p2a: Tsuki no shihai|Zapdos|65/100 slp
|
|-weather|Sandstorm|[upkeep]
|-damage|p2a: Tsuki no shihai|59/100 slp|[from] Sandstorm
|-heal|p2a: Tsuki no shihai|65/100 slp|[from] item: Leftovers
|-heal|p1a: Spiker|78/100|[from] item: Leftovers
|upkeep
|turn|51
|
|t:|1728756871
|switch|p1a: Go|Tyranitar, F, shiny|100/100
|-damage|p1a: Go|84/100|[from] Spikes
|cant|p2a: Tsuki no shihai|slp
|
|-weather|Sandstorm|[upkeep]
|-damage|p2a: Tsuki no shihai|59/100 slp|[from] Sandstorm
|-heal|p2a: Tsuki no shihai|65/100 slp|[from] item: Leftovers
|-heal|p1a: Go|90/100|[from] item: Leftovers
|upkeep
|turn|52
|
|t:|1728756884
|switch|p2a: Armor-Clad Faith|Skarmory, F|100/100
|move|p1a: Go|Rock Slide|p2a: Armor-Clad Faith
|-crit|p2a: Armor-Clad Faith
|-damage|p2a: Armor-Clad Faith|45/100
|
|-weather|Sandstorm|[upkeep]
|-heal|p1a: Go|96/100|[from] item: Leftovers
|-heal|p2a: Armor-Clad Faith|50/100|[from] item: Leftovers
|upkeep
|turn|53
|
|t:|1728756891
|move|p1a: Go|Dragon Dance|p1a: Go
|-boost|p1a: Go|atk|1
|-boost|p1a: Go|spe|1
|move|p2a: Armor-Clad Faith|Spikes|p1a: Go
|-sidestart|p1: ShotoNC|Spikes
|
|-weather|Sandstorm|[upkeep]
|-heal|p1a: Go|100/100|[from] item: Leftovers
|-heal|p2a: Armor-Clad Faith|56/100|[from] item: Leftovers
|upkeep
|turn|54
|
|t:|1728756896
|move|p1a: Go|Dragon Dance|p1a: Go
|-boost|p1a: Go|atk|1
|-boost|p1a: Go|spe|1
|move|p2a: Armor-Clad Faith|Roar|p1a: Go
|drag|p1a: Boy|Salamence, M|100/100
|-ability|p1a: Boy|Intimidate|boost
|-unboost|p2a: Armor-Clad Faith|atk|1
|
|-weather|Sandstorm|[upkeep]
|-damage|p1a: Boy|94/100|[from] Sandstorm
|-heal|p1a: Boy|100/100|[from] item: Leftovers
|-heal|p2a: Armor-Clad Faith|62/100|[from] item: Leftovers
|upkeep
|turn|55
|
|t:|1728756908
|move|p2a: Armor-Clad Faith|Protect|p2a: Armor-Clad Faith
|-singleturn|p2a: Armor-Clad Faith|Protect
|move|p1a: Boy|Brick Break|p2a: Armor-Clad Faith
|-activate|p2a: Armor-Clad Faith|Protect
|
|-weather|Sandstorm|[upkeep]
|-damage|p1a: Boy|94/100|[from] Sandstorm
|-heal|p1a: Boy|100/100|[from] item: Leftovers
|-heal|p2a: Armor-Clad Faith|68/100|[from] item: Leftovers
|upkeep
|turn|56
|
|t:|1728756912
|switch|p2a: Holy orders|Blissey, F|100/100
|-damage|p2a: Holy orders|76/100|[from] Spikes
|move|p1a: Boy|Brick Break|p2a: Holy orders
|-supereffective|p2a: Holy orders
|-damage|p2a: Holy orders|36/100
|
|-weather|Sandstorm|[upkeep]
|-damage|p1a: Boy|94/100|[from] Sandstorm
|-damage|p2a: Holy orders|29/100|[from] Sandstorm
|-heal|p1a: Boy|100/100|[from] item: Leftovers
|-heal|p2a: Holy orders|36/100|[from] item: Leftovers
|upkeep
|turn|57
|
|t:|1728756920
|move|p1a: Boy|Brick Break|p2a: Holy orders
|-supereffective|p2a: Holy orders
|-damage|p2a: Holy orders|0 fnt
|faint|p2a: Holy orders
|
|t:|1728756921
|switch|p2a: Tsuki no shihai|Zapdos|65/100 slp
|
|-weather|Sandstorm|[upkeep]
|-damage|p1a: Boy|94/100|[from] Sandstorm
|-damage|p2a: Tsuki no shihai|59/100 slp|[from] Sandstorm
|-heal|p1a: Boy|100/100|[from] item: Leftovers
|-heal|p2a: Tsuki no shihai|65/100 slp|[from] item: Leftovers
|upkeep
|turn|58
|
|t:|1728756938
|switch|p1a: Spiker|Skarmory, F|78/100
|cant|p2a: Tsuki no shihai|slp
|
|-weather|Sandstorm|[upkeep]
|-damage|p2a: Tsuki no shihai|59/100 slp|[from] Sandstorm
|-heal|p2a: Tsuki no shihai|65/100 slp|[from] item: Leftovers
|-heal|p1a: Spiker|84/100|[from] item: Leftovers
|upkeep
|turn|59
|
|t:|1728756942
|move|p1a: Spiker|Protect|p1a: Spiker
|-singleturn|p1a: Spiker|Protect
|-curestatus|p2a: Tsuki no shihai|slp|[msg]
|move|p2a: Tsuki no shihai|Thunderbolt|p1a: Spiker
|-activate|p1a: Spiker|Protect
|
|-weather|Sandstorm|[upkeep]
|-damage|p2a: Tsuki no shihai|59/100|[from] Sandstorm
|-heal|p2a: Tsuki no shihai|65/100|[from] item: Leftovers
|-heal|p1a: Spiker|90/100|[from] item: Leftovers
|upkeep
|turn|60
|
|t:|1728756961
|move|p2a: Tsuki no shihai|Thunderbolt|p1a: Spiker
|-supereffective|p1a: Spiker
|-damage|p1a: Spiker|14/100
|move|p1a: Spiker|Roar|p2a: Tsuki no shihai
|drag|p2a: Storyteller|Swampert, M|69/100
|-damage|p2a: Storyteller|45/100|[from] Spikes
|
|-weather|Sandstorm|[upkeep]
|-heal|p1a: Spiker|20/100|[from] item: Leftovers
|-heal|p2a: Storyteller|51/100|[from] item: Leftovers
|upkeep
|turn|61
|
|t:|1728756969
|move|p1a: Spiker|Protect|p1a: Spiker
|-singleturn|p1a: Spiker|Protect
|move|p2a: Storyteller|Surf|p1a: Spiker
|-activate|p1a: Spiker|Protect
|
|-weather|Sandstorm|[upkeep]
|-heal|p1a: Spiker|26/100|[from] item: Leftovers
|-heal|p2a: Storyteller|57/100|[from] item: Leftovers
|upkeep
|turn|62
|
|t:|1728756983
|switch|p1a: Boom|Blissey, F|71/100
|-damage|p1a: Boom|46/100|[from] Spikes
|move|p2a: Storyteller|Surf|p1a: Boom
|-damage|p1a: Boom|36/100
|
|-weather|Sandstorm|[upkeep]
|-damage|p1a: Boom|29/100|[from] Sandstorm
|-heal|p2a: Storyteller|63/100|[from] item: Leftovers
|-heal|p1a: Boom|36/100|[from] item: Leftovers
|upkeep
|turn|63
|
|t:|1728756989
|move|p2a: Storyteller|Toxic|p1a: Boom
|-status|p1a: Boom|tox
|move|p1a: Boom|Soft-Boiled|p1a: Boom
|-heal|p1a: Boom|85/100 tox
|
|-weather|Sandstorm|[upkeep]
|-damage|p1a: Boom|79/100 tox|[from] Sandstorm
|-heal|p2a: Storyteller|69/100|[from] item: Leftovers
|-heal|p1a: Boom|85/100 tox|[from] item: Leftovers
|-damage|p1a: Boom|79/100 tox|[from] psn
|upkeep
|turn|64
|
|t:|1728756998
|move|p2a: Storyteller|Surf|p1a: Boom
|-damage|p1a: Boom|68/100 tox
|move|p1a: Boom|Soft-Boiled|p1a: Boom
|-heal|p1a: Boom|100/100 tox
|
|-weather|Sandstorm|[upkeep]
|-damage|p1a: Boom|94/100 tox|[from] Sandstorm
|-heal|p2a: Storyteller|76/100|[from] item: Leftovers
|-heal|p1a: Boom|100/100 tox|[from] item: Leftovers
|-damage|p1a: Boom|88/100 tox|[from] psn
|upkeep
|turn|65
|
|t:|1728757012
|-curestatus|p1a: Boom|tox|[from] ability: Natural Cure
|switch|p1a: Spiker|Skarmory, F|26/100
|move|p2a: Storyteller|Toxic|p1a: Spiker
|-immune|p1a: Spiker
|
|-weather|Sandstorm|[upkeep]
|-heal|p1a: Spiker|32/100|[from] item: Leftovers
|-heal|p2a: Storyteller|82/100|[from] item: Leftovers
|upkeep
|turn|66
|
|t:|1728757019
|move|p1a: Spiker|Protect|p1a: Spiker
|-singleturn|p1a: Spiker|Protect
|move|p2a: Storyteller|Surf|p1a: Spiker
|-activate|p1a: Spiker|Protect
|
|-weather|Sandstorm|[upkeep]
|-heal|p1a: Spiker|38/100|[from] item: Leftovers
|-heal|p2a: Storyteller|88/100|[from] item: Leftovers
|upkeep
|turn|67
|
|t:|1728757024
|move|p2a: Storyteller|Surf|p1a: Spiker
|-damage|p1a: Spiker|14/100
|move|p1a: Spiker|Roar|p2a: Storyteller
|drag|p2a: Smell of the game|Tyranitar, M|100/100 slp
|-damage|p2a: Smell of the game|75/100 slp|[from] Spikes
|
|-weather|Sandstorm|[upkeep]
|-heal|p1a: Spiker|20/100|[from] item: Leftovers
|-heal|p2a: Smell of the game|82/100 slp|[from] item: Leftovers
|upkeep
|turn|68
|
|t:|1728757048
|switch|p1a: Boy|Salamence, M|100/100
|-ability|p1a: Boy|Intimidate|boost
|-unboost|p2a: Smell of the game|atk|1
|cant|p2a: Smell of the game|slp
|
|-weather|Sandstorm|[upkeep]
|-damage|p1a: Boy|94/100|[from] Sandstorm
|-heal|p1a: Boy|100/100|[from] item: Leftovers
|-heal|p2a: Smell of the game|88/100 slp|[from] item: Leftovers
|upkeep
|turn|69
|
|t:|1728757060
|switch|p2a: Tsuki no shihai|Zapdos|65/100
|move|p1a: Boy|Hidden Power|p2a: Tsuki no shihai
|-resisted|p2a: Tsuki no shihai
|-damage|p2a: Tsuki no shihai|57/100
|
|-weather|Sandstorm|[upkeep]
|-damage|p1a: Boy|94/100|[from] Sandstorm
|-damage|p2a: Tsuki no shihai|50/100|[from] Sandstorm
|-heal|p1a: Boy|100/100|[from] item: Leftovers
|-heal|p2a: Tsuki no shihai|57/100|[from] item: Leftovers
|upkeep
|turn|70
|
|t:|1728757069
|switch|p1a: Boom|Blissey, F|88/100
|-damage|p1a: Boom|63/100|[from] Spikes
|move|p2a: Tsuki no shihai|Toxic|p1a: Boom
|-status|p1a: Boom|tox
|
|-weather|Sandstorm|[upkeep]
|-damage|p2a: Tsuki no shihai|50/100|[from] Sandstorm
|-damage|p1a: Boom|57/100 tox|[from] Sandstorm
|-heal|p2a: Tsuki no shihai|57/100|[from] item: Leftovers
|-heal|p1a: Boom|63/100 tox|[from] item: Leftovers
|-damage|p1a: Boom|57/100 tox|[from] psn
|upkeep
|turn|71
|
|t:|1728757076
|move|p2a: Tsuki no shihai|Thunderbolt|p1a: Boom
|-damage|p1a: Boom|40/100 tox
|move|p1a: Boom|Ice Beam|p2a: Tsuki no shihai
|-supereffective|p2a: Tsuki no shihai
|-damage|p2a: Tsuki no shihai|24/100
|
|-weather|Sandstorm|[upkeep]
|-damage|p2a: Tsuki no shihai|18/100|[from] Sandstorm
|-damage|p1a: Boom|34/100 tox|[from] Sandstorm
|-heal|p2a: Tsuki no shihai|24/100|[from] item: Leftovers
|-heal|p1a: Boom|40/100 tox|[from] item: Leftovers
|-damage|p1a: Boom|28/100 tox|[from] psn
|upkeep
|turn|72
|
|t:|1728757081
|move|p2a: Tsuki no shihai|Rest|p2a: Tsuki no shihai
|-status|p2a: Tsuki no shihai|slp|[from] move: Rest
|-heal|p2a: Tsuki no shihai|100/100 slp|[silent]
|move|p1a: Boom|Soft-Boiled|p1a: Boom
|-heal|p1a: Boom|78/100 tox
|
|-weather|Sandstorm|[upkeep]
|-damage|p2a: Tsuki no shihai|94/100 slp|[from] Sandstorm
|-damage|p1a: Boom|72/100 tox|[from] Sandstorm
|-heal|p2a: Tsuki no shihai|100/100 slp|[from] item: Leftovers
|-heal|p1a: Boom|78/100 tox|[from] item: Leftovers
|-damage|p1a: Boom|60/100 tox|[from] psn
|upkeep
|turn|73
|
|t:|1728757087
|-curestatus|p1a: Boom|tox|[from] ability: Natural Cure
|switch|p1a: Spiker|Skarmory, F|20/100
|cant|p2a: Tsuki no shihai|slp
|
|-weather|Sandstorm|[upkeep]
|-damage|p2a: Tsuki no shihai|94/100 slp|[from] Sandstorm
|-heal|p2a: Tsuki no shihai|100/100 slp|[from] item: Leftovers
|-heal|p1a: Spiker|26/100|[from] item: Leftovers
|upkeep
|turn|74
|
|t:|1728757095
|cant|p2a: Tsuki no shihai|slp
|move|p1a: Spiker|Roar|p2a: Tsuki no shihai
|drag|p2a: Storyteller|Swampert, M|88/100
|-damage|p2a: Storyteller|63/100|[from] Spikes
|
|-weather|Sandstorm|[upkeep]
|-heal|p1a: Spiker|32/100|[from] item: Leftovers
|-heal|p2a: Storyteller|69/100|[from] item: Leftovers
|upkeep
|turn|75
|
|t:|1728757100
|move|p1a: Spiker|Protect|p1a: Spiker
|-singleturn|p1a: Spiker|Protect
|move|p2a: Storyteller|Surf|p1a: Spiker
|-activate|p1a: Spiker|Protect
|
|-weather|Sandstorm|[upkeep]
|-heal|p1a: Spiker|38/100|[from] item: Leftovers
|-heal|p2a: Storyteller|76/100|[from] item: Leftovers
|upkeep
|turn|76
|
|t:|1728757108
|move|p2a: Storyteller|Protect|p2a: Storyteller
|-singleturn|p2a: Storyteller|Protect
|move|p1a: Spiker|Roar|p2a: Storyteller
|-activate|p2a: Storyteller|Protect
|
|-weather|Sandstorm|[upkeep]
|-heal|p1a: Spiker|44/100|[from] item: Leftovers
|-heal|p2a: Storyteller|82/100|[from] item: Leftovers
|upkeep
|turn|77
|
|t:|1728757109
|move|p2a: Storyteller|Surf|p1a: Spiker
|-damage|p1a: Spiker|18/100
|move|p1a: Spiker|Roar|p2a: Storyteller
|drag|p2a: Smell of the game|Tyranitar, M|88/100 slp
|-damage|p2a: Smell of the game|63/100 slp|[from] Spikes
|
|-weather|Sandstorm|[upkeep]
|-heal|p1a: Spiker|24/100|[from] item: Leftovers
|-heal|p2a: Smell of the game|69/100 slp|[from] item: Leftovers
|upkeep
|turn|78
|
|t:|1728757116
|switch|p1a: Boy|Salamence, M|100/100
|-ability|p1a: Boy|Intimidate|boost
|-unboost|p2a: Smell of the game|atk|1
|-curestatus|p2a: Smell of the game|slp|[msg]
|move|p2a: Smell of the game|Fire Blast|p1a: Boy
|-resisted|p1a: Boy
|-damage|p1a: Boy|76/100
|
|-weather|Sandstorm|[upkeep]
|-damage|p1a: Boy|70/100|[from] Sandstorm
|-heal|p1a: Boy|76/100|[from] item: Leftovers
|-heal|p2a: Smell of the game|75/100|[from] item: Leftovers
|upkeep
|turn|79
|
|t:|1728757126
|switch|p2a: Tsuki no shihai|Zapdos|100/100 slp
|move|p1a: Boy|Brick Break|p2a: Tsuki no shihai
|-resisted|p2a: Tsuki no shihai
|-damage|p2a: Tsuki no shihai|90/100 slp
|
|-weather|Sandstorm|[upkeep]
|-damage|p1a: Boy|70/100|[from] Sandstorm
|-damage|p2a: Tsuki no shihai|84/100 slp|[from] Sandstorm
|-heal|p1a: Boy|76/100|[from] item: Leftovers
|-heal|p2a: Tsuki no shihai|90/100 slp|[from] item: Leftovers
|upkeep
|turn|80
|
|t:|1728757146
|switch|p1a: Boom|Blissey, F|60/100
|-damage|p1a: Boom|35/100|[from] Spikes
|-curestatus|p2a: Tsuki no shihai|slp|[msg]
|move|p2a: Tsuki no shihai|Toxic|p1a: Boom
|-status|p1a: Boom|tox
|
|-weather|Sandstorm|[upkeep]
|-damage|p2a: Tsuki no shihai|84/100|[from] Sandstorm
|-damage|p1a: Boom|29/100 tox|[from] Sandstorm
|-heal|p2a: Tsuki no shihai|90/100|[from] item: Leftovers
|-heal|p1a: Boom|35/100 tox|[from] item: Leftovers
|-damage|p1a: Boom|29/100 tox|[from] psn
|upkeep
|turn|81
|
|t:|1728757155
|switch|p2a: Armor-Clad Faith|Skarmory, F|68/100
|move|p1a: Boom|Soft-Boiled|p1a: Boom
|-heal|p1a: Boom|79/100 tox
|
|-weather|Sandstorm|[upkeep]
|-damage|p1a: Boom|72/100 tox|[from] Sandstorm
|-heal|p2a: Armor-Clad Faith|74/100|[from] item: Leftovers
|-heal|p1a: Boom|79/100 tox|[from] item: Leftovers
|-damage|p1a: Boom|66/100 tox|[from] psn
|upkeep
|turn|82
|
|t:|1728757161
|move|p2a: Armor-Clad Faith|Drill Peck|p1a: Boom
|-damage|p1a: Boom|42/100 tox
|move|p1a: Boom|Thunderbolt|p2a: Armor-Clad Faith
|-supereffective|p2a: Armor-Clad Faith
|-damage|p2a: Armor-Clad Faith|25/100
|
|-weather|Sandstorm|[upkeep]
|-damage|p1a: Boom|36/100 tox|[from] Sandstorm
|-heal|p2a: Armor-Clad Faith|31/100|[from] item: Leftovers
|-heal|p1a: Boom|42/100 tox|[from] item: Leftovers
|-damage|p1a: Boom|23/100 tox|[from] psn
|upkeep
|turn|83
|
|t:|1728757167
|move|p2a: Armor-Clad Faith|Drill Peck|p1a: Boom
|-damage|p1a: Boom|0 fnt
|faint|p1a: Boom
|
|t:|1728757173
|switch|p1a: Boy|Salamence, M|76/100
|-ability|p1a: Boy|Intimidate|boost
|-unboost|p2a: Armor-Clad Faith|atk|1
|
|-weather|Sandstorm|[upkeep]
|-damage|p1a: Boy|70/100|[from] Sandstorm
|-heal|p1a: Boy|76/100|[from] item: Leftovers
|-heal|p2a: Armor-Clad Faith|37/100|[from] item: Leftovers
|upkeep
|turn|84
|
|t:|1728757183
|switch|p2a: Tsuki no shihai|Zapdos|90/100
|move|p1a: Boy|Dragon Claw|p2a: Tsuki no shihai
|-damage|p2a: Tsuki no shihai|62/100
|
|-weather|Sandstorm|[upkeep]
|-damage|p1a: Boy|70/100|[from] Sandstorm
|-damage|p2a: Tsuki no shihai|56/100|[from] Sandstorm
|-heal|p1a: Boy|76/100|[from] item: Leftovers
|-heal|p2a: Tsuki no shihai|62/100|[from] item: Leftovers
|upkeep
|turn|85
|
|t:|1728757190
|switch|p1a: Spiker|Skarmory, F|24/100
|move|p2a: Tsuki no shihai|Toxic|p1a: Spiker
|-immune|p1a: Spiker
|
|-weather|Sandstorm|[upkeep]
|-damage|p2a: Tsuki no shihai|56/100|[from] Sandstorm
|-heal|p2a: Tsuki no shihai|62/100|[from] item: Leftovers
|-heal|p1a: Spiker|30/100|[from] item: Leftovers
|upkeep
|turn|86
|
|t:|1728757194
|move|p1a: Spiker|Protect|p1a: Spiker
|-singleturn|p1a: Spiker|Protect
|move|p2a: Tsuki no shihai|Thunderbolt|p1a: Spiker
|-activate|p1a: Spiker|Protect
|
|-weather|Sandstorm|[upkeep]
|-damage|p2a: Tsuki no shihai|56/100|[from] Sandstorm
|-heal|p2a: Tsuki no shihai|62/100|[from] item: Leftovers
|-heal|p1a: Spiker|37/100|[from] item: Leftovers
|upkeep
|turn|87
|inactive|ShotoNC has 270 seconds left.
|
|t:|1728757236
|move|p1a: Spiker|Protect||[still]
|-fail|p1a: Spiker
|move|p2a: Tsuki no shihai|Thunderbolt|p1a: Spiker
|-supereffective|p1a: Spiker
|-damage|p1a: Spiker|0 fnt
|faint|p1a: Spiker
|
|t:|1728757241
|switch|p1a: Go|Tyranitar, F, shiny|100/100
|-damage|p1a: Go|76/100|[from] Spikes
|
|-weather|Sandstorm|[upkeep]
|-damage|p2a: Tsuki no shihai|56/100|[from] Sandstorm
|-heal|p2a: Tsuki no shihai|62/100|[from] item: Leftovers
|-heal|p1a: Go|82/100|[from] item: Leftovers
|upkeep
|turn|88
|inactive|ShotoNC has 270 seconds left.
|
|t:|1728757255
|switch|p2a: Storyteller|Swampert, M|82/100
|-damage|p2a: Storyteller|57/100|[from] Spikes
|move|p1a: Go|Rock Slide|p2a: Storyteller|[miss]
|-miss|p1a: Go|p2a: Storyteller
|
|-weather|Sandstorm|[upkeep]
|-heal|p1a: Go|88/100|[from] item: Leftovers
|-heal|p2a: Storyteller|63/100|[from] item: Leftovers
|upkeep
|turn|89
|inactive|ShotoNC has 270 seconds left.
|
|t:|1728757267
|switch|p1a: Meta|Metagross, shiny|53/100
|-damage|p1a: Meta|28/100|[from] Spikes
|move|p2a: Storyteller|Toxic|p1a: Meta
|-immune|p1a: Meta
|
|-weather|Sandstorm|[upkeep]
|-heal|p1a: Meta|34/100|[from] item: Leftovers
|-heal|p2a: Storyteller|69/100|[from] item: Leftovers
|upkeep
|turn|90
|inactive|ShotoNC has 270 seconds left.
|
|t:|1728757292
|switch|p2a: Armor-Clad Faith|Skarmory, F|37/100
|move|p1a: Meta|Protect||[still]
|-fail|p1a: Meta
|
|-weather|Sandstorm|[upkeep]
|-heal|p2a: Armor-Clad Faith|43/100|[from] item: Leftovers
|-heal|p1a: Meta|40/100|[from] item: Leftovers
|upkeep
|turn|91
|
|t:|1728757297
|move|p1a: Meta|Meteor Mash|p2a: Armor-Clad Faith
|-resisted|p2a: Armor-Clad Faith
|-damage|p2a: Armor-Clad Faith|25/100
|move|p2a: Armor-Clad Faith|Roar|p1a: Meta
|drag|p1a: Go|Tyranitar, F, shiny|88/100
|-damage|p1a: Go|63/100|[from] Spikes
|
|-weather|Sandstorm|[upkeep]
|-heal|p1a: Go|69/100|[from] item: Leftovers
|-heal|p2a: Armor-Clad Faith|31/100|[from] item: Leftovers
|upkeep
|turn|92
|
|t:|1728757307
|move|p1a: Go|Dragon Dance|p1a: Go
|-boost|p1a: Go|atk|1
|-boost|p1a: Go|spe|1
|move|p2a: Armor-Clad Faith|Roar|p1a: Go
|drag|p1a: Boy|Salamence, M|76/100
|-ability|p1a: Boy|Intimidate|boost
|-unboost|p2a: Armor-Clad Faith|atk|1
|
|-weather|Sandstorm|[upkeep]
|-damage|p1a: Boy|70/100|[from] Sandstorm
|-heal|p1a: Boy|76/100|[from] item: Leftovers
|-heal|p2a: Armor-Clad Faith|37/100|[from] item: Leftovers
|upkeep
|turn|93
|inactive|ShotoNC has 270 seconds left.
|
|t:|1728757314
|move|p1a: Boy|Dragon Claw|p2a: Armor-Clad Faith
|-resisted|p2a: Armor-Clad Faith
|-damage|p2a: Armor-Clad Faith|20/100
|move|p2a: Armor-Clad Faith|Drill Peck|p1a: Boy
|-crit|p1a: Boy
|-damage|p1a: Boy|18/100
|
|-weather|Sandstorm|[upkeep]
|-damage|p1a: Boy|12/100|[from] Sandstorm
|-heal|p1a: Boy|18/100|[from] item: Leftovers
|-heal|p2a: Armor-Clad Faith|26/100|[from] item: Leftovers
|upkeep
|turn|94
|
|t:|1728757322
|move|p1a: Boy|Fire Blast|p2a: Armor-Clad Faith
|-supereffective|p2a: Armor-Clad Faith
|-damage|p2a: Armor-Clad Faith|0 fnt
|faint|p2a: Armor-Clad Faith
|
|t:|1728757323
|switch|p2a: Tsuki no shihai|Zapdos|62/100
|
|-weather|Sandstorm|[upkeep]
|-damage|p1a: Boy|12/100|[from] Sandstorm
|-damage|p2a: Tsuki no shihai|56/100|[from] Sandstorm
|-heal|p1a: Boy|18/100|[from] item: Leftovers
|-heal|p2a: Tsuki no shihai|62/100|[from] item: Leftovers
|upkeep
|turn|95
|
|t:|1728757327
|switch|p1a: Meta|Metagross, shiny|40/100
|-damage|p1a: Meta|16/100|[from] Spikes
|move|p2a: Tsuki no shihai|Thunderbolt|p1a: Meta
|-damage|p1a: Meta|0 fnt
|faint|p1a: Meta
|
|t:|1728757332
|switch|p1a: Go|Tyranitar, F, shiny|69/100
|-damage|p1a: Go|45/100|[from] Spikes
|
|-weather|Sandstorm|[upkeep]
|-damage|p2a: Tsuki no shihai|56/100|[from] Sandstorm
|-heal|p2a: Tsuki no shihai|62/100|[from] item: Leftovers
|-heal|p1a: Go|51/100|[from] item: Leftovers
|upkeep
|turn|96
|
|t:|1728757334
|switch|p2a: Storyteller|Swampert, M|69/100
|-damage|p2a: Storyteller|45/100|[from] Spikes
|move|p1a: Go|Rock Slide|p2a: Storyteller
|-resisted|p2a: Storyteller
|-damage|p2a: Storyteller|33/100
|
|-weather|Sandstorm|[upkeep]
|-heal|p1a: Go|57/100|[from] item: Leftovers
|-heal|p2a: Storyteller|39/100|[from] item: Leftovers
|upkeep
|turn|97
|inactive|ShotoNC has 270 seconds left.
|
|t:|1728757380
|move|p1a: Go|Rock Slide|p2a: Storyteller
|-resisted|p2a: Storyteller
|-damage|p2a: Storyteller|26/100
|move|p2a: Storyteller|Surf|p1a: Go
|-supereffective|p1a: Go
|-damage|p1a: Go|0 fnt
|faint|p1a: Go
|
|t:|1728757385
|switch|p1a: Boy|Salamence, M|18/100
|-ability|p1a: Boy|Intimidate|boost
|-unboost|p2a: Storyteller|atk|1
|
|-weather|Sandstorm|[upkeep]
|-damage|p1a: Boy|12/100|[from] Sandstorm
|-heal|p1a: Boy|18/100|[from] item: Leftovers
|-heal|p2a: Storyteller|32/100|[from] item: Leftovers
|upkeep
|turn|98
|
|t:|1728757394
|move|p1a: Boy|Hidden Power|p2a: Storyteller
|-supereffective|p2a: Storyteller
|-damage|p2a: Storyteller|0 fnt
|faint|p2a: Storyteller
|
|t:|1728757397
|switch|p2a: Tsuki no shihai|Zapdos|62/100
|
|-weather|Sandstorm|[upkeep]
|-damage|p1a: Boy|12/100|[from] Sandstorm
|-damage|p2a: Tsuki no shihai|56/100|[from] Sandstorm
|-heal|p1a: Boy|18/100|[from] item: Leftovers
|-heal|p2a: Tsuki no shihai|62/100|[from] item: Leftovers
|upkeep
|turn|99
|inactive|ShotoNC has 270 seconds left.
|
|t:|1728757407
|move|p1a: Boy|Fire Blast|p2a: Tsuki no shihai
|-damage|p2a: Tsuki no shihai|33/100
|move|p2a: Tsuki no shihai|Thunderbolt|p1a: Boy
|-damage|p1a: Boy|0 fnt
|faint|p1a: Boy
|
|win|no more bad dreams
|c|☆no more bad dreams|gg
|c|☆ShotoNC|gg

</script>
<script type="application/json" class="data" id="replaydata-smogtours-gen3ou-797636">
{"id":"smogtours-gen3ou-797636","format":"[Gen 3] OU","players":["ShotoNC","no more bad dreams"],"uploadtime":1728757407,"views":104,"formatid":"gen3ou","rating":null,"private":0,"password":null}
</script>

<script defer src="js/replays.js?9d40a366"></script>
