<!DOCTYPE html>
<meta charset="utf-8" />
<meta name="viewport" content="width=device-width" />

<title>[Gen 3] OU: ilikeeatingcrayons vs. Glick666 - Replays - Pok&eacute;mon Showdown!</title>

<meta name="description" content="Watch a replay of a Pok&eacute;mon battle between ilikeeatingcrayons and Glick666! Format: [Gen 3] OU; Date: Oct 2, 2024" />
<!--

Hey, you! Looking in the source for the replay log?

You can find them in JSON format, just add `.json` at the end of a replay URL.

https://replay.pokemonshowdown.com/gen7randomdoublesbattle-865046831.json

Or, if you only need the log itself, add `.log` instead:

https://replay.pokemonshowdown.com/gen7randomdoublesbattle-865046831.log

-->

<link rel="stylesheet" href="//pokemonshowdown.com/style/global.css?0.023195364461161105" />
<link rel="stylesheet" href="//play.pokemonshowdown.com/style/font-awesome.css?0.13261647063804238" />
<link rel="stylesheet" href="//play.pokemonshowdown.com/style/battle.css?0.8753245789963631" />
<link rel="stylesheet" href="//play.pokemonshowdown.com/style/utilichart.css?0.8627959624976733" />

<!-- Global site tag (gtag.js) - Google Analytics -->
<script async src="https://www.googletagmanager.com/gtag/js?id=UA-26211653-1"></script>
<script>
  window.dataLayer = window.dataLayer || [];
  function gtag(){dataLayer.push(arguments);}
  gtag('js', new Date());

  gtag('config', 'UA-26211653-1');
</script>
<!-- End Google Analytics -->
<!-- Venatus Ad Manager - Install in <HEAD> of page -->
	<script src="https://hb.vntsm.com/v3/live/ad-manager.min.js" type="text/javascript" data-site-id="642aba63ec9a7b11c3c9c1be" data-mode="scan" async></script>
<!-- / Venatus Ad Manager -->

<style>
	@media (max-width:820px) {
		.battle {
			margin: 0 auto;
		}
		.battle-log {
			margin: 7px auto 0;
			max-width: 640px;
			height: 300px;
			position: static;
		}
	}
	.optgroup {
		display: inline-block;
		line-height: 22px;
		font-size: 10pt;
	}
	.optgroup .button {
		height: 25px;
		padding-top: 0;
		padding-bottom: 0;
	}
	.optgroup button.button {
		padding-left: 12px;
		padding-right: 12px;
	}
	.linklist {
		list-style: none;
		margin: 0.5em 0;
		padding: 0;
	}
	.linklist li {
		padding: 2px 0;
	}
	.sidebar {
		float: left;
		width: 320px;
	}
	.bar-wrapper {
		max-width: 1100px;
		margin: 0 auto;
	}
	.bar-wrapper.has-sidebar {
		max-width: 1430px;
	}
	.mainbar {
		margin: 0;
		padding-right: 1px;
	}
	.mainbar.has-sidebar {
		margin-left: 330px;
	}
	@media (min-width: 1511px) {
		.sidebar {
			width: 400px;
		}
		.bar-wrapper.has-sidebar {
			max-width: 1510px;
		}
		.mainbar.has-sidebar {
			margin-left: 410px;
		}
	}
	.section.first-section {
		margin-top: 9px;
	}
	.blocklink small {
		white-space: normal;
	}
	.button {
		vertical-align: middle;
	}
	.replay-controls {
		padding-top: 10px;
	}
	.replay-controls h1 {
		font-size: 16pt;
		font-weight: normal;
		color: #CCC;
	}
	.pagelink {
		text-align: center;
	}
	.pagelink a {
		width: 150px;
	}
	.textbox, .button {
		font-size: 11pt;
		vertical-align: middle;
	}
	@media (max-width: 450px) {
		.button {
			font-size: 9pt;
		}
	}
</style>

<div>

	<header>
		<div class="nav-wrapper"><ul class="nav">
			<li><a class="button nav-first" href="//pokemonshowdown.com/"><img src="//pokemonshowdown.com/images/pokemonshowdownbeta.png" srcset="//pokemonshowdown.com/images/pokemonshowdownbeta.png 1x, //pokemonshowdown.com/images/pokemonshowdownbeta@2x.png 2x" alt="Pok&eacute;mon Showdown" width="146" height="44" /> Home</a></li>
			<li><a class="button" href="//pokemonshowdown.com/dex/">Pok&eacute;dex</a></li>
			<li><a class="button cur" href="/">Replays</a></li>
			<li><a class="button" href="//pokemonshowdown.com/ladder/">Ladder</a></li>
			<li><a class="button nav-last" href="//pokemonshowdown.com/forums/">Forum</a></li>
			<li><a class="button greenbutton nav-first nav-last" href="//play.pokemonshowdown.com/">Play</a></li>
		</ul></div>
	</header>

	<div class="main" id="main">

		<noscript><section class="section">You need to enable JavaScript to use this page; sorry!</section></noscript>

	</div>

</div>

<script defer nomodule src="//play.pokemonshowdown.com/js/lib/ps-polyfill.js"></script>
<script defer src="//play.pokemonshowdown.com/js/lib/preact.min.js"></script>

<script defer src="//play.pokemonshowdown.com/config/config.js?2bddbc15"></script>
<script defer src="//play.pokemonshowdown.com/js/lib/jquery-1.11.0.min.js"></script>
<script defer src="//play.pokemonshowdown.com/js/lib/html-sanitizer-minified.js"></script>
<script defer src="//play.pokemonshowdown.com/js/battle-sound.js"></script>
<script defer src="//play.pokemonshowdown.com/js/battledata.js?0.7209276989879541"></script>
<script defer src="//play.pokemonshowdown.com/data/pokedex-mini.js?0.6111056340867951"></script>
<script defer src="//play.pokemonshowdown.com/data/pokedex-mini-bw.js?0.3532142036491459"></script>
<script defer src="//play.pokemonshowdown.com/data/graphics.js?0.24223875632456182"></script>
<script defer src="//play.pokemonshowdown.com/data/pokedex.js?0.38839984266356864"></script>
<script defer src="//play.pokemonshowdown.com/data/moves.js?0.21866028504024015"></script>
<script defer src="//play.pokemonshowdown.com/data/abilities.js?0.2005157953846628"></script>
<script defer src="//play.pokemonshowdown.com/data/items.js?0.9894211263848525"></script>
<script defer src="//play.pokemonshowdown.com/data/teambuilder-tables.js?0.6008791140282215"></script>
<script defer src="//play.pokemonshowdown.com/js/battle-tooltips.js?0.7580118955022959"></script>
<script defer src="//play.pokemonshowdown.com/js/battle.js?0.6057722274234274"></script>

<script defer src="js/utils.js?e31f9a17"></script>
<script defer src="js/replays-battle.js?7008c182"></script>

<!-- don't scrape this data! just add .json or .log after the URL!
Full API docs: https://github.com/smogon/pokemon-showdown-client/blob/master/WEB-API.md -->
<script type="text/plain" class="log" id="replaylog-smogtours-gen3ou-794044">
|inactive|Battle timer is ON: inactive players will automatically lose when time's up.
|t:|1727901958
|gametype|singles
|player|p1|ilikeeatingcrayons|youngster-gen4dp|
|player|p2|Glick666|swimmer-gen4dp|
|teamsize|p1|6
|teamsize|p2|6
|gen|3
|tier|[Gen 3] OU
|rule|Sleep Clause Mod: Limit one foe put to sleep
|rule|Switch Priority Clause Mod: Faster Pokémon switch first
|rule|Species Clause: Limit one of each Pokémon
|rule|OHKO Clause: OHKO moves are banned
|rule|Evasion Items Clause: Evasion items are banned
|rule|Evasion Moves Clause: Evasion moves are banned
|rule|Endless Battle Clause: Forcing endless battles is banned
|rule|HP Percentage Mod: HP is shown in percentages
|rule|One Boost Passer Clause: Limit one Baton Passer that has a way to boost its stats
|rule|Freeze Clause Mod: Limit one foe frozen
|
|t:|1727901958
|start
|switch|p1a: Seraph of the End|Skarmory, F|100/100
|switch|p2a: Skarmory|Skarmory, F|100/100
|turn|1
|
|t:|1727901966
|move|p1a: Seraph of the End|Spikes|p2a: Skarmory
|-sidestart|p2: Glick666|Spikes
|move|p2a: Skarmory|Spikes|p1a: Seraph of the End
|-sidestart|p1: ilikeeatingcrayons|Spikes
|
|upkeep
|turn|2
|
|t:|1727901971
|move|p2a: Skarmory|Spikes|p1a: Seraph of the End
|-sidestart|p1: ilikeeatingcrayons|Spikes
|move|p1a: Seraph of the End|Roar|p2a: Skarmory
|drag|p2a: Tyranitar|Tyranitar, F|100/100
|-damage|p2a: Tyranitar|88/100|[from] Spikes
|-weather|Sandstorm|[from] ability: Sand Stream|[of] p2a: Tyranitar
|
|-weather|Sandstorm|[upkeep]
|-heal|p2a: Tyranitar|94/100|[from] item: Leftovers
|upkeep
|turn|3
|
|t:|1727901983
|move|p1a: Seraph of the End|Toxic|p2a: Tyranitar
|-status|p2a: Tyranitar|tox
|move|p2a: Tyranitar|Rock Slide|p1a: Seraph of the End
|-damage|p1a: Seraph of the End|68/100
|
|-weather|Sandstorm|[upkeep]
|-heal|p1a: Seraph of the End|74/100|[from] item: Leftovers
|-heal|p2a: Tyranitar|100/100 tox|[from] item: Leftovers
|-damage|p2a: Tyranitar|94/100 tox|[from] psn
|upkeep
|turn|4
|
|t:|1727901993
|switch|p2a: Gengar|Gengar, M|100/100
|move|p1a: Seraph of the End|Protect||[still]
|-fail|p1a: Seraph of the End
|
|-weather|Sandstorm|[upkeep]
|-damage|p2a: Gengar|94/100|[from] Sandstorm
|-heal|p2a: Gengar|100/100|[from] item: Leftovers
|-heal|p1a: Seraph of the End|80/100|[from] item: Leftovers
|upkeep
|turn|5
|
|t:|1727902001
|switch|p1a: Sakamoto Days|Blissey, F, shiny|100/100
|-damage|p1a: Sakamoto Days|84/100|[from] Spikes
|move|p2a: Gengar|Taunt|p1a: Sakamoto Days
|-start|p1a: Sakamoto Days|move: Taunt
|
|-weather|Sandstorm|[upkeep]
|-damage|p2a: Gengar|94/100|[from] Sandstorm
|-damage|p1a: Sakamoto Days|78/100|[from] Sandstorm
|-heal|p2a: Gengar|100/100|[from] item: Leftovers
|-heal|p1a: Sakamoto Days|84/100|[from] item: Leftovers
|upkeep
|turn|6
|
|t:|1727902018
|switch|p2a: Blissey|Blissey, F|100/100
|-damage|p2a: Blissey|88/100|[from] Spikes
|move|p1a: Sakamoto Days|Fire Blast|p2a: Blissey
|-damage|p2a: Blissey|75/100
|-status|p2a: Blissey|brn
|
|-weather|Sandstorm|[upkeep]
|-damage|p1a: Sakamoto Days|78/100|[from] Sandstorm
|-damage|p2a: Blissey|68/100 brn|[from] Sandstorm
|-heal|p2a: Blissey|75/100 brn|[from] item: Leftovers
|-heal|p1a: Sakamoto Days|84/100|[from] item: Leftovers
|-damage|p2a: Blissey|62/100 brn|[from] brn
|-end|p1a: Sakamoto Days|move: Taunt|[silent]
|upkeep
|turn|7
|
|t:|1727902032
|switch|p1a: Seraph of the End|Skarmory, F|80/100
|move|p2a: Blissey|Soft-Boiled|p2a: Blissey
|-heal|p2a: Blissey|100/100 brn
|
|-weather|Sandstorm|[upkeep]
|-damage|p2a: Blissey|94/100 brn|[from] Sandstorm
|-heal|p1a: Seraph of the End|86/100|[from] item: Leftovers
|-heal|p2a: Blissey|100/100 brn|[from] item: Leftovers
|-damage|p2a: Blissey|88/100 brn|[from] brn
|upkeep
|turn|8
|
|t:|1727902043
|move|p1a: Seraph of the End|Spikes|p2a: Blissey
|-sidestart|p2: Glick666|Spikes
|move|p2a: Blissey|Flamethrower|p1a: Seraph of the End
|-supereffective|p1a: Seraph of the End
|-crit|p1a: Seraph of the End
|-damage|p1a: Seraph of the End|0 fnt
|faint|p1a: Seraph of the End
|
|t:|1727902050
|switch|p1a: Toradora!|Gengar, F|100/100
|
|-weather|Sandstorm|[upkeep]
|-damage|p1a: Toradora!|95/100|[from] Sandstorm
|-damage|p2a: Blissey|82/100 brn|[from] Sandstorm
|-heal|p1a: Toradora!|100/100|[from] item: Leftovers
|-heal|p2a: Blissey|88/100 brn|[from] item: Leftovers
|-damage|p2a: Blissey|76/100 brn|[from] brn
|upkeep
|turn|9
|
|t:|1727902058
|-curestatus|p2a: Blissey|brn|[from] ability: Natural Cure
|switch|p2a: Skarmory|Skarmory, F|100/100
|move|p1a: Toradora!|Thunderbolt|p2a: Skarmory
|-supereffective|p2a: Skarmory
|-damage|p2a: Skarmory|52/100
|
|-weather|Sandstorm|[upkeep]
|-damage|p1a: Toradora!|95/100|[from] Sandstorm
|-heal|p1a: Toradora!|100/100|[from] item: Leftovers
|-heal|p2a: Skarmory|58/100|[from] item: Leftovers
|upkeep
|turn|10
|
|t:|1727902069
|move|p2a: Skarmory|Protect|p2a: Skarmory
|-singleturn|p2a: Skarmory|Protect
|move|p1a: Toradora!|Will-O-Wisp|p2a: Skarmory
|-activate|p2a: Skarmory|Protect
|
|-weather|Sandstorm|[upkeep]
|-damage|p1a: Toradora!|95/100|[from] Sandstorm
|-heal|p1a: Toradora!|100/100|[from] item: Leftovers
|-heal|p2a: Skarmory|64/100|[from] item: Leftovers
|upkeep
|turn|11
|
|t:|1727902085
|switch|p2a: Blissey|Blissey, F|76/100
|-damage|p2a: Blissey|59/100|[from] Spikes
|move|p1a: Toradora!|Will-O-Wisp|p2a: Blissey
|-status|p2a: Blissey|brn
|
|-weather|Sandstorm|[upkeep]
|-damage|p1a: Toradora!|95/100|[from] Sandstorm
|-damage|p2a: Blissey|53/100 brn|[from] Sandstorm
|-heal|p1a: Toradora!|100/100|[from] item: Leftovers
|-heal|p2a: Blissey|59/100 brn|[from] item: Leftovers
|-damage|p2a: Blissey|47/100 brn|[from] brn
|upkeep
|turn|12
|
|t:|1727902096
|move|p1a: Toradora!|Thunderbolt|p2a: Blissey
|-damage|p2a: Blissey|35/100 brn
|move|p2a: Blissey|Soft-Boiled|p2a: Blissey
|-heal|p2a: Blissey|85/100 brn
|
|-weather|Sandstorm|[upkeep]
|-damage|p1a: Toradora!|95/100|[from] Sandstorm
|-damage|p2a: Blissey|79/100 brn|[from] Sandstorm
|-heal|p1a: Toradora!|100/100|[from] item: Leftovers
|-heal|p2a: Blissey|85/100 brn|[from] item: Leftovers
|-damage|p2a: Blissey|73/100 brn|[from] brn
|upkeep
|turn|13
|
|t:|1727902120
|switch|p1a: Bungo Stray Dogs|Tyranitar, F|100/100
|-damage|p1a: Bungo Stray Dogs|84/100|[from] Spikes
|move|p2a: Blissey|Ice Beam|p1a: Bungo Stray Dogs
|-damage|p1a: Bungo Stray Dogs|65/100
|
|-weather|Sandstorm|[upkeep]
|-damage|p2a: Blissey|67/100 brn|[from] Sandstorm
|-heal|p1a: Bungo Stray Dogs|71/100|[from] item: Leftovers
|-heal|p2a: Blissey|73/100 brn|[from] item: Leftovers
|-damage|p2a: Blissey|60/100 brn|[from] brn
|upkeep
|turn|14
|
|t:|1727902135
|-singleturn|p1a: Bungo Stray Dogs|move: Focus Punch
|-curestatus|p2a: Blissey|brn|[from] ability: Natural Cure
|switch|p2a: Swampert|Swampert, M|100/100
|-damage|p2a: Swampert|84/100|[from] Spikes
|move|p1a: Bungo Stray Dogs|Focus Punch|p2a: Swampert
|-damage|p2a: Swampert|42/100
|
|-weather|Sandstorm|[upkeep]
|-heal|p1a: Bungo Stray Dogs|77/100|[from] item: Leftovers
|-heal|p2a: Swampert|48/100|[from] item: Leftovers
|upkeep
|turn|15
|
|t:|1727902150
|switch|p1a: Toradora!|Gengar, F|100/100
|move|p2a: Swampert|Earthquake|p1a: Toradora!
|-immune|p1a: Toradora!
|
|-weather|Sandstorm|[upkeep]
|-damage|p1a: Toradora!|95/100|[from] Sandstorm
|-heal|p1a: Toradora!|100/100|[from] item: Leftovers
|-heal|p2a: Swampert|54/100|[from] item: Leftovers
|upkeep
|turn|16
|
|t:|1727902159
|move|p2a: Swampert|Protect|p2a: Swampert
|-singleturn|p2a: Swampert|Protect
|move|p1a: Toradora!|Will-O-Wisp|p2a: Swampert
|-activate|p2a: Swampert|Protect
|
|-weather|Sandstorm|[upkeep]
|-damage|p1a: Toradora!|95/100|[from] Sandstorm
|-heal|p1a: Toradora!|100/100|[from] item: Leftovers
|-heal|p2a: Swampert|60/100|[from] item: Leftovers
|upkeep
|turn|17
|
|t:|1727902181
|switch|p2a: Blissey|Blissey, F|60/100
|-damage|p2a: Blissey|44/100|[from] Spikes
|move|p1a: Toradora!|Will-O-Wisp|p2a: Blissey
|-status|p2a: Blissey|brn
|
|-weather|Sandstorm|[upkeep]
|-damage|p1a: Toradora!|95/100|[from] Sandstorm
|-damage|p2a: Blissey|38/100 brn|[from] Sandstorm
|-heal|p1a: Toradora!|100/100|[from] item: Leftovers
|-heal|p2a: Blissey|44/100 brn|[from] item: Leftovers
|-damage|p2a: Blissey|31/100 brn|[from] brn
|upkeep
|turn|18
|inactive|ilikeeatingcrayons has 270 seconds left.
|
|t:|1727902216
|switch|p1a: Bungo Stray Dogs|Tyranitar, F|77/100
|-damage|p1a: Bungo Stray Dogs|60/100|[from] Spikes
|move|p2a: Blissey|Soft-Boiled|p2a: Blissey
|-heal|p2a: Blissey|81/100 brn
|
|-weather|Sandstorm|[upkeep]
|-damage|p2a: Blissey|75/100 brn|[from] Sandstorm
|-heal|p1a: Bungo Stray Dogs|67/100|[from] item: Leftovers
|-heal|p2a: Blissey|81/100 brn|[from] item: Leftovers
|-damage|p2a: Blissey|69/100 brn|[from] brn
|upkeep
|turn|19
|inactive|Glick666 has 270 seconds left.
|
|t:|1727902234
|-curestatus|p2a: Blissey|brn|[from] ability: Natural Cure
|switch|p2a: Skarmory|Skarmory, F|64/100
|move|p1a: Bungo Stray Dogs|Rock Slide|p2a: Skarmory
|-damage|p2a: Skarmory|34/100
|
|-weather|Sandstorm|[upkeep]
|-heal|p2a: Skarmory|40/100|[from] item: Leftovers
|-heal|p1a: Bungo Stray Dogs|73/100|[from] item: Leftovers
|upkeep
|turn|20
|inactive|Glick666 has 270 seconds left.
|
|t:|1727902247
|move|p2a: Skarmory|Spikes|p1a: Bungo Stray Dogs
|-sidestart|p1: ilikeeatingcrayons|Spikes
|move|p1a: Bungo Stray Dogs|Rock Slide|p2a: Skarmory
|-damage|p2a: Skarmory|7/100
|
|-weather|Sandstorm|[upkeep]
|-heal|p2a: Skarmory|13/100|[from] item: Leftovers
|-heal|p1a: Bungo Stray Dogs|79/100|[from] item: Leftovers
|upkeep
|turn|21
|
|t:|1727902255
|-singleturn|p1a: Bungo Stray Dogs|move: Focus Punch
|move|p2a: Skarmory|Protect|p2a: Skarmory
|-singleturn|p2a: Skarmory|Protect
|move|p1a: Bungo Stray Dogs|Focus Punch|p2a: Skarmory
|-activate|p2a: Skarmory|Protect
|
|-weather|Sandstorm|[upkeep]
|-heal|p2a: Skarmory|19/100|[from] item: Leftovers
|-heal|p1a: Bungo Stray Dogs|85/100|[from] item: Leftovers
|upkeep
|turn|22
|
|t:|1727902269
|move|p2a: Skarmory|Toxic|p1a: Bungo Stray Dogs|[miss]
|-miss|p2a: Skarmory|p1a: Bungo Stray Dogs
|move|p1a: Bungo Stray Dogs|Rock Slide|p2a: Skarmory
|-damage|p2a: Skarmory|0 fnt
|faint|p2a: Skarmory
|c|☆ilikeeatingcrayons|mb
|
|t:|1727902275
|switch|p2a: Swampert|Swampert, M|60/100
|-damage|p2a: Swampert|44/100|[from] Spikes
|
|-weather|Sandstorm|[upkeep]
|-heal|p1a: Bungo Stray Dogs|91/100|[from] item: Leftovers
|-heal|p2a: Swampert|50/100|[from] item: Leftovers
|upkeep
|turn|23
|
|t:|1727902286
|switch|p1a: Toradora!|Gengar, F|100/100
|move|p2a: Swampert|Protect||[still]
|-fail|p2a: Swampert
|
|-weather|Sandstorm|[upkeep]
|-damage|p1a: Toradora!|95/100|[from] Sandstorm
|-heal|p1a: Toradora!|100/100|[from] item: Leftovers
|-heal|p2a: Swampert|56/100|[from] item: Leftovers
|upkeep
|turn|24
|
|t:|1727902294
|move|p2a: Swampert|Protect|p2a: Swampert
|-singleturn|p2a: Swampert|Protect
|move|p1a: Toradora!|Will-O-Wisp|p2a: Swampert
|-activate|p2a: Swampert|Protect
|
|-weather|Sandstorm|[upkeep]
|-damage|p1a: Toradora!|95/100|[from] Sandstorm
|-heal|p1a: Toradora!|100/100|[from] item: Leftovers
|-heal|p2a: Swampert|63/100|[from] item: Leftovers
|upkeep
|turn|25
|
|t:|1727902307
|switch|p2a: Blissey|Blissey, F|69/100
|-damage|p2a: Blissey|52/100|[from] Spikes
|move|p1a: Toradora!|Will-O-Wisp|p2a: Blissey|[miss]
|-miss|p1a: Toradora!|p2a: Blissey
|
|-weather|Sandstorm|[upkeep]
|-damage|p1a: Toradora!|95/100|[from] Sandstorm
|-damage|p2a: Blissey|46/100|[from] Sandstorm
|-heal|p1a: Toradora!|100/100|[from] item: Leftovers
|-heal|p2a: Blissey|52/100|[from] item: Leftovers
|upkeep
|turn|26
|
|t:|1727902321
|switch|p1a: Hell's Paradise|Starmie|100/100
|-damage|p1a: Hell's Paradise|76/100|[from] Spikes
|move|p2a: Blissey|Ice Beam|p1a: Hell's Paradise
|-resisted|p1a: Hell's Paradise
|-crit|p1a: Hell's Paradise
|-damage|p1a: Hell's Paradise|38/100
|
|-weather|Sandstorm|[upkeep]
|-damage|p1a: Hell's Paradise|32/100|[from] Sandstorm
|-damage|p2a: Blissey|46/100|[from] Sandstorm
|-heal|p1a: Hell's Paradise|38/100|[from] item: Leftovers
|-heal|p2a: Blissey|52/100|[from] item: Leftovers
|upkeep
|turn|27
|
|t:|1727902336
|switch|p2a: Gengar|Gengar, M|100/100
|move|p1a: Hell's Paradise|Hydro Pump|p2a: Gengar
|-damage|p2a: Gengar|34/100
|
|-weather|Sandstorm|[upkeep]
|-damage|p1a: Hell's Paradise|32/100|[from] Sandstorm
|-damage|p2a: Gengar|27/100|[from] Sandstorm
|-heal|p1a: Hell's Paradise|38/100|[from] item: Leftovers
|-heal|p2a: Gengar|34/100|[from] item: Leftovers
|upkeep
|turn|28
|
|t:|1727902354
|move|p1a: Hell's Paradise|Hydro Pump|p2a: Gengar
|-damage|p2a: Gengar|0 fnt
|faint|p2a: Gengar
|
|t:|1727902360
|switch|p2a: Starmie|Starmie|100/100
|-damage|p2a: Starmie|84/100|[from] Spikes
|
|-weather|Sandstorm|[upkeep]
|-damage|p1a: Hell's Paradise|32/100|[from] Sandstorm
|-damage|p2a: Starmie|78/100|[from] Sandstorm
|-heal|p2a: Starmie|84/100|[from] item: Leftovers
|-heal|p1a: Hell's Paradise|38/100|[from] item: Leftovers
|upkeep
|turn|29
|
|t:|1727902369
|switch|p1a: Toradora!|Gengar, F|100/100
|move|p2a: Starmie|Thunderbolt|p1a: Toradora!
|-damage|p1a: Toradora!|68/100
|
|-weather|Sandstorm|[upkeep]
|-damage|p2a: Starmie|78/100|[from] Sandstorm
|-damage|p1a: Toradora!|63/100|[from] Sandstorm
|-heal|p2a: Starmie|84/100|[from] item: Leftovers
|-heal|p1a: Toradora!|68/100|[from] item: Leftovers
|upkeep
|turn|30
|
|t:|1727902379
|move|p2a: Starmie|Hydro Pump|p1a: Toradora!
|-damage|p1a: Toradora!|6/100
|move|p1a: Toradora!|Thunderbolt|p2a: Starmie
|-supereffective|p2a: Starmie
|-damage|p2a: Starmie|0 fnt
|faint|p2a: Starmie
|
|t:|1727902387
|switch|p2a: Tyranitar|Tyranitar, F|94/100 tox
|-damage|p2a: Tyranitar|78/100 tox|[from] Spikes
|
|-weather|Sandstorm|[upkeep]
|-damage|p1a: Toradora!|0 fnt|[from] Sandstorm
|faint|p1a: Toradora!
|-heal|p2a: Tyranitar|84/100 tox|[from] item: Leftovers
|-damage|p2a: Tyranitar|78/100 tox|[from] psn
|upkeep
|
|t:|1727902408
|switch|p1a: Yuri on Ice|Swampert, F|100/100
|-damage|p1a: Yuri on Ice|76/100|[from] Spikes
|turn|31
|
|t:|1727902416
|move|p1a: Yuri on Ice|Protect|p1a: Yuri on Ice
|-singleturn|p1a: Yuri on Ice|Protect
|move|p2a: Tyranitar|Roar|p1a: Yuri on Ice
|-activate|p1a: Yuri on Ice|Protect
|
|-weather|Sandstorm|[upkeep]
|-heal|p2a: Tyranitar|84/100 tox|[from] item: Leftovers
|-damage|p2a: Tyranitar|71/100 tox|[from] psn
|-heal|p1a: Yuri on Ice|82/100|[from] item: Leftovers
|upkeep
|turn|32
|
|t:|1727902426
|move|p2a: Tyranitar|Earthquake|p1a: Yuri on Ice
|-damage|p1a: Yuri on Ice|52/100
|move|p1a: Yuri on Ice|Hydro Pump|p2a: Tyranitar
|-supereffective|p2a: Tyranitar
|-damage|p2a: Tyranitar|15/100 tox
|
|-weather|Sandstorm|[upkeep]
|-heal|p2a: Tyranitar|21/100 tox|[from] item: Leftovers
|-damage|p2a: Tyranitar|2/100 tox|[from] psn
|-heal|p1a: Yuri on Ice|59/100|[from] item: Leftovers
|upkeep
|turn|33
|
|t:|1727902438
|move|p1a: Yuri on Ice|Protect|p1a: Yuri on Ice
|-singleturn|p1a: Yuri on Ice|Protect
|move|p2a: Tyranitar|Rock Slide|p1a: Yuri on Ice
|-activate|p1a: Yuri on Ice|Protect
|
|-weather|Sandstorm|[upkeep]
|-heal|p2a: Tyranitar|9/100 tox|[from] item: Leftovers
|-damage|p2a: Tyranitar|0 fnt|[from] psn
|faint|p2a: Tyranitar
|-heal|p1a: Yuri on Ice|65/100|[from] item: Leftovers
|upkeep
|
|t:|1727902449
|switch|p2a: Blissey|Blissey, F|52/100
|-damage|p2a: Blissey|36/100|[from] Spikes
|turn|34
|
|t:|1727902456
|move|p1a: Yuri on Ice|Protect|p1a: Yuri on Ice
|-singleturn|p1a: Yuri on Ice|Protect
|move|p2a: Blissey|Soft-Boiled|p2a: Blissey
|-heal|p2a: Blissey|86/100
|
|-weather|Sandstorm|[upkeep]
|-damage|p2a: Blissey|79/100|[from] Sandstorm
|-heal|p1a: Yuri on Ice|71/100|[from] item: Leftovers
|-heal|p2a: Blissey|86/100|[from] item: Leftovers
|upkeep
|turn|35
|
|t:|1727902465
|move|p1a: Yuri on Ice|Earthquake|p2a: Blissey
|-damage|p2a: Blissey|49/100
|move|p2a: Blissey|Toxic|p1a: Yuri on Ice
|-status|p1a: Yuri on Ice|tox
|
|-weather|Sandstorm|[upkeep]
|-damage|p2a: Blissey|43/100|[from] Sandstorm
|-heal|p1a: Yuri on Ice|77/100 tox|[from] item: Leftovers
|-damage|p1a: Yuri on Ice|71/100 tox|[from] psn
|-heal|p2a: Blissey|49/100|[from] item: Leftovers
|upkeep
|turn|36
|
|t:|1727902475
|move|p1a: Yuri on Ice|Earthquake|p2a: Blissey
|-damage|p2a: Blissey|10/100
|move|p2a: Blissey|Soft-Boiled|p2a: Blissey
|-heal|p2a: Blissey|60/100
|
|-weather|Sandstorm|[upkeep]
|-damage|p2a: Blissey|54/100|[from] Sandstorm
|-heal|p1a: Yuri on Ice|77/100 tox|[from] item: Leftovers
|-damage|p1a: Yuri on Ice|65/100 tox|[from] psn
|-heal|p2a: Blissey|60/100|[from] item: Leftovers
|upkeep
|turn|37
|
|t:|1727902484
|switch|p1a: Bungo Stray Dogs|Tyranitar, F|91/100
|-damage|p1a: Bungo Stray Dogs|67/100|[from] Spikes
|move|p2a: Blissey|Soft-Boiled|p2a: Blissey
|-heal|p2a: Blissey|100/100
|
|-weather|Sandstorm|[upkeep]
|-damage|p2a: Blissey|94/100|[from] Sandstorm
|-heal|p1a: Bungo Stray Dogs|73/100|[from] item: Leftovers
|-heal|p2a: Blissey|100/100|[from] item: Leftovers
|upkeep
|turn|38
|
|t:|1727902494
|move|p1a: Bungo Stray Dogs|Rock Slide|p2a: Blissey
|-damage|p2a: Blissey|58/100
|move|p2a: Blissey|Ice Beam|p1a: Bungo Stray Dogs
|-damage|p1a: Bungo Stray Dogs|52/100
|
|-weather|Sandstorm|[upkeep]
|-damage|p2a: Blissey|52/100|[from] Sandstorm
|-heal|p1a: Bungo Stray Dogs|58/100|[from] item: Leftovers
|-heal|p2a: Blissey|58/100|[from] item: Leftovers
|upkeep
|turn|39
|
|t:|1727902507
|-singleturn|p1a: Bungo Stray Dogs|move: Focus Punch
|move|p2a: Blissey|Ice Beam|p1a: Bungo Stray Dogs
|-damage|p1a: Bungo Stray Dogs|40/100
|move|p1a: Bungo Stray Dogs|Focus Punch||[still]
|cant|p1a: Bungo Stray Dogs|Focus Punch|Focus Punch
|
|-weather|Sandstorm|[upkeep]
|-damage|p2a: Blissey|52/100|[from] Sandstorm
|-heal|p1a: Bungo Stray Dogs|46/100|[from] item: Leftovers
|-heal|p2a: Blissey|58/100|[from] item: Leftovers
|upkeep
|turn|40
|
|t:|1727902517
|move|p1a: Bungo Stray Dogs|Rock Slide|p2a: Blissey
|-damage|p2a: Blissey|17/100
|cant|p2a: Blissey|flinch
|
|-weather|Sandstorm|[upkeep]
|-damage|p2a: Blissey|10/100|[from] Sandstorm
|-heal|p1a: Bungo Stray Dogs|52/100|[from] item: Leftovers
|-heal|p2a: Blissey|17/100|[from] item: Leftovers
|upkeep
|turn|41
|c|☆ilikeeatingcrayons|mb
|
|t:|1727902526
|move|p1a: Bungo Stray Dogs|Rock Slide|p2a: Blissey
|-crit|p2a: Blissey
|-damage|p2a: Blissey|0 fnt
|faint|p2a: Blissey
|
|t:|1727902530
|switch|p2a: Swampert|Swampert, M|63/100
|-damage|p2a: Swampert|46/100|[from] Spikes
|
|-weather|Sandstorm|[upkeep]
|-heal|p1a: Bungo Stray Dogs|58/100|[from] item: Leftovers
|-heal|p2a: Swampert|52/100|[from] item: Leftovers
|upkeep
|turn|42
|
|t:|1727902537
|move|p1a: Bungo Stray Dogs|Earthquake|p2a: Swampert
|-damage|p2a: Swampert|27/100
|move|p2a: Swampert|Hydro Pump|p1a: Bungo Stray Dogs
|-supereffective|p1a: Bungo Stray Dogs
|-damage|p1a: Bungo Stray Dogs|0 fnt
|faint|p1a: Bungo Stray Dogs
|
|t:|1727902545
|switch|p1a: Hell's Paradise|Starmie|38/100
|-damage|p1a: Hell's Paradise|13/100|[from] Spikes
|
|-weather|Sandstorm|[upkeep]
|-damage|p1a: Hell's Paradise|7/100|[from] Sandstorm
|-heal|p1a: Hell's Paradise|13/100|[from] item: Leftovers
|-heal|p2a: Swampert|33/100|[from] item: Leftovers
|upkeep
|turn|43
|
|t:|1727902555
|move|p2a: Swampert|Protect|p2a: Swampert
|-singleturn|p2a: Swampert|Protect
|move|p1a: Hell's Paradise|Hydro Pump|p2a: Swampert
|-activate|p2a: Swampert|Protect
|
|-weather|Sandstorm|[upkeep]
|-damage|p1a: Hell's Paradise|7/100|[from] Sandstorm
|-heal|p1a: Hell's Paradise|13/100|[from] item: Leftovers
|-heal|p2a: Swampert|39/100|[from] item: Leftovers
|upkeep
|turn|44
|
|t:|1727902565
|move|p1a: Hell's Paradise|Hydro Pump|p2a: Swampert
|-damage|p2a: Swampert|0 fnt
|faint|p2a: Swampert
|
|win|ilikeeatingcrayons
|c|☆ilikeeatingcrayons|gg
|c|☆Glick666|gg
|player|p2|

</script>
<script type="application/json" class="data" id="replaydata-smogtours-gen3ou-794044">
{"id":"smogtours-gen3ou-794044","format":"[Gen 3] OU","players":["ilikeeatingcrayons","Glick666"],"uploadtime":1727902565,"views":113,"formatid":"gen3ou","rating":null,"private":0,"password":null}
</script>

<script defer src="js/replays.js?9d40a366"></script>
