<!DOCTYPE html>
<meta charset="utf-8" />
<meta name="viewport" content="width=device-width" />

<title>[Gen 3] OU: Hykari vs. Cyberodin - Replays - Pok&eacute;mon Showdown!</title>

<meta name="description" content="Watch a replay of a Pok&eacute;mon battle between Hykari and Cyberodin! Format: [Gen 3] OU; Date: Nov 9, 2024" />
<!--

Hey, you! Looking in the source for the replay log?

You can find them in JSON format, just add `.json` at the end of a replay URL.

https://replay.pokemonshowdown.com/gen7randomdoublesbattle-865046831.json

Or, if you only need the log itself, add `.log` instead:

https://replay.pokemonshowdown.com/gen7randomdoublesbattle-865046831.log

-->

<link rel="stylesheet" href="//pokemonshowdown.com/style/global.css?0.023195364461161105" />
<link rel="stylesheet" href="//play.pokemonshowdown.com/style/font-awesome.css?0.13261647063804238" />
<link rel="stylesheet" href="//play.pokemonshowdown.com/style/battle.css?0.8753245789963631" />
<link rel="stylesheet" href="//play.pokemonshowdown.com/style/utilichart.css?0.8627959624976733" />

<!-- Global site tag (gtag.js) - Google Analytics -->
<script async src="https://www.googletagmanager.com/gtag/js?id=UA-26211653-1"></script>
<script>
  window.dataLayer = window.dataLayer || [];
  function gtag(){dataLayer.push(arguments);}
  gtag('js', new Date());

  gtag('config', 'UA-26211653-1');
</script>
<!-- End Google Analytics -->
<!-- Venatus Ad Manager - Install in <HEAD> of page -->
	<script src="https://hb.vntsm.com/v3/live/ad-manager.min.js" type="text/javascript" data-site-id="642aba63ec9a7b11c3c9c1be" data-mode="scan" async></script>
<!-- / Venatus Ad Manager -->

<style>
	@media (max-width:820px) {
		.battle {
			margin: 0 auto;
		}
		.battle-log {
			margin: 7px auto 0;
			max-width: 640px;
			height: 300px;
			position: static;
		}
	}
	.optgroup {
		display: inline-block;
		line-height: 22px;
		font-size: 10pt;
	}
	.optgroup .button {
		height: 25px;
		padding-top: 0;
		padding-bottom: 0;
	}
	.optgroup button.button {
		padding-left: 12px;
		padding-right: 12px;
	}
	.linklist {
		list-style: none;
		margin: 0.5em 0;
		padding: 0;
	}
	.linklist li {
		padding: 2px 0;
	}
	.sidebar {
		float: left;
		width: 320px;
	}
	.bar-wrapper {
		max-width: 1100px;
		margin: 0 auto;
	}
	.bar-wrapper.has-sidebar {
		max-width: 1430px;
	}
	.mainbar {
		margin: 0;
		padding-right: 1px;
	}
	.mainbar.has-sidebar {
		margin-left: 330px;
	}
	@media (min-width: 1511px) {
		.sidebar {
			width: 400px;
		}
		.bar-wrapper.has-sidebar {
			max-width: 1510px;
		}
		.mainbar.has-sidebar {
			margin-left: 410px;
		}
	}
	.section.first-section {
		margin-top: 9px;
	}
	.blocklink small {
		white-space: normal;
	}
	.button {
		vertical-align: middle;
	}
	.replay-controls {
		padding-top: 10px;
	}
	.replay-controls h1 {
		font-size: 16pt;
		font-weight: normal;
		color: #CCC;
	}
	.pagelink {
		text-align: center;
	}
	.pagelink a {
		width: 150px;
	}
	.textbox, .button {
		font-size: 11pt;
		vertical-align: middle;
	}
	@media (max-width: 450px) {
		.button {
			font-size: 9pt;
		}
	}
</style>

<div>

	<header>
		<div class="nav-wrapper"><ul class="nav">
			<li><a class="button nav-first" href="//pokemonshowdown.com/"><img src="//pokemonshowdown.com/images/pokemonshowdownbeta.png" srcset="//pokemonshowdown.com/images/pokemonshowdownbeta.png 1x, //pokemonshowdown.com/images/pokemonshowdownbeta@2x.png 2x" alt="Pok&eacute;mon Showdown" width="146" height="44" /> Home</a></li>
			<li><a class="button" href="//pokemonshowdown.com/dex/">Pok&eacute;dex</a></li>
			<li><a class="button cur" href="/">Replays</a></li>
			<li><a class="button" href="//pokemonshowdown.com/ladder/">Ladder</a></li>
			<li><a class="button nav-last" href="//pokemonshowdown.com/forums/">Forum</a></li>
			<li><a class="button greenbutton nav-first nav-last" href="//play.pokemonshowdown.com/">Play</a></li>
		</ul></div>
	</header>

	<div class="main" id="main">

		<noscript><section class="section">You need to enable JavaScript to use this page; sorry!</section></noscript>

	</div>

</div>

<script defer nomodule src="//play.pokemonshowdown.com/js/lib/ps-polyfill.js"></script>
<script defer src="//play.pokemonshowdown.com/js/lib/preact.min.js"></script>

<script defer src="//play.pokemonshowdown.com/config/config.js?2bddbc15"></script>
<script defer src="//play.pokemonshowdown.com/js/lib/jquery-1.11.0.min.js"></script>
<script defer src="//play.pokemonshowdown.com/js/lib/html-sanitizer-minified.js"></script>
<script defer src="//play.pokemonshowdown.com/js/battle-sound.js"></script>
<script defer src="//play.pokemonshowdown.com/js/battledata.js?0.7209276989879541"></script>
<script defer src="//play.pokemonshowdown.com/data/pokedex-mini.js?0.6111056340867951"></script>
<script defer src="//play.pokemonshowdown.com/data/pokedex-mini-bw.js?0.3532142036491459"></script>
<script defer src="//play.pokemonshowdown.com/data/graphics.js?0.24223875632456182"></script>
<script defer src="//play.pokemonshowdown.com/data/pokedex.js?0.38839984266356864"></script>
<script defer src="//play.pokemonshowdown.com/data/moves.js?0.21866028504024015"></script>
<script defer src="//play.pokemonshowdown.com/data/abilities.js?0.2005157953846628"></script>
<script defer src="//play.pokemonshowdown.com/data/items.js?0.9894211263848525"></script>
<script defer src="//play.pokemonshowdown.com/data/teambuilder-tables.js?0.6008791140282215"></script>
<script defer src="//play.pokemonshowdown.com/js/battle-tooltips.js?0.7580118955022959"></script>
<script defer src="//play.pokemonshowdown.com/js/battle.js?0.6057722274234274"></script>

<script defer src="js/utils.js?e31f9a17"></script>
<script defer src="js/replays-battle.js?7008c182"></script>

<!-- don't scrape this data! just add .json or .log after the URL!
Full API docs: https://github.com/smogon/pokemon-showdown-client/blob/master/WEB-API.md -->
<script type="text/plain" class="log" id="replaylog-smogtours-gen3ou-805333">
|inactive|Battle timer is ON: inactive players will automatically lose when time's up.
|t:|1731111802
|gametype|singles
|player|p1|Hykari|flannery|
|player|p2|Cyberodin|#wcop2020latinamerica|
|teamsize|p1|6
|teamsize|p2|6
|gen|3
|tier|[Gen 3] OU
|rule|Sleep Clause Mod: Limit one foe put to sleep
|rule|Switch Priority Clause Mod: Faster Pokémon switch first
|rule|Species Clause: Limit one of each Pokémon
|rule|OHKO Clause: OHKO moves are banned
|rule|Evasion Items Clause: Evasion items are banned
|rule|Evasion Moves Clause: Evasion moves are banned
|rule|Endless Battle Clause: Forcing endless battles is banned
|rule|HP Percentage Mod: HP is shown in percentages
|rule|One Boost Passer Clause: Limit one Baton Passer that has a way to boost its stats
|rule|Freeze Clause Mod: Limit one foe frozen
|
|t:|1731111802
|start
|switch|p1a: Salamence|Salamence, F|100/100
|switch|p2a: Tyranitar|Tyranitar, M|100/100
|-ability|p1a: Salamence|Intimidate|boost
|-unboost|p2a: Tyranitar|atk|1
|-weather|Sandstorm|[from] ability: Sand Stream|[of] p2a: Tyranitar
|turn|1
|inactive|Cyberodin has 270 seconds left.
|
|t:|1731111844
|move|p1a: Salamence|Brick Break|p2a: Tyranitar
|-supereffective|p2a: Tyranitar
|-damage|p2a: Tyranitar|13/100
|move|p2a: Tyranitar|Ice Beam|p1a: Salamence
|-supereffective|p1a: Salamence
|-damage|p1a: Salamence|0 fnt
|faint|p1a: Salamence
|
|t:|1731111867
|switch|p1a: Zapdos|Zapdos|100/100
|
|-weather|Sandstorm|[upkeep]
|-damage|p1a: Zapdos|94/100|[from] Sandstorm
|-heal|p1a: Zapdos|100/100|[from] item: Leftovers
|upkeep
|turn|2
|
|t:|1731111880
|switch|p2a: Celebi|Celebi|100/100
|move|p1a: Zapdos|Thunderbolt|p2a: Celebi
|-resisted|p2a: Celebi
|-damage|p2a: Celebi|82/100
|-status|p2a: Celebi|par
|
|-weather|Sandstorm|[upkeep]
|-damage|p1a: Zapdos|94/100|[from] Sandstorm
|-damage|p2a: Celebi|76/100 par|[from] Sandstorm
|-heal|p1a: Zapdos|100/100|[from] item: Leftovers
|-heal|p2a: Celebi|82/100 par|[from] item: Leftovers
|upkeep
|turn|3
|
|t:|1731111885
|move|p1a: Zapdos|Hidden Power|p2a: Celebi
|-supereffective|p2a: Celebi
|-damage|p2a: Celebi|44/100 par
|move|p2a: Celebi|Baton Pass|p2a: Celebi
|
|t:|1731111891
|-curestatus|p2a: Celebi|par|[from] ability: Natural Cure
|switch|p2a: Aerodactyl|Aerodactyl, M|100/100|[from] Baton Pass
|
|-weather|Sandstorm|[upkeep]
|-damage|p1a: Zapdos|94/100|[from] Sandstorm
|-heal|p1a: Zapdos|100/100|[from] item: Leftovers
|upkeep
|turn|4
|inactive|Hykari has 270 seconds left.
|
|t:|1731111926
|switch|p2a: Celebi|Celebi|44/100
|switch|p1a: Swampert|Swampert, M|100/100
|
|-weather|Sandstorm|[upkeep]
|-damage|p2a: Celebi|38/100|[from] Sandstorm
|-heal|p2a: Celebi|44/100|[from] item: Leftovers
|upkeep
|turn|5
|inactive|Hykari has 270 seconds left.
|
|t:|1731111948
|switch|p1a: Tyranitar|Tyranitar, M|100/100
|move|p2a: Celebi|Recover|p2a: Celebi
|-heal|p2a: Celebi|94/100
|
|-weather|Sandstorm|[upkeep]
|-damage|p2a: Celebi|88/100|[from] Sandstorm
|-heal|p2a: Celebi|94/100|[from] item: Leftovers
|upkeep
|turn|6
|
|t:|1731111963
|move|p2a: Celebi|Baton Pass|p2a: Celebi
|
|t:|1731111964
|switch|p2a: Suicune|Suicune|100/100|[from] Baton Pass
|move|p1a: Tyranitar|Dragon Dance|p1a: Tyranitar
|-boost|p1a: Tyranitar|atk|1
|-boost|p1a: Tyranitar|spe|1
|
|-weather|Sandstorm|[upkeep]
|-damage|p2a: Suicune|94/100|[from] Sandstorm
|-heal|p2a: Suicune|100/100|[from] item: Leftovers
|upkeep
|turn|7
|
|t:|1731111974
|move|p1a: Tyranitar|Rock Slide|p2a: Suicune|[miss]
|-miss|p1a: Tyranitar|p2a: Suicune
|move|p2a: Suicune|Hydro Pump|p1a: Tyranitar
|-supereffective|p1a: Tyranitar
|-damage|p1a: Tyranitar|6/100
|
|-weather|Sandstorm|[upkeep]
|-damage|p2a: Suicune|94/100|[from] Sandstorm
|-heal|p2a: Suicune|100/100|[from] item: Leftovers
|upkeep
|turn|8
|inactive|Hykari has 270 seconds left.
|
|t:|1731111980
|switch|p2a: Tyranitar|Tyranitar, M|13/100
|move|p1a: Tyranitar|Rock Slide|p2a: Tyranitar
|-damage|p2a: Tyranitar|0 fnt
|faint|p2a: Tyranitar
|
|t:|1731111983
|switch|p2a: Aerodactyl|Aerodactyl, M|100/100
|
|-weather|Sandstorm|[upkeep]
|upkeep
|turn|9
|
|t:|1731111997
|move|p2a: Aerodactyl|Earthquake|p1a: Tyranitar
|-supereffective|p1a: Tyranitar
|-damage|p1a: Tyranitar|0 fnt
|faint|p1a: Tyranitar
|inactive|Hykari has 270 seconds left.
|inactive|Hykari has 240 seconds left.
|inactive|Hykari has 210 seconds left.
|inactive|Hykari has 180 seconds left.
|
|t:|1731112101
|switch|p1a: Zapdos|Zapdos|100/100
|
|-weather|Sandstorm|[upkeep]
|-damage|p1a: Zapdos|94/100|[from] Sandstorm
|-heal|p1a: Zapdos|100/100|[from] item: Leftovers
|upkeep
|turn|10
|inactive|Hykari has 180 seconds left.
|inactive|Cyberodin has 270 seconds left.
|
|t:|1731112134
|switch|p2a: Celebi|Celebi|94/100
|move|p1a: Zapdos|Thunder Wave|p2a: Celebi
|-status|p2a: Celebi|par
|
|-weather|Sandstorm|[upkeep]
|-damage|p1a: Zapdos|94/100|[from] Sandstorm
|-damage|p2a: Celebi|88/100 par|[from] Sandstorm
|-heal|p1a: Zapdos|100/100|[from] item: Leftovers
|-heal|p2a: Celebi|94/100 par|[from] item: Leftovers
|upkeep
|turn|11
|
|t:|1731112140
|-curestatus|p2a: Celebi|par|[from] ability: Natural Cure
|switch|p2a: Magneton|Magneton|100/100
|move|p1a: Zapdos|Hidden Power|p2a: Magneton
|-resisted|p2a: Magneton
|-damage|p2a: Magneton|80/100
|
|-weather|Sandstorm|[upkeep]
|-damage|p1a: Zapdos|94/100|[from] Sandstorm
|-heal|p1a: Zapdos|100/100|[from] item: Leftovers
|upkeep
|turn|12
|
|t:|1731112151
|switch|p1a: Swampert|Swampert, M|100/100
|move|p2a: Magneton|Toxic|p1a: Swampert
|-status|p1a: Swampert|tox
|
|-weather|Sandstorm|[upkeep]
|-damage|p1a: Swampert|94/100 tox|[from] psn
|upkeep
|turn|13
|
|t:|1731112168
|switch|p1a: Snorlax|Snorlax, F|100/100
|move|p2a: Magneton|Thunder Wave|p1a: Snorlax
|-status|p1a: Snorlax|par
|
|-weather|Sandstorm|[upkeep]
|-damage|p1a: Snorlax|94/100 par|[from] Sandstorm
|-heal|p1a: Snorlax|100/100 par|[from] item: Leftovers
|upkeep
|turn|14
|inactive|Hykari has 180 seconds left.
|
|t:|1731112207
|switch|p2a: Celebi|Celebi|94/100
|move|p1a: Snorlax|Body Slam|p2a: Celebi
|-damage|p2a: Celebi|59/100
|
|-weather|Sandstorm|[upkeep]
|-damage|p2a: Celebi|53/100|[from] Sandstorm
|-damage|p1a: Snorlax|94/100 par|[from] Sandstorm
|-heal|p2a: Celebi|59/100|[from] item: Leftovers
|-heal|p1a: Snorlax|100/100 par|[from] item: Leftovers
|upkeep
|turn|15
|inactive|Hykari has 180 seconds left.
|inactive|Cyberodin has 270 seconds left.
|inactive|Cyberodin has 240 seconds left.
|
|t:|1731112282
|move|p2a: Celebi|Swords Dance|p2a: Celebi
|-boost|p2a: Celebi|atk|2
|move|p1a: Snorlax|Body Slam|p2a: Celebi
|-damage|p2a: Celebi|29/100
|
|-weather|Sandstorm|[upkeep]
|-damage|p2a: Celebi|22/100|[from] Sandstorm
|-damage|p1a: Snorlax|94/100 par|[from] Sandstorm
|-heal|p2a: Celebi|29/100|[from] item: Leftovers
|-heal|p1a: Snorlax|100/100 par|[from] item: Leftovers
|upkeep
|turn|16
|
|t:|1731112292
|move|p2a: Celebi|Baton Pass|p2a: Celebi
|
|t:|1731112294
|switch|p2a: Metagross|Metagross|100/100|[from] Baton Pass
|move|p1a: Snorlax|Self-Destruct|p2a: Metagross
|-resisted|p2a: Metagross
|-crit|p2a: Metagross
|-damage|p2a: Metagross|0 fnt
|faint|p1a: Snorlax
|faint|p2a: Metagross
|inactive|Cyberodin has 240 seconds left.
|inactive|Hykari has 150 seconds left.
|
|t:|1731112321
|switch|p2a: Celebi|Celebi|29/100
|switch|p1a: Metagross|Metagross|100/100
|
|-weather|Sandstorm|[upkeep]
|-damage|p2a: Celebi|22/100|[from] Sandstorm
|-heal|p2a: Celebi|29/100|[from] item: Leftovers
|upkeep
|turn|17
|inactive|Cyberodin has 240 seconds left.
|inactive|Hykari has 150 seconds left.
|
|t:|1731112332
|move|p2a: Celebi|Baton Pass|p2a: Celebi
|
|t:|1731112333
|switch|p2a: Suicune|Suicune|100/100|[from] Baton Pass
|move|p1a: Metagross|Meteor Mash|p2a: Suicune
|-resisted|p2a: Suicune
|-damage|p2a: Suicune|82/100
|
|-weather|Sandstorm|[upkeep]
|-damage|p2a: Suicune|76/100|[from] Sandstorm
|-heal|p2a: Suicune|82/100|[from] item: Leftovers
|upkeep
|turn|18
|
|t:|1731112340
|move|p2a: Suicune|Hydro Pump|p1a: Metagross|[miss]
|-miss|p2a: Suicune|p1a: Metagross
|move|p1a: Metagross|Explosion|p2a: Suicune
|-damage|p2a: Suicune|0 fnt
|faint|p1a: Metagross
|faint|p2a: Suicune
|inactive|Hykari has 150 seconds left.
|
|t:|1731112367
|switch|p2a: Celebi|Celebi|29/100
|switch|p1a: Swampert|Swampert, M|94/100 tox
|
|-weather|Sandstorm|[upkeep]
|-damage|p2a: Celebi|22/100|[from] Sandstorm
|-heal|p2a: Celebi|29/100|[from] item: Leftovers
|-heal|p1a: Swampert|100/100 tox|[from] item: Leftovers
|-damage|p1a: Swampert|94/100 tox|[from] psn
|upkeep
|turn|19
|
|t:|1731112371
|move|p2a: Celebi|Recover|p2a: Celebi
|-heal|p2a: Celebi|78/100
|move|p1a: Swampert|Ice Beam|p2a: Celebi
|-supereffective|p2a: Celebi
|-damage|p2a: Celebi|33/100
|
|-weather|Sandstorm|[upkeep]
|-damage|p2a: Celebi|27/100|[from] Sandstorm
|-heal|p2a: Celebi|33/100|[from] item: Leftovers
|-heal|p1a: Swampert|100/100 tox|[from] item: Leftovers
|-damage|p1a: Swampert|88/100 tox|[from] psn
|upkeep
|turn|20
|inactive|Hykari has 150 seconds left.
|
|t:|1731112390
|switch|p1a: Zapdos|Zapdos|100/100
|move|p2a: Celebi|Recover|p2a: Celebi
|-heal|p2a: Celebi|83/100
|
|-weather|Sandstorm|[upkeep]
|-damage|p1a: Zapdos|94/100|[from] Sandstorm
|-damage|p2a: Celebi|77/100|[from] Sandstorm
|-heal|p1a: Zapdos|100/100|[from] item: Leftovers
|-heal|p2a: Celebi|83/100|[from] item: Leftovers
|upkeep
|turn|21
|inactive|Hykari has 150 seconds left.
|
|t:|1731112416
|move|p1a: Zapdos|Thunder Wave|p2a: Celebi
|-status|p2a: Celebi|par
|cant|p2a: Celebi|par
|
|-weather|Sandstorm|[upkeep]
|-damage|p1a: Zapdos|94/100|[from] Sandstorm
|-damage|p2a: Celebi|77/100 par|[from] Sandstorm
|-heal|p1a: Zapdos|100/100|[from] item: Leftovers
|-heal|p2a: Celebi|83/100 par|[from] item: Leftovers
|upkeep
|turn|22
|
|t:|1731112423
|-curestatus|p2a: Celebi|par|[from] ability: Natural Cure
|switch|p2a: Magneton|Magneton|80/100
|move|p1a: Zapdos|Thunderbolt|p2a: Magneton
|-resisted|p2a: Magneton
|-damage|p2a: Magneton|34/100
|
|-weather|Sandstorm|[upkeep]
|-damage|p1a: Zapdos|94/100|[from] Sandstorm
|-heal|p1a: Zapdos|100/100|[from] item: Leftovers
|upkeep
|turn|23
|
|t:|1731112432
|move|p1a: Zapdos|Thunderbolt|p2a: Magneton
|-resisted|p2a: Magneton
|-damage|p2a: Magneton|0 fnt
|faint|p2a: Magneton
|inactive|Cyberodin has 240 seconds left.
|
|t:|1731112480
|switch|p2a: Celebi|Celebi|83/100
|
|-weather|Sandstorm|[upkeep]
|-damage|p1a: Zapdos|94/100|[from] Sandstorm
|-damage|p2a: Celebi|77/100|[from] Sandstorm
|-heal|p1a: Zapdos|100/100|[from] item: Leftovers
|-heal|p2a: Celebi|83/100|[from] item: Leftovers
|upkeep
|turn|24
|
|t:|1731112487
|move|p1a: Zapdos|Thunder Wave|p2a: Celebi
|-status|p2a: Celebi|par
|move|p2a: Celebi|Swords Dance|p2a: Celebi
|-boost|p2a: Celebi|atk|2
|
|-weather|Sandstorm|[upkeep]
|-damage|p1a: Zapdos|94/100|[from] Sandstorm
|-damage|p2a: Celebi|77/100 par|[from] Sandstorm
|-heal|p1a: Zapdos|100/100|[from] item: Leftovers
|-heal|p2a: Celebi|83/100 par|[from] item: Leftovers
|upkeep
|turn|25
|
|t:|1731112499
|move|p1a: Zapdos|Hidden Power|p2a: Celebi
|-supereffective|p2a: Celebi
|-damage|p2a: Celebi|46/100 par
|move|p2a: Celebi|Baton Pass|p2a: Celebi
|
|t:|1731112503
|-curestatus|p2a: Celebi|par|[from] ability: Natural Cure
|switch|p2a: Aerodactyl|Aerodactyl, M|100/100|[from] Baton Pass
|
|-weather|Sandstorm|[upkeep]
|-damage|p1a: Zapdos|94/100|[from] Sandstorm
|-heal|p1a: Zapdos|100/100|[from] item: Leftovers
|upkeep
|turn|26
|inactive|Hykari has 180 seconds left.
|inactive|Hykari has 150 seconds left.
|
|t:|1731112562
|move|p2a: Aerodactyl|Rock Slide|p1a: Zapdos
|-supereffective|p1a: Zapdos
|-crit|p1a: Zapdos
|-damage|p1a: Zapdos|0 fnt
|faint|p1a: Zapdos
|
|t:|1731112565
|switch|p1a: Swampert|Swampert, M|88/100 tox
|
|-weather|Sandstorm|[upkeep]
|-heal|p1a: Swampert|94/100 tox|[from] item: Leftovers
|-damage|p1a: Swampert|88/100 tox|[from] psn
|upkeep
|turn|27
|
|t:|1731112568
|move|p2a: Aerodactyl|Substitute|p2a: Aerodactyl
|-start|p2a: Aerodactyl|Substitute
|-damage|p2a: Aerodactyl|76/100
|move|p1a: Swampert|Hydro Pump|p2a: Aerodactyl|[miss]
|-miss|p1a: Swampert|p2a: Aerodactyl
|
|-weather|Sandstorm|[upkeep]
|-heal|p1a: Swampert|94/100 tox|[from] item: Leftovers
|-damage|p1a: Swampert|82/100 tox|[from] psn
|upkeep
|turn|28
|inactive|Hykari has 150 seconds left.
|c|☆Hykari|gg
|c|☆Hykari|I made to many overpredictions this game
|
|t:|1731112590
|move|p2a: Aerodactyl|Hidden Power|p1a: Swampert
|-damage|p1a: Swampert|13/100 tox
|move|p1a: Swampert|Ice Beam|p2a: Aerodactyl
|-supereffective|p2a: Aerodactyl
|-end|p2a: Aerodactyl|Substitute
|
|-weather|Sandstorm|[upkeep]
|-heal|p1a: Swampert|19/100 tox|[from] item: Leftovers
|-damage|p1a: Swampert|0 fnt|[from] psn
|faint|p1a: Swampert
|
|win|Cyberodin
|upkeep
|c|☆Cyberodin|ggs bro 

</script>
<script type="application/json" class="data" id="replaydata-smogtours-gen3ou-805333">
{"id":"smogtours-gen3ou-805333","format":"[Gen 3] OU","players":["Hykari","Cyberodin"],"uploadtime":1731112590,"views":32,"formatid":"gen3ou","rating":null,"private":0,"password":null}
</script>

<script defer src="js/replays.js?9d40a366"></script>
