<!DOCTYPE html>
<meta charset="utf-8" />
<meta name="viewport" content="width=device-width" />

<title>[Gen 3] OU: oopsalldeoxys vs. valiantbattlerextr - Replays - Pok&eacute;mon Showdown!</title>

<meta name="description" content="Watch a replay of a Pok&eacute;mon battle between oopsalldeoxys and valiantbattlerextr! Format: [Gen 3] OU; Date: Oct 10, 2024" />
<!--

Hey, you! Looking in the source for the replay log?

You can find them in JSON format, just add `.json` at the end of a replay URL.

https://replay.pokemonshowdown.com/gen7randomdoublesbattle-865046831.json

Or, if you only need the log itself, add `.log` instead:

https://replay.pokemonshowdown.com/gen7randomdoublesbattle-865046831.log

-->

<link rel="stylesheet" href="//pokemonshowdown.com/style/global.css?0.023195364461161105" />
<link rel="stylesheet" href="//play.pokemonshowdown.com/style/font-awesome.css?0.13261647063804238" />
<link rel="stylesheet" href="//play.pokemonshowdown.com/style/battle.css?0.8753245789963631" />
<link rel="stylesheet" href="//play.pokemonshowdown.com/style/utilichart.css?0.8627959624976733" />

<!-- Global site tag (gtag.js) - Google Analytics -->
<script async src="https://www.googletagmanager.com/gtag/js?id=UA-26211653-1"></script>
<script>
  window.dataLayer = window.dataLayer || [];
  function gtag(){dataLayer.push(arguments);}
  gtag('js', new Date());

  gtag('config', 'UA-26211653-1');
</script>
<!-- End Google Analytics -->
<!-- Venatus Ad Manager - Install in <HEAD> of page -->
	<script src="https://hb.vntsm.com/v3/live/ad-manager.min.js" type="text/javascript" data-site-id="642aba63ec9a7b11c3c9c1be" data-mode="scan" async></script>
<!-- / Venatus Ad Manager -->

<style>
	@media (max-width:820px) {
		.battle {
			margin: 0 auto;
		}
		.battle-log {
			margin: 7px auto 0;
			max-width: 640px;
			height: 300px;
			position: static;
		}
	}
	.optgroup {
		display: inline-block;
		line-height: 22px;
		font-size: 10pt;
	}
	.optgroup .button {
		height: 25px;
		padding-top: 0;
		padding-bottom: 0;
	}
	.optgroup button.button {
		padding-left: 12px;
		padding-right: 12px;
	}
	.linklist {
		list-style: none;
		margin: 0.5em 0;
		padding: 0;
	}
	.linklist li {
		padding: 2px 0;
	}
	.sidebar {
		float: left;
		width: 320px;
	}
	.bar-wrapper {
		max-width: 1100px;
		margin: 0 auto;
	}
	.bar-wrapper.has-sidebar {
		max-width: 1430px;
	}
	.mainbar {
		margin: 0;
		padding-right: 1px;
	}
	.mainbar.has-sidebar {
		margin-left: 330px;
	}
	@media (min-width: 1511px) {
		.sidebar {
			width: 400px;
		}
		.bar-wrapper.has-sidebar {
			max-width: 1510px;
		}
		.mainbar.has-sidebar {
			margin-left: 410px;
		}
	}
	.section.first-section {
		margin-top: 9px;
	}
	.blocklink small {
		white-space: normal;
	}
	.button {
		vertical-align: middle;
	}
	.replay-controls {
		padding-top: 10px;
	}
	.replay-controls h1 {
		font-size: 16pt;
		font-weight: normal;
		color: #CCC;
	}
	.pagelink {
		text-align: center;
	}
	.pagelink a {
		width: 150px;
	}
	.textbox, .button {
		font-size: 11pt;
		vertical-align: middle;
	}
	@media (max-width: 450px) {
		.button {
			font-size: 9pt;
		}
	}
</style>

<div>

	<header>
		<div class="nav-wrapper"><ul class="nav">
			<li><a class="button nav-first" href="//pokemonshowdown.com/"><img src="//pokemonshowdown.com/images/pokemonshowdownbeta.png" srcset="//pokemonshowdown.com/images/pokemonshowdownbeta.png 1x, //pokemonshowdown.com/images/pokemonshowdownbeta@2x.png 2x" alt="Pok&eacute;mon Showdown" width="146" height="44" /> Home</a></li>
			<li><a class="button" href="//pokemonshowdown.com/dex/">Pok&eacute;dex</a></li>
			<li><a class="button cur" href="/">Replays</a></li>
			<li><a class="button" href="//pokemonshowdown.com/ladder/">Ladder</a></li>
			<li><a class="button nav-last" href="//pokemonshowdown.com/forums/">Forum</a></li>
			<li><a class="button greenbutton nav-first nav-last" href="//play.pokemonshowdown.com/">Play</a></li>
		</ul></div>
	</header>

	<div class="main" id="main">

		<noscript><section class="section">You need to enable JavaScript to use this page; sorry!</section></noscript>

	</div>

</div>

<script defer nomodule src="//play.pokemonshowdown.com/js/lib/ps-polyfill.js"></script>
<script defer src="//play.pokemonshowdown.com/js/lib/preact.min.js"></script>

<script defer src="//play.pokemonshowdown.com/config/config.js?2bddbc15"></script>
<script defer src="//play.pokemonshowdown.com/js/lib/jquery-1.11.0.min.js"></script>
<script defer src="//play.pokemonshowdown.com/js/lib/html-sanitizer-minified.js"></script>
<script defer src="//play.pokemonshowdown.com/js/battle-sound.js"></script>
<script defer src="//play.pokemonshowdown.com/js/battledata.js?0.7209276989879541"></script>
<script defer src="//play.pokemonshowdown.com/data/pokedex-mini.js?0.6111056340867951"></script>
<script defer src="//play.pokemonshowdown.com/data/pokedex-mini-bw.js?0.3532142036491459"></script>
<script defer src="//play.pokemonshowdown.com/data/graphics.js?0.24223875632456182"></script>
<script defer src="//play.pokemonshowdown.com/data/pokedex.js?0.38839984266356864"></script>
<script defer src="//play.pokemonshowdown.com/data/moves.js?0.21866028504024015"></script>
<script defer src="//play.pokemonshowdown.com/data/abilities.js?0.2005157953846628"></script>
<script defer src="//play.pokemonshowdown.com/data/items.js?0.9894211263848525"></script>
<script defer src="//play.pokemonshowdown.com/data/teambuilder-tables.js?0.6008791140282215"></script>
<script defer src="//play.pokemonshowdown.com/js/battle-tooltips.js?0.7580118955022959"></script>
<script defer src="//play.pokemonshowdown.com/js/battle.js?0.6057722274234274"></script>

<script defer src="js/utils.js?e31f9a17"></script>
<script defer src="js/replays-battle.js?7008c182"></script>

<!-- don't scrape this data! just add .json or .log after the URL!
Full API docs: https://github.com/smogon/pokemon-showdown-client/blob/master/WEB-API.md -->
<script type="text/plain" class="log" id="replaylog-smogtours-gen3ou-796829">
|inactive|Battle timer is ON: inactive players will automatically lose when time's up.
|t:|1728519978
|gametype|singles
|player|p1|oopsalldeoxys|169|
|player|p2|valiantbattlerextr|102|
|teamsize|p1|6
|teamsize|p2|6
|gen|3
|tier|[Gen 3] OU
|rule|Sleep Clause Mod: Limit one foe put to sleep
|rule|Switch Priority Clause Mod: Faster Pokémon switch first
|rule|Species Clause: Limit one of each Pokémon
|rule|OHKO Clause: OHKO moves are banned
|rule|Evasion Items Clause: Evasion items are banned
|rule|Evasion Moves Clause: Evasion moves are banned
|rule|Endless Battle Clause: Forcing endless battles is banned
|rule|HP Percentage Mod: HP is shown in percentages
|rule|One Boost Passer Clause: Limit one Baton Passer that has a way to boost its stats
|rule|Freeze Clause Mod: Limit one foe frozen
|
|t:|1728519978
|start
|switch|p1a: BAPTISMA|Suicune, shiny|100/100
|switch|p2a: Tyranitar|Tyranitar, F|100/100
|-weather|Sandstorm|[from] ability: Sand Stream|[of] p2a: Tyranitar
|turn|1
|c|☆valiantbattlerextr|gl hf
|c|☆oopsalldeoxys|ghf
|c|☆oopsalldeoxys|l
|
|t:|1728519991
|switch|p2a: Metagross|Metagross|100/100
|move|p1a: BAPTISMA|Calm Mind|p1a: BAPTISMA
|-boost|p1a: BAPTISMA|spa|1
|-boost|p1a: BAPTISMA|spd|1
|
|-weather|Sandstorm|[upkeep]
|-damage|p1a: BAPTISMA|94/100|[from] Sandstorm
|-heal|p1a: BAPTISMA|100/100|[from] item: Leftovers
|upkeep
|turn|2
|
|t:|1728519997
|move|p1a: BAPTISMA|Substitute|p1a: BAPTISMA
|-start|p1a: BAPTISMA|Substitute
|-damage|p1a: BAPTISMA|75/100
|move|p2a: Metagross|Meteor Mash|p1a: BAPTISMA|[miss]
|-miss|p2a: Metagross|p1a: BAPTISMA
|
|-weather|Sandstorm|[upkeep]
|-damage|p1a: BAPTISMA|69/100|[from] Sandstorm
|-heal|p1a: BAPTISMA|75/100|[from] item: Leftovers
|upkeep
|turn|3
|
|t:|1728520004
|move|p1a: BAPTISMA|Surf|p2a: Metagross
|-damage|p2a: Metagross|43/100
|move|p2a: Metagross|Earthquake|p1a: BAPTISMA
|-end|p1a: BAPTISMA|Substitute
|
|-weather|Sandstorm|[upkeep]
|-damage|p1a: BAPTISMA|69/100|[from] Sandstorm
|-heal|p1a: BAPTISMA|75/100|[from] item: Leftovers
|upkeep
|turn|4
|
|t:|1728520011
|switch|p2a: Blissey|Blissey, F|100/100
|move|p1a: BAPTISMA|Surf|p2a: Blissey
|-damage|p2a: Blissey|78/100
|
|-weather|Sandstorm|[upkeep]
|-damage|p1a: BAPTISMA|69/100|[from] Sandstorm
|-damage|p2a: Blissey|72/100|[from] Sandstorm
|-heal|p1a: BAPTISMA|75/100|[from] item: Leftovers
|-heal|p2a: Blissey|78/100|[from] item: Leftovers
|upkeep
|turn|5
|
|t:|1728520015
|move|p1a: BAPTISMA|Substitute|p1a: BAPTISMA
|-start|p1a: BAPTISMA|Substitute
|-damage|p1a: BAPTISMA|50/100
|move|p2a: Blissey|Thunderbolt|p1a: BAPTISMA
|-supereffective|p1a: BAPTISMA
|-activate|p1a: BAPTISMA|Substitute|[damage]
|
|-weather|Sandstorm|[upkeep]
|-damage|p1a: BAPTISMA|44/100|[from] Sandstorm
|-damage|p2a: Blissey|72/100|[from] Sandstorm
|-heal|p1a: BAPTISMA|50/100|[from] item: Leftovers
|-heal|p2a: Blissey|78/100|[from] item: Leftovers
|upkeep
|turn|6
|
|t:|1728520020
|move|p1a: BAPTISMA|Calm Mind|p1a: BAPTISMA
|-boost|p1a: BAPTISMA|spa|1
|-boost|p1a: BAPTISMA|spd|1
|move|p2a: Blissey|Thunderbolt|p1a: BAPTISMA
|-supereffective|p1a: BAPTISMA
|-crit|p1a: BAPTISMA
|-end|p1a: BAPTISMA|Substitute
|
|-weather|Sandstorm|[upkeep]
|-damage|p1a: BAPTISMA|44/100|[from] Sandstorm
|-damage|p2a: Blissey|72/100|[from] Sandstorm
|-heal|p1a: BAPTISMA|50/100|[from] item: Leftovers
|-heal|p2a: Blissey|78/100|[from] item: Leftovers
|upkeep
|turn|7
|
|t:|1728520025
|move|p1a: BAPTISMA|Substitute|p1a: BAPTISMA
|-start|p1a: BAPTISMA|Substitute
|-damage|p1a: BAPTISMA|25/100
|move|p2a: Blissey|Thunderbolt|p1a: BAPTISMA
|-supereffective|p1a: BAPTISMA
|-activate|p1a: BAPTISMA|Substitute|[damage]
|
|-weather|Sandstorm|[upkeep]
|-damage|p1a: BAPTISMA|19/100|[from] Sandstorm
|-damage|p2a: Blissey|72/100|[from] Sandstorm
|-heal|p1a: BAPTISMA|25/100|[from] item: Leftovers
|-heal|p2a: Blissey|78/100|[from] item: Leftovers
|upkeep
|turn|8
|
|t:|1728520030
|move|p1a: BAPTISMA|Surf|p2a: Blissey
|-damage|p2a: Blissey|49/100
|move|p2a: Blissey|Thunderbolt|p1a: BAPTISMA
|-supereffective|p1a: BAPTISMA
|-end|p1a: BAPTISMA|Substitute
|
|-weather|Sandstorm|[upkeep]
|-damage|p1a: BAPTISMA|19/100|[from] Sandstorm
|-damage|p2a: Blissey|43/100|[from] Sandstorm
|-heal|p1a: BAPTISMA|25/100|[from] item: Leftovers
|-heal|p2a: Blissey|49/100|[from] item: Leftovers
|upkeep
|turn|9
|
|t:|1728520034
|move|p1a: BAPTISMA|Surf|p2a: Blissey
|-damage|p2a: Blissey|21/100
|move|p2a: Blissey|Thunderbolt|p1a: BAPTISMA
|-supereffective|p1a: BAPTISMA
|-damage|p1a: BAPTISMA|8/100
|
|-weather|Sandstorm|[upkeep]
|-damage|p1a: BAPTISMA|2/100|[from] Sandstorm
|-damage|p2a: Blissey|15/100|[from] Sandstorm
|-heal|p1a: BAPTISMA|8/100|[from] item: Leftovers
|-heal|p2a: Blissey|21/100|[from] item: Leftovers
|upkeep
|turn|10
|
|t:|1728520042
|move|p1a: BAPTISMA|Surf|p2a: Blissey
|-damage|p2a: Blissey|0 fnt
|faint|p2a: Blissey
|
|t:|1728520048
|switch|p2a: Gengar|Gengar, F|100/100
|
|-weather|Sandstorm|[upkeep]
|-damage|p2a: Gengar|94/100|[from] Sandstorm
|-damage|p1a: BAPTISMA|2/100|[from] Sandstorm
|-heal|p2a: Gengar|100/100|[from] item: Leftovers
|-heal|p1a: BAPTISMA|8/100|[from] item: Leftovers
|upkeep
|turn|11
|
|t:|1728520052
|switch|p1a: バイナリ|Regice, shiny|100/100
|move|p2a: Gengar|Giga Drain|p1a: バイナリ
|-damage|p1a: バイナリ|91/100
|
|-weather|Sandstorm|[upkeep]
|-damage|p2a: Gengar|94/100|[from] Sandstorm
|-damage|p1a: バイナリ|85/100|[from] Sandstorm
|-heal|p2a: Gengar|100/100|[from] item: Leftovers
|-heal|p1a: バイナリ|91/100|[from] item: Leftovers
|upkeep
|turn|12
|
|t:|1728520064
|switch|p2a: Metagross|Metagross|43/100
|switch|p1a: X-DAY|Dugtrio, F|100/100
|
|-weather|Sandstorm|[upkeep]
|upkeep
|turn|13
|
|t:|1728520069
|move|p1a: X-DAY|Earthquake|p2a: Metagross
|-supereffective|p2a: Metagross
|-damage|p2a: Metagross|0 fnt
|faint|p2a: Metagross
|
|t:|1728520071
|switch|p2a: Charizard|Charizard, F|100/100
|
|-weather|Sandstorm|[upkeep]
|-damage|p2a: Charizard|94/100|[from] Sandstorm
|-heal|p2a: Charizard|100/100|[from] item: Leftovers
|upkeep
|turn|14
|
|t:|1728520084
|switch|p1a: ユリシス|Claydol, shiny|100/100
|move|p2a: Charizard|Substitute|p2a: Charizard
|-start|p2a: Charizard|Substitute
|-damage|p2a: Charizard|76/100
|
|-weather|Sandstorm|[upkeep]
|-damage|p2a: Charizard|70/100|[from] Sandstorm
|-heal|p2a: Charizard|76/100|[from] item: Leftovers
|upkeep
|turn|15
|
|t:|1728520086
|move|p2a: Charizard|Fire Blast|p1a: ユリシス
|-damage|p1a: ユリシス|43/100
|move|p1a: ユリシス|Psychic|p2a: Charizard
|-end|p2a: Charizard|Substitute
|
|-weather|Sandstorm|[upkeep]
|-damage|p2a: Charizard|70/100|[from] Sandstorm
|-heal|p2a: Charizard|76/100|[from] item: Leftovers
|-heal|p1a: ユリシス|49/100|[from] item: Leftovers
|upkeep
|turn|16
|
|t:|1728520092
|move|p2a: Charizard|Fire Blast|p1a: ユリシス
|-damage|p1a: ユリシス|0 fnt
|faint|p1a: ユリシス
|
|t:|1728520094
|switch|p1a: MASS HYSTERIA|Zapdos|100/100
|
|-weather|Sandstorm|[upkeep]
|-damage|p2a: Charizard|70/100|[from] Sandstorm
|-damage|p1a: MASS HYSTERIA|95/100|[from] Sandstorm
|-heal|p2a: Charizard|76/100|[from] item: Leftovers
|-heal|p1a: MASS HYSTERIA|100/100|[from] item: Leftovers
|upkeep
|turn|17
|
|t:|1728520102
|switch|p2a: Swampert|Swampert, M|100/100
|move|p1a: MASS HYSTERIA|Thunderbolt|p2a: Swampert
|-immune|p2a: Swampert
|
|-weather|Sandstorm|[upkeep]
|-damage|p1a: MASS HYSTERIA|95/100|[from] Sandstorm
|-heal|p1a: MASS HYSTERIA|100/100|[from] item: Leftovers
|upkeep
|turn|18
|
|t:|1728520108
|switch|p1a: BAPTISMA|Suicune, shiny|8/100
|switch|p2a: Tyranitar|Tyranitar, F|100/100
|
|-weather|Sandstorm|[upkeep]
|-damage|p1a: BAPTISMA|2/100|[from] Sandstorm
|-heal|p1a: BAPTISMA|8/100|[from] item: Leftovers
|upkeep
|turn|19
|
|t:|1728520114
|-singleturn|p2a: Tyranitar|move: Focus Punch
|move|p1a: BAPTISMA|Surf|p2a: Tyranitar
|-supereffective|p2a: Tyranitar
|-damage|p2a: Tyranitar|34/100
|move|p2a: Tyranitar|Focus Punch||[still]
|cant|p2a: Tyranitar|Focus Punch|Focus Punch
|
|-weather|Sandstorm|[upkeep]
|-damage|p1a: BAPTISMA|2/100|[from] Sandstorm
|-heal|p1a: BAPTISMA|8/100|[from] item: Leftovers
|-heal|p2a: Tyranitar|40/100|[from] item: Leftovers
|upkeep
|turn|20
|
|t:|1728520119
|switch|p2a: Swampert|Swampert, M|100/100
|move|p1a: BAPTISMA|Surf|p2a: Swampert
|-crit|p2a: Swampert
|-damage|p2a: Swampert|28/100
|
|-weather|Sandstorm|[upkeep]
|-damage|p1a: BAPTISMA|2/100|[from] Sandstorm
|-heal|p1a: BAPTISMA|8/100|[from] item: Leftovers
|-heal|p2a: Swampert|34/100|[from] item: Leftovers
|upkeep
|turn|21
|
|t:|1728520123
|move|p2a: Swampert|Protect|p2a: Swampert
|-singleturn|p2a: Swampert|Protect
|move|p1a: BAPTISMA|Surf|p2a: Swampert
|-activate|p2a: Swampert|Protect
|
|-weather|Sandstorm|[upkeep]
|-damage|p1a: BAPTISMA|2/100|[from] Sandstorm
|-heal|p1a: BAPTISMA|8/100|[from] item: Leftovers
|-heal|p2a: Swampert|41/100|[from] item: Leftovers
|upkeep
|turn|22
|
|t:|1728520131
|move|p1a: BAPTISMA|Surf|p2a: Swampert
|-crit|p2a: Swampert
|-damage|p2a: Swampert|0 fnt
|faint|p2a: Swampert
|
|t:|1728520133
|switch|p2a: Tyranitar|Tyranitar, F|40/100
|
|-weather|Sandstorm|[upkeep]
|-damage|p1a: BAPTISMA|2/100|[from] Sandstorm
|-heal|p1a: BAPTISMA|8/100|[from] item: Leftovers
|-heal|p2a: Tyranitar|47/100|[from] item: Leftovers
|upkeep
|turn|23
|c|☆valiantbattlerextr|That was actual misclick
|
|t:|1728520139
|-singleturn|p2a: Tyranitar|move: Focus Punch
|move|p1a: BAPTISMA|Surf|p2a: Tyranitar
|-supereffective|p2a: Tyranitar
|-damage|p2a: Tyranitar|0 fnt
|faint|p2a: Tyranitar
|
|t:|1728520142
|switch|p2a: Gengar|Gengar, F|100/100
|
|-weather|Sandstorm|[upkeep]
|-damage|p2a: Gengar|94/100|[from] Sandstorm
|-damage|p1a: BAPTISMA|2/100|[from] Sandstorm
|-heal|p2a: Gengar|100/100|[from] item: Leftovers
|-heal|p1a: BAPTISMA|8/100|[from] item: Leftovers
|upkeep
|turn|24
|
|t:|1728520145
|switch|p1a: バイナリ|Regice, shiny|91/100
|move|p2a: Gengar|Giga Drain|p1a: バイナリ
|-damage|p1a: バイナリ|82/100
|
|-weather|Sandstorm|[upkeep]
|-damage|p2a: Gengar|94/100|[from] Sandstorm
|-damage|p1a: バイナリ|76/100|[from] Sandstorm
|-heal|p2a: Gengar|100/100|[from] item: Leftovers
|-heal|p1a: バイナリ|82/100|[from] item: Leftovers
|upkeep
|turn|25
|c|☆valiantbattlerextr|gg
|
|t:|1728520151
|move|p2a: Gengar|Explosion|p1a: バイナリ
|-damage|p1a: バイナリ|20/100
|faint|p2a: Gengar
|
|t:|1728520153
|switch|p2a: Charizard|Charizard, F|76/100
|
|-weather|Sandstorm|[upkeep]
|-damage|p2a: Charizard|70/100|[from] Sandstorm
|-damage|p1a: バイナリ|14/100|[from] Sandstorm
|-heal|p2a: Charizard|76/100|[from] item: Leftovers
|-heal|p1a: バイナリ|20/100|[from] item: Leftovers
|upkeep
|turn|26
|c|☆oopsalldeoxys|gg
|
|t:|1728520156
|move|p2a: Charizard|Fire Blast|p1a: バイナリ|[miss]
|-miss|p2a: Charizard|p1a: バイナリ
|move|p1a: バイナリ|Thunderbolt|p2a: Charizard
|-supereffective|p2a: Charizard
|-damage|p2a: Charizard|8/100
|-status|p2a: Charizard|par
|
|-weather|Sandstorm|[upkeep]
|-damage|p1a: バイナリ|14/100|[from] Sandstorm
|-damage|p2a: Charizard|2/100 par|[from] Sandstorm
|-heal|p1a: バイナリ|20/100|[from] item: Leftovers
|-heal|p2a: Charizard|8/100 par|[from] item: Leftovers
|upkeep
|turn|27
|
|t:|1728520159
|move|p1a: バイナリ|Thunderbolt|p2a: Charizard
|-supereffective|p2a: Charizard
|-damage|p2a: Charizard|0 fnt
|faint|p2a: Charizard
|
|win|oopsalldeoxys
|player|p2|

</script>
<script type="application/json" class="data" id="replaydata-smogtours-gen3ou-796829">
{"id":"smogtours-gen3ou-796829","format":"[Gen 3] OU","players":["oopsalldeoxys","valiantbattlerextr"],"uploadtime":1728520159,"views":89,"formatid":"gen3ou","rating":null,"private":0,"password":null}
</script>

<script defer src="js/replays.js?9d40a366"></script>
