<!DOCTYPE html>
<meta charset="utf-8" />
<meta name="viewport" content="width=device-width" />

<title>[Gen 3] OU: Big Chungus irl vs. tanao - Replays - Pok&eacute;mon Showdown!</title>

<meta name="description" content="Watch a replay of a Pok&eacute;mon battle between Big Chungus irl and tanao! Format: [Gen 3] OU; Date: Oct 2, 2024" />
<!--

Hey, you! Looking in the source for the replay log?

You can find them in JSON format, just add `.json` at the end of a replay URL.

https://replay.pokemonshowdown.com/gen7randomdoublesbattle-865046831.json

Or, if you only need the log itself, add `.log` instead:

https://replay.pokemonshowdown.com/gen7randomdoublesbattle-865046831.log

-->

<link rel="stylesheet" href="//pokemonshowdown.com/style/global.css?0.023195364461161105" />
<link rel="stylesheet" href="//play.pokemonshowdown.com/style/font-awesome.css?0.13261647063804238" />
<link rel="stylesheet" href="//play.pokemonshowdown.com/style/battle.css?0.8753245789963631" />
<link rel="stylesheet" href="//play.pokemonshowdown.com/style/utilichart.css?0.8627959624976733" />

<!-- Global site tag (gtag.js) - Google Analytics -->
<script async src="https://www.googletagmanager.com/gtag/js?id=UA-26211653-1"></script>
<script>
  window.dataLayer = window.dataLayer || [];
  function gtag(){dataLayer.push(arguments);}
  gtag('js', new Date());

  gtag('config', 'UA-26211653-1');
</script>
<!-- End Google Analytics -->
<!-- Venatus Ad Manager - Install in <HEAD> of page -->
	<script src="https://hb.vntsm.com/v3/live/ad-manager.min.js" type="text/javascript" data-site-id="642aba63ec9a7b11c3c9c1be" data-mode="scan" async></script>
<!-- / Venatus Ad Manager -->

<style>
	@media (max-width:820px) {
		.battle {
			margin: 0 auto;
		}
		.battle-log {
			margin: 7px auto 0;
			max-width: 640px;
			height: 300px;
			position: static;
		}
	}
	.optgroup {
		display: inline-block;
		line-height: 22px;
		font-size: 10pt;
	}
	.optgroup .button {
		height: 25px;
		padding-top: 0;
		padding-bottom: 0;
	}
	.optgroup button.button {
		padding-left: 12px;
		padding-right: 12px;
	}
	.linklist {
		list-style: none;
		margin: 0.5em 0;
		padding: 0;
	}
	.linklist li {
		padding: 2px 0;
	}
	.sidebar {
		float: left;
		width: 320px;
	}
	.bar-wrapper {
		max-width: 1100px;
		margin: 0 auto;
	}
	.bar-wrapper.has-sidebar {
		max-width: 1430px;
	}
	.mainbar {
		margin: 0;
		padding-right: 1px;
	}
	.mainbar.has-sidebar {
		margin-left: 330px;
	}
	@media (min-width: 1511px) {
		.sidebar {
			width: 400px;
		}
		.bar-wrapper.has-sidebar {
			max-width: 1510px;
		}
		.mainbar.has-sidebar {
			margin-left: 410px;
		}
	}
	.section.first-section {
		margin-top: 9px;
	}
	.blocklink small {
		white-space: normal;
	}
	.button {
		vertical-align: middle;
	}
	.replay-controls {
		padding-top: 10px;
	}
	.replay-controls h1 {
		font-size: 16pt;
		font-weight: normal;
		color: #CCC;
	}
	.pagelink {
		text-align: center;
	}
	.pagelink a {
		width: 150px;
	}
	.textbox, .button {
		font-size: 11pt;
		vertical-align: middle;
	}
	@media (max-width: 450px) {
		.button {
			font-size: 9pt;
		}
	}
</style>

<div>

	<header>
		<div class="nav-wrapper"><ul class="nav">
			<li><a class="button nav-first" href="//pokemonshowdown.com/"><img src="//pokemonshowdown.com/images/pokemonshowdownbeta.png" srcset="//pokemonshowdown.com/images/pokemonshowdownbeta.png 1x, //pokemonshowdown.com/images/pokemonshowdownbeta@2x.png 2x" alt="Pok&eacute;mon Showdown" width="146" height="44" /> Home</a></li>
			<li><a class="button" href="//pokemonshowdown.com/dex/">Pok&eacute;dex</a></li>
			<li><a class="button cur" href="/">Replays</a></li>
			<li><a class="button" href="//pokemonshowdown.com/ladder/">Ladder</a></li>
			<li><a class="button nav-last" href="//pokemonshowdown.com/forums/">Forum</a></li>
			<li><a class="button greenbutton nav-first nav-last" href="//play.pokemonshowdown.com/">Play</a></li>
		</ul></div>
	</header>

	<div class="main" id="main">

		<noscript><section class="section">You need to enable JavaScript to use this page; sorry!</section></noscript>

	</div>

</div>

<script defer nomodule src="//play.pokemonshowdown.com/js/lib/ps-polyfill.js"></script>
<script defer src="//play.pokemonshowdown.com/js/lib/preact.min.js"></script>

<script defer src="//play.pokemonshowdown.com/config/config.js?2bddbc15"></script>
<script defer src="//play.pokemonshowdown.com/js/lib/jquery-1.11.0.min.js"></script>
<script defer src="//play.pokemonshowdown.com/js/lib/html-sanitizer-minified.js"></script>
<script defer src="//play.pokemonshowdown.com/js/battle-sound.js"></script>
<script defer src="//play.pokemonshowdown.com/js/battledata.js?0.7209276989879541"></script>
<script defer src="//play.pokemonshowdown.com/data/pokedex-mini.js?0.6111056340867951"></script>
<script defer src="//play.pokemonshowdown.com/data/pokedex-mini-bw.js?0.3532142036491459"></script>
<script defer src="//play.pokemonshowdown.com/data/graphics.js?0.24223875632456182"></script>
<script defer src="//play.pokemonshowdown.com/data/pokedex.js?0.38839984266356864"></script>
<script defer src="//play.pokemonshowdown.com/data/moves.js?0.21866028504024015"></script>
<script defer src="//play.pokemonshowdown.com/data/abilities.js?0.2005157953846628"></script>
<script defer src="//play.pokemonshowdown.com/data/items.js?0.9894211263848525"></script>
<script defer src="//play.pokemonshowdown.com/data/teambuilder-tables.js?0.6008791140282215"></script>
<script defer src="//play.pokemonshowdown.com/js/battle-tooltips.js?0.7580118955022959"></script>
<script defer src="//play.pokemonshowdown.com/js/battle.js?0.6057722274234274"></script>

<script defer src="js/utils.js?e31f9a17"></script>
<script defer src="js/replays-battle.js?7008c182"></script>

<!-- don't scrape this data! just add .json or .log after the URL!
Full API docs: https://github.com/smogon/pokemon-showdown-client/blob/master/WEB-API.md -->
<script type="text/plain" class="log" id="replaylog-smogtours-gen3ou-793923">
|inactive|Battle timer is ON: inactive players will automatically lose when time's up.
|t:|1727870682
|gametype|singles
|player|p1|Big Chungus irl|firebreather|
|player|p2|tanao|tuber|
|teamsize|p1|6
|teamsize|p2|6
|gen|3
|tier|[Gen 3] OU
|rule|Sleep Clause Mod: Limit one foe put to sleep
|rule|Switch Priority Clause Mod: Faster Pokémon switch first
|rule|Species Clause: Limit one of each Pokémon
|rule|OHKO Clause: OHKO moves are banned
|rule|Evasion Items Clause: Evasion items are banned
|rule|Evasion Moves Clause: Evasion moves are banned
|rule|Endless Battle Clause: Forcing endless battles is banned
|rule|HP Percentage Mod: HP is shown in percentages
|rule|One Boost Passer Clause: Limit one Baton Passer that has a way to boost its stats
|rule|Freeze Clause Mod: Limit one foe frozen
|
|t:|1727870682
|start
|switch|p1a: Tyranitar|Tyranitar, M|100/100
|switch|p2a: Salamence|Salamence, F|100/100
|-ability|p2a: Salamence|Intimidate|boost
|-unboost|p1a: Tyranitar|atk|1
|-weather|Sandstorm|[from] ability: Sand Stream|[of] p1a: Tyranitar
|turn|1
|c|☆Big Chungus irl|gl and hf
|c|☆tanao|glhf
|inactive|tanao has 270 seconds left.
|
|t:|1727870718
|switch|p1a: Skarmory|Skarmory, M|100/100
|move|p2a: Salamence|Brick Break|p1a: Skarmory
|-damage|p1a: Skarmory|82/100
|
|-weather|Sandstorm|[upkeep]
|-damage|p2a: Salamence|95/100|[from] Sandstorm
|-heal|p2a: Salamence|100/100|[from] item: Leftovers
|-heal|p1a: Skarmory|88/100|[from] item: Leftovers
|upkeep
|turn|2
|
|t:|1727870735
|move|p1a: Skarmory|Protect|p1a: Skarmory
|-singleturn|p1a: Skarmory|Protect
|move|p2a: Salamence|Fire Blast|p1a: Skarmory|[miss]
|-miss|p2a: Salamence|p1a: Skarmory
|
|-weather|Sandstorm|[upkeep]
|-damage|p2a: Salamence|95/100|[from] Sandstorm
|-heal|p2a: Salamence|100/100|[from] item: Leftovers
|-heal|p1a: Skarmory|94/100|[from] item: Leftovers
|upkeep
|turn|3
|
|t:|1727870745
|switch|p1a: Claydol|Claydol|100/100
|move|p2a: Salamence|Fire Blast|p1a: Claydol
|-damage|p1a: Claydol|63/100
|
|-weather|Sandstorm|[upkeep]
|-damage|p2a: Salamence|95/100|[from] Sandstorm
|-heal|p2a: Salamence|100/100|[from] item: Leftovers
|-heal|p1a: Claydol|69/100|[from] item: Leftovers
|upkeep
|turn|4
|inactive|tanao has 270 seconds left.
|
|t:|1727870789
|switch|p2a: Jirachi|Jirachi|100/100
|switch|p1a: Jirachi|Jirachi|100/100
|
|-weather|Sandstorm|[upkeep]
|upkeep
|turn|5
|
|t:|1727870803
|switch|p2a: Blissey|Blissey, F|100/100
|move|p1a: Jirachi|Fire Punch|p2a: Blissey
|-damage|p2a: Blissey|94/100
|
|-weather|Sandstorm|[upkeep]
|-damage|p2a: Blissey|88/100|[from] Sandstorm
|-heal|p2a: Blissey|94/100|[from] item: Leftovers
|upkeep
|turn|6
|
|t:|1727870815
|move|p1a: Jirachi|Protect|p1a: Jirachi
|-singleturn|p1a: Jirachi|Protect
|move|p2a: Blissey|Thunder Wave|p1a: Jirachi
|-activate|p1a: Jirachi|Protect
|
|-weather|Sandstorm|[upkeep]
|-damage|p2a: Blissey|88/100|[from] Sandstorm
|-heal|p2a: Blissey|94/100|[from] item: Leftovers
|upkeep
|turn|7
|inactive|tanao has 270 seconds left.
|inactive|Big Chungus irl has 270 seconds left.
|inactive|Big Chungus irl has 240 seconds left.
|
|t:|1727870879
|switch|p1a: Celebi|Celebi|100/100
|move|p2a: Blissey|Seismic Toss|p1a: Celebi
|-damage|p1a: Celebi|76/100
|
|-weather|Sandstorm|[upkeep]
|-damage|p1a: Celebi|70/100|[from] Sandstorm
|-damage|p2a: Blissey|88/100|[from] Sandstorm
|-heal|p1a: Celebi|76/100|[from] item: Leftovers
|-heal|p2a: Blissey|94/100|[from] item: Leftovers
|upkeep
|turn|8
|inactive|tanao has 270 seconds left.
|
|t:|1727870907
|switch|p2a: Forretress|Forretress, F|100/100
|move|p1a: Celebi|Leech Seed|p2a: Forretress
|-start|p2a: Forretress|move: Leech Seed
|
|-weather|Sandstorm|[upkeep]
|-damage|p1a: Celebi|70/100|[from] Sandstorm
|-heal|p1a: Celebi|76/100|[from] item: Leftovers
|-damage|p2a: Forretress|88/100|[from] Leech Seed|[of] p1a: Celebi
|-heal|p1a: Celebi|87/100|[silent]
|upkeep
|turn|9
|
|t:|1727870916
|move|p1a: Celebi|Hidden Power|p2a: Forretress
|-supereffective|p2a: Forretress
|-damage|p2a: Forretress|23/100
|move|p2a: Forretress|Spikes|p1a: Celebi
|-sidestart|p1: Big Chungus irl|Spikes
|
|-weather|Sandstorm|[upkeep]
|-damage|p1a: Celebi|80/100|[from] Sandstorm
|-heal|p1a: Celebi|87/100|[from] item: Leftovers
|-heal|p2a: Forretress|29/100|[from] item: Leftovers
|-damage|p2a: Forretress|17/100|[from] Leech Seed|[of] p1a: Celebi
|-heal|p1a: Celebi|98/100|[silent]
|upkeep
|turn|10
|
|t:|1727870932
|switch|p2a: Tyranitar|Tyranitar, F|100/100
|move|p1a: Celebi|Leech Seed|p2a: Tyranitar
|-start|p2a: Tyranitar|move: Leech Seed
|
|-weather|Sandstorm|[upkeep]
|-damage|p1a: Celebi|91/100|[from] Sandstorm
|-heal|p1a: Celebi|98/100|[from] item: Leftovers
|-damage|p2a: Tyranitar|88/100|[from] Leech Seed|[of] p1a: Celebi
|-heal|p1a: Celebi|100/100|[silent]
|upkeep
|turn|11
|
|t:|1727870948
|-activate|p1a: Celebi|move: Pursuit
|move|p2a: Tyranitar|Pursuit|p1a: Celebi|[from]Pursuit
|-supereffective|p1a: Celebi
|-damage|p1a: Celebi|56/100
|switch|p1a: Jirachi|Jirachi|100/100
|-damage|p1a: Jirachi|88/100|[from] Spikes
|
|-weather|Sandstorm|[upkeep]
|-heal|p1a: Jirachi|94/100|[from] item: Leftovers
|-heal|p2a: Tyranitar|94/100|[from] item: Leftovers
|-damage|p2a: Tyranitar|82/100|[from] Leech Seed|[of] p1a: Jirachi
|-heal|p1a: Jirachi|100/100|[silent]
|upkeep
|turn|12
|
|t:|1727870960
|move|p1a: Jirachi|Toxic|p2a: Tyranitar
|-status|p2a: Tyranitar|tox
|move|p2a: Tyranitar|Fire Blast|p1a: Jirachi|[miss]
|-miss|p2a: Tyranitar|p1a: Jirachi
|
|-weather|Sandstorm|[upkeep]
|-heal|p2a: Tyranitar|88/100 tox|[from] item: Leftovers
|-damage|p2a: Tyranitar|76/100 tox|[from] Leech Seed|[of] p1a: Jirachi
|-damage|p2a: Tyranitar|70/100 tox|[from] psn
|upkeep
|turn|13
|
|t:|1727870974
|switch|p2a: Blissey|Blissey, F|94/100
|move|p1a: Jirachi|Wish|p1a: Jirachi
|
|-weather|Sandstorm|[upkeep]
|-damage|p2a: Blissey|88/100|[from] Sandstorm
|-heal|p2a: Blissey|94/100|[from] item: Leftovers
|upkeep
|turn|14
|
|t:|1727870991
|switch|p1a: Celebi|Celebi|56/100
|-damage|p1a: Celebi|43/100|[from] Spikes
|move|p2a: Blissey|Seismic Toss|p1a: Celebi
|-damage|p1a: Celebi|19/100
|
|-heal|p1a: Celebi|69/100|[from] move: Wish|[wisher] Jirachi
|-weather|Sandstorm|[upkeep]
|-damage|p1a: Celebi|62/100|[from] Sandstorm
|-damage|p2a: Blissey|88/100|[from] Sandstorm
|-heal|p1a: Celebi|69/100|[from] item: Leftovers
|-heal|p2a: Blissey|94/100|[from] item: Leftovers
|upkeep
|turn|15
|inactive|Big Chungus irl has 270 seconds left.
|inactive|tanao has 240 seconds left.
|
|t:|1727871009
|switch|p2a: Salamence|Salamence, F|100/100
|-ability|p2a: Salamence|Intimidate|boost
|-unboost|p1a: Celebi|atk|1
|move|p1a: Celebi|Leech Seed|p2a: Salamence
|-start|p2a: Salamence|move: Leech Seed
|
|-weather|Sandstorm|[upkeep]
|-damage|p2a: Salamence|95/100|[from] Sandstorm
|-damage|p1a: Celebi|62/100|[from] Sandstorm
|-heal|p2a: Salamence|100/100|[from] item: Leftovers
|-damage|p2a: Salamence|88/100|[from] Leech Seed|[of] p1a: Celebi
|-heal|p1a: Celebi|73/100|[silent]
|-heal|p1a: Celebi|79/100|[from] item: Leftovers
|upkeep
|turn|16
|inactive|tanao has 240 seconds left.
|
|t:|1727871020
|switch|p1a: Claydol|Claydol|69/100
|move|p2a: Salamence|Fire Blast|p1a: Claydol
|-damage|p1a: Claydol|30/100
|
|-weather|Sandstorm|[upkeep]
|-damage|p2a: Salamence|82/100|[from] Sandstorm
|-heal|p2a: Salamence|88/100|[from] item: Leftovers
|-damage|p2a: Salamence|76/100|[from] Leech Seed|[of] p1a: Claydol
|-heal|p1a: Claydol|42/100|[silent]
|-heal|p1a: Claydol|48/100|[from] item: Leftovers
|upkeep
|turn|17
|inactive|tanao has 240 seconds left.
|
|t:|1727871049
|switch|p2a: Tyranitar|Tyranitar, F|70/100 tox
|move|p1a: Claydol|Rapid Spin|p2a: Tyranitar
|-resisted|p2a: Tyranitar
|-damage|p2a: Tyranitar|68/100 tox
|-sideend|p1: Big Chungus irl|Spikes|[from] move: Rapid Spin|[of] p1a: Claydol
|
|-weather|Sandstorm|[upkeep]
|-heal|p1a: Claydol|55/100|[from] item: Leftovers
|-heal|p2a: Tyranitar|74/100 tox|[from] item: Leftovers
|-damage|p2a: Tyranitar|68/100 tox|[from] psn
|upkeep
|turn|18
|
|t:|1727871059
|move|p1a: Claydol|Earthquake|p2a: Tyranitar
|-supereffective|p2a: Tyranitar
|-damage|p2a: Tyranitar|12/100 tox
|move|p2a: Tyranitar|Crunch|p1a: Claydol
|-supereffective|p1a: Claydol
|-crit|p1a: Claydol
|-damage|p1a: Claydol|0 fnt
|faint|p1a: Claydol
|
|t:|1727871067
|switch|p1a: Skarmory|Skarmory, M|94/100
|
|-weather|Sandstorm|[upkeep]
|-heal|p1a: Skarmory|99/100|[from] item: Leftovers
|-heal|p2a: Tyranitar|18/100 tox|[from] item: Leftovers
|-damage|p2a: Tyranitar|6/100 tox|[from] psn
|upkeep
|turn|19
|inactive|tanao has 240 seconds left.
|
|t:|1727871077
|move|p1a: Skarmory|Spikes|p2a: Tyranitar
|-sidestart|p2: tanao|Spikes
|move|p2a: Tyranitar|Fire Blast|p1a: Skarmory
|-supereffective|p1a: Skarmory
|-damage|p1a: Skarmory|37/100
|
|-weather|Sandstorm|[upkeep]
|-heal|p1a: Skarmory|43/100|[from] item: Leftovers
|-heal|p2a: Tyranitar|12/100 tox|[from] item: Leftovers
|-damage|p2a: Tyranitar|0 fnt|[from] psn
|faint|p2a: Tyranitar
|upkeep
|
|t:|1727871096
|switch|p2a: Forretress|Forretress, F|17/100
|-damage|p2a: Forretress|4/100|[from] Spikes
|turn|20
|
|t:|1727871100
|move|p1a: Skarmory|Drill Peck|p2a: Forretress
|-damage|p2a: Forretress|0 fnt
|faint|p2a: Forretress
|
|t:|1727871110
|switch|p2a: Salamence|Salamence, F|76/100
|-ability|p2a: Salamence|Intimidate|boost
|-unboost|p1a: Skarmory|atk|1
|
|-weather|Sandstorm|[upkeep]
|-damage|p2a: Salamence|70/100|[from] Sandstorm
|-heal|p2a: Salamence|76/100|[from] item: Leftovers
|-heal|p1a: Skarmory|49/100|[from] item: Leftovers
|upkeep
|turn|21
|inactive|tanao has 240 seconds left.
|
|t:|1727871118
|move|p1a: Skarmory|Protect|p1a: Skarmory
|-singleturn|p1a: Skarmory|Protect
|move|p2a: Salamence|Dragon Claw|p1a: Skarmory
|-activate|p1a: Skarmory|Protect
|
|-weather|Sandstorm|[upkeep]
|-damage|p2a: Salamence|70/100|[from] Sandstorm
|-heal|p2a: Salamence|76/100|[from] item: Leftovers
|-heal|p1a: Skarmory|55/100|[from] item: Leftovers
|upkeep
|turn|22
|inactive|tanao has 240 seconds left.
|
|t:|1727871145
|switch|p1a: Tyranitar|Tyranitar, M|100/100
|move|p2a: Salamence|Fire Blast|p1a: Tyranitar
|-resisted|p1a: Tyranitar
|-damage|p1a: Tyranitar|84/100
|
|-weather|Sandstorm|[upkeep]
|-damage|p2a: Salamence|70/100|[from] Sandstorm
|-heal|p2a: Salamence|76/100|[from] item: Leftovers
|-heal|p1a: Tyranitar|90/100|[from] item: Leftovers
|upkeep
|turn|23
|inactive|tanao has 240 seconds left.
|
|t:|1727871172
|switch|p2a: Jirachi|Jirachi|100/100
|-damage|p2a: Jirachi|88/100|[from] Spikes
|move|p1a: Tyranitar|Rock Slide|p2a: Jirachi
|-resisted|p2a: Jirachi
|-damage|p2a: Jirachi|76/100
|
|-weather|Sandstorm|[upkeep]
|-heal|p2a: Jirachi|82/100|[from] item: Leftovers
|-heal|p1a: Tyranitar|96/100|[from] item: Leftovers
|upkeep
|turn|24
|inactive|Big Chungus irl has 270 seconds left.
|
|t:|1727871205
|switch|p1a: Celebi|Celebi|79/100
|move|p2a: Jirachi|Wish|p2a: Jirachi
|
|-weather|Sandstorm|[upkeep]
|-damage|p1a: Celebi|73/100|[from] Sandstorm
|-heal|p2a: Jirachi|88/100|[from] item: Leftovers
|-heal|p1a: Celebi|79/100|[from] item: Leftovers
|upkeep
|turn|25
|
|t:|1727871213
|move|p2a: Jirachi|Toxic|p1a: Celebi
|-status|p1a: Celebi|tox
|move|p1a: Celebi|Leech Seed|p2a: Jirachi
|-start|p2a: Jirachi|move: Leech Seed
|
|-heal|p2a: Jirachi|100/100|[from] move: Wish|[wisher] Jirachi
|-weather|Sandstorm|[upkeep]
|-damage|p1a: Celebi|73/100 tox|[from] Sandstorm
|-damage|p2a: Jirachi|88/100|[from] Leech Seed|[of] p1a: Celebi
|-heal|p1a: Celebi|85/100 tox|[silent]
|-heal|p1a: Celebi|91/100 tox|[from] item: Leftovers
|-damage|p1a: Celebi|85/100 tox|[from] psn
|upkeep
|turn|26
|inactive|Big Chungus irl has 270 seconds left.
|inactive|tanao has 240 seconds left.
|
|t:|1727871226
|move|p2a: Jirachi|Wish|p2a: Jirachi
|move|p1a: Celebi|Leech Seed||[still]
|-fail|p1a: Celebi
|
|-weather|Sandstorm|[upkeep]
|-damage|p1a: Celebi|79/100 tox|[from] Sandstorm
|-heal|p2a: Jirachi|94/100|[from] item: Leftovers
|-damage|p2a: Jirachi|82/100|[from] Leech Seed|[of] p1a: Celebi
|-heal|p1a: Celebi|91/100 tox|[silent]
|-heal|p1a: Celebi|97/100 tox|[from] item: Leftovers
|-damage|p1a: Celebi|85/100 tox|[from] psn
|upkeep
|turn|27
|inactive|Big Chungus irl has 270 seconds left.
|inactive|tanao has 240 seconds left.
|
|t:|1727871239
|-curestatus|p1a: Celebi|tox|[from] ability: Natural Cure
|switch|p1a: Skarmory|Skarmory, M|55/100
|move|p2a: Jirachi|Fire Punch|p1a: Skarmory
|-supereffective|p1a: Skarmory
|-damage|p1a: Skarmory|21/100
|
|-heal|p2a: Jirachi|100/100|[from] move: Wish|[wisher] Jirachi
|-weather|Sandstorm|[upkeep]
|-damage|p2a: Jirachi|88/100|[from] Leech Seed|[of] p1a: Skarmory
|-heal|p1a: Skarmory|36/100|[silent]
|-heal|p1a: Skarmory|42/100|[from] item: Leftovers
|upkeep
|turn|28
|inactive|tanao has 240 seconds left.
|inactive|Big Chungus irl has 270 seconds left.
|inactive|tanao has 210 seconds left.
|
|t:|1727871291
|switch|p2a: Salamence|Salamence, F|76/100
|-ability|p2a: Salamence|Intimidate|boost
|-unboost|p1a: Skarmory|atk|1
|move|p1a: Skarmory|Spikes|p2a: Salamence
|-sidestart|p2: tanao|Spikes
|
|-weather|Sandstorm|[upkeep]
|-damage|p2a: Salamence|70/100|[from] Sandstorm
|-heal|p2a: Salamence|76/100|[from] item: Leftovers
|-heal|p1a: Skarmory|48/100|[from] item: Leftovers
|upkeep
|turn|29
|
|t:|1727871301
|move|p1a: Skarmory|Protect|p1a: Skarmory
|-singleturn|p1a: Skarmory|Protect
|move|p2a: Salamence|Roar|p1a: Skarmory
|-activate|p1a: Skarmory|Protect
|
|-weather|Sandstorm|[upkeep]
|-damage|p2a: Salamence|70/100|[from] Sandstorm
|-heal|p2a: Salamence|76/100|[from] item: Leftovers
|-heal|p1a: Skarmory|54/100|[from] item: Leftovers
|upkeep
|turn|30
|
|t:|1727871317
|switch|p1a: Salamence|Salamence, M|100/100
|-ability|p1a: Salamence|Intimidate|boost
|-unboost|p2a: Salamence|atk|1
|move|p2a: Salamence|Brick Break|p1a: Salamence
|-resisted|p1a: Salamence
|-damage|p1a: Salamence|91/100
|
|-weather|Sandstorm|[upkeep]
|-damage|p1a: Salamence|85/100|[from] Sandstorm
|-damage|p2a: Salamence|70/100|[from] Sandstorm
|-heal|p1a: Salamence|91/100|[from] item: Leftovers
|-heal|p2a: Salamence|76/100|[from] item: Leftovers
|upkeep
|turn|31
|inactive|tanao has 180 seconds left.
|
|t:|1727871358
|switch|p1a: Tyranitar|Tyranitar, M|96/100
|switch|p2a: Jirachi|Jirachi|88/100
|-damage|p2a: Jirachi|72/100|[from] Spikes
|
|-weather|Sandstorm|[upkeep]
|-heal|p2a: Jirachi|78/100|[from] item: Leftovers
|-heal|p1a: Tyranitar|100/100|[from] item: Leftovers
|upkeep
|turn|32
|
|t:|1727871375
|move|p2a: Jirachi|Fire Punch|p1a: Tyranitar
|-resisted|p1a: Tyranitar
|-damage|p1a: Tyranitar|93/100
|move|p1a: Tyranitar|Earthquake|p2a: Jirachi
|-supereffective|p2a: Jirachi
|-crit|p2a: Jirachi
|-damage|p2a: Jirachi|0 fnt
|faint|p2a: Jirachi
|c|☆Big Chungus irl|sorry
|
|t:|1727871383
|switch|p2a: Salamence|Salamence, F|76/100
|-ability|p2a: Salamence|Intimidate|boost
|-unboost|p1a: Tyranitar|atk|1
|
|-weather|Sandstorm|[upkeep]
|-damage|p2a: Salamence|70/100|[from] Sandstorm
|-heal|p2a: Salamence|76/100|[from] item: Leftovers
|-heal|p1a: Tyranitar|99/100|[from] item: Leftovers
|upkeep
|turn|33
|
|t:|1727871403
|switch|p1a: Celebi|Celebi|85/100
|move|p2a: Salamence|Brick Break|p1a: Celebi
|-resisted|p1a: Celebi
|-damage|p1a: Celebi|75/100
|
|-weather|Sandstorm|[upkeep]
|-damage|p2a: Salamence|70/100|[from] Sandstorm
|-damage|p1a: Celebi|69/100|[from] Sandstorm
|-heal|p2a: Salamence|76/100|[from] item: Leftovers
|-heal|p1a: Celebi|75/100|[from] item: Leftovers
|upkeep
|turn|34
|
|t:|1727871413
|move|p2a: Salamence|Fire Blast|p1a: Celebi
|-supereffective|p1a: Celebi
|-damage|p1a: Celebi|24/100
|-status|p1a: Celebi|brn
|move|p1a: Celebi|Recover|p1a: Celebi
|-heal|p1a: Celebi|74/100 brn
|
|-weather|Sandstorm|[upkeep]
|-damage|p2a: Salamence|70/100|[from] Sandstorm
|-damage|p1a: Celebi|68/100 brn|[from] Sandstorm
|-heal|p2a: Salamence|76/100|[from] item: Leftovers
|-heal|p1a: Celebi|74/100 brn|[from] item: Leftovers
|-damage|p1a: Celebi|62/100 brn|[from] brn
|upkeep
|turn|35
|
|t:|1727871425
|-curestatus|p1a: Celebi|brn|[from] ability: Natural Cure
|switch|p1a: Salamence|Salamence, M|91/100
|-ability|p1a: Salamence|Intimidate|boost
|-unboost|p2a: Salamence|atk|1
|move|p2a: Salamence|Fire Blast|p1a: Salamence
|-resisted|p1a: Salamence
|-damage|p1a: Salamence|62/100
|
|-weather|Sandstorm|[upkeep]
|-damage|p1a: Salamence|56/100|[from] Sandstorm
|-damage|p2a: Salamence|70/100|[from] Sandstorm
|-heal|p1a: Salamence|62/100|[from] item: Leftovers
|-heal|p2a: Salamence|76/100|[from] item: Leftovers
|upkeep
|turn|36
|inactive|tanao has 150 seconds left.
|
|t:|1727871447
|switch|p1a: Skarmory|Skarmory, M|54/100
|switch|p2a: Blissey|Blissey, F|94/100
|-damage|p2a: Blissey|78/100|[from] Spikes
|
|-weather|Sandstorm|[upkeep]
|-damage|p2a: Blissey|71/100|[from] Sandstorm
|-heal|p1a: Skarmory|60/100|[from] item: Leftovers
|-heal|p2a: Blissey|78/100|[from] item: Leftovers
|upkeep
|turn|37
|
|t:|1727871463
|move|p1a: Skarmory|Spikes|p2a: Blissey
|-sidestart|p2: tanao|Spikes
|move|p2a: Blissey|Thunder Wave|p1a: Skarmory
|-status|p1a: Skarmory|par
|
|-weather|Sandstorm|[upkeep]
|-damage|p2a: Blissey|71/100|[from] Sandstorm
|-heal|p2a: Blissey|78/100|[from] item: Leftovers
|-heal|p1a: Skarmory|66/100 par|[from] item: Leftovers
|upkeep
|turn|38
|
|t:|1727871473
|move|p1a: Skarmory|Protect|p1a: Skarmory
|-singleturn|p1a: Skarmory|Protect
|move|p2a: Blissey|Seismic Toss|p1a: Skarmory
|-activate|p1a: Skarmory|Protect
|
|-weather|Sandstorm|[upkeep]
|-damage|p2a: Blissey|71/100|[from] Sandstorm
|-heal|p2a: Blissey|78/100|[from] item: Leftovers
|-heal|p1a: Skarmory|72/100 par|[from] item: Leftovers
|upkeep
|turn|39
|
|t:|1727871482
|switch|p1a: Celebi|Celebi|62/100
|move|p2a: Blissey|Seismic Toss|p1a: Celebi
|-damage|p1a: Celebi|37/100
|
|-weather|Sandstorm|[upkeep]
|-damage|p1a: Celebi|31/100|[from] Sandstorm
|-damage|p2a: Blissey|71/100|[from] Sandstorm
|-heal|p1a: Celebi|37/100|[from] item: Leftovers
|-heal|p2a: Blissey|78/100|[from] item: Leftovers
|upkeep
|turn|40
|inactive|tanao has 150 seconds left.
|
|t:|1727871508
|switch|p2a: Salamence|Salamence, F|76/100
|-ability|p2a: Salamence|Intimidate|boost
|-unboost|p1a: Celebi|atk|1
|move|p1a: Celebi|Recover|p1a: Celebi
|-heal|p1a: Celebi|87/100
|
|-weather|Sandstorm|[upkeep]
|-damage|p2a: Salamence|70/100|[from] Sandstorm
|-damage|p1a: Celebi|81/100|[from] Sandstorm
|-heal|p2a: Salamence|76/100|[from] item: Leftovers
|-heal|p1a: Celebi|87/100|[from] item: Leftovers
|upkeep
|turn|41
|inactive|tanao has 150 seconds left.
|
|t:|1727871527
|move|p2a: Salamence|Dragon Claw|p1a: Celebi
|-damage|p1a: Celebi|60/100
|move|p1a: Celebi|Recover|p1a: Celebi
|-heal|p1a: Celebi|100/100
|
|-weather|Sandstorm|[upkeep]
|-damage|p2a: Salamence|70/100|[from] Sandstorm
|-damage|p1a: Celebi|94/100|[from] Sandstorm
|-heal|p2a: Salamence|76/100|[from] item: Leftovers
|-heal|p1a: Celebi|100/100|[from] item: Leftovers
|upkeep
|turn|42
|
|t:|1727871536
|move|p2a: Salamence|Dragon Claw|p1a: Celebi
|-damage|p1a: Celebi|75/100
|move|p1a: Celebi|Leech Seed|p2a: Salamence
|-start|p2a: Salamence|move: Leech Seed
|
|-weather|Sandstorm|[upkeep]
|-damage|p2a: Salamence|70/100|[from] Sandstorm
|-damage|p1a: Celebi|69/100|[from] Sandstorm
|-heal|p2a: Salamence|76/100|[from] item: Leftovers
|-damage|p2a: Salamence|64/100|[from] Leech Seed|[of] p1a: Celebi
|-heal|p1a: Celebi|79/100|[silent]
|-heal|p1a: Celebi|85/100|[from] item: Leftovers
|upkeep
|turn|43
|inactive|tanao has 150 seconds left.
|
|t:|1727871556
|switch|p2a: Blissey|Blissey, F|78/100
|-damage|p2a: Blissey|53/100|[from] Spikes
|switch|p1a: Tyranitar|Tyranitar, M|99/100
|
|-weather|Sandstorm|[upkeep]
|-damage|p2a: Blissey|46/100|[from] Sandstorm
|-heal|p1a: Tyranitar|100/100|[from] item: Leftovers
|-heal|p2a: Blissey|53/100|[from] item: Leftovers
|upkeep
|turn|44
|inactive|tanao has 150 seconds left.
|inactive|tanao has 120 seconds left.
|
|t:|1727871603
|switch|p1a: Celebi|Celebi|85/100
|move|p2a: Blissey|Counter|p1a: Celebi
|
|-weather|Sandstorm|[upkeep]
|-damage|p1a: Celebi|79/100|[from] Sandstorm
|-damage|p2a: Blissey|46/100|[from] Sandstorm
|-heal|p1a: Celebi|85/100|[from] item: Leftovers
|-heal|p2a: Blissey|53/100|[from] item: Leftovers
|upkeep
|turn|45
|inactive|tanao has 120 seconds left.
|
|t:|1727871618
|move|p1a: Celebi|Leech Seed|p2a: Blissey
|-start|p2a: Blissey|move: Leech Seed
|move|p2a: Blissey|Soft-Boiled|p2a: Blissey
|-heal|p2a: Blissey|100/100
|
|-weather|Sandstorm|[upkeep]
|-damage|p1a: Celebi|79/100|[from] Sandstorm
|-damage|p2a: Blissey|94/100|[from] Sandstorm
|-heal|p1a: Celebi|85/100|[from] item: Leftovers
|-heal|p2a: Blissey|100/100|[from] item: Leftovers
|-damage|p2a: Blissey|88/100|[from] Leech Seed|[of] p1a: Celebi
|-heal|p1a: Celebi|100/100|[silent]
|upkeep
|turn|46
|inactive|tanao has 120 seconds left.
|
|t:|1727871629
|move|p1a: Celebi|Hidden Power|p2a: Blissey
|-damage|p2a: Blissey|82/100
|move|p2a: Blissey|Thunder Wave|p1a: Celebi
|-status|p1a: Celebi|par
|
|-weather|Sandstorm|[upkeep]
|-damage|p2a: Blissey|76/100|[from] Sandstorm
|-damage|p1a: Celebi|94/100 par|[from] Sandstorm
|-heal|p2a: Blissey|82/100|[from] item: Leftovers
|-damage|p2a: Blissey|70/100|[from] Leech Seed|[of] p1a: Celebi
|-heal|p1a: Celebi|100/100 par|[silent]
|upkeep
|turn|47
|inactive|tanao has 120 seconds left.
|
|t:|1727871648
|switch|p2a: Aerodactyl|Aerodactyl, M|100/100
|-curestatus|p1a: Celebi|par|[from] ability: Natural Cure
|switch|p1a: Skarmory|Skarmory, M|72/100 par
|
|-weather|Sandstorm|[upkeep]
|-heal|p1a: Skarmory|78/100 par|[from] item: Leftovers
|upkeep
|turn|48
|inactive|tanao has 120 seconds left.
|
|t:|1727871659
|move|p1a: Skarmory|Protect|p1a: Skarmory
|-singleturn|p1a: Skarmory|Protect
|move|p2a: Aerodactyl|Rock Slide|p1a: Skarmory
|-activate|p1a: Skarmory|Protect
|
|-weather|Sandstorm|[upkeep]
|-heal|p1a: Skarmory|84/100 par|[from] item: Leftovers
|upkeep
|turn|49
|inactive|tanao has 120 seconds left.
|
|t:|1727871666
|switch|p1a: Jirachi|Jirachi|100/100
|move|p2a: Aerodactyl|Rock Slide|p1a: Jirachi
|-resisted|p1a: Jirachi
|-damage|p1a: Jirachi|86/100
|
|-weather|Sandstorm|[upkeep]
|-heal|p1a: Jirachi|92/100|[from] item: Leftovers
|upkeep
|turn|50
|
|t:|1727871674
|switch|p2a: Blissey|Blissey, F|70/100
|-damage|p2a: Blissey|45/100|[from] Spikes
|move|p1a: Jirachi|Toxic|p2a: Blissey
|-status|p2a: Blissey|tox
|
|-weather|Sandstorm|[upkeep]
|-damage|p2a: Blissey|39/100 tox|[from] Sandstorm
|-heal|p1a: Jirachi|98/100|[from] item: Leftovers
|-heal|p2a: Blissey|45/100 tox|[from] item: Leftovers
|-damage|p2a: Blissey|39/100 tox|[from] psn
|upkeep
|turn|51
|
|t:|1727871686
|switch|p1a: Tyranitar|Tyranitar, M|100/100
|move|p2a: Blissey|Thunder Wave|p1a: Tyranitar
|-status|p1a: Tyranitar|par
|
|-weather|Sandstorm|[upkeep]
|-damage|p2a: Blissey|32/100 tox|[from] Sandstorm
|-heal|p2a: Blissey|39/100 tox|[from] item: Leftovers
|-damage|p2a: Blissey|26/100 tox|[from] psn
|upkeep
|turn|52
|
|t:|1727871695
|move|p2a: Blissey|Soft-Boiled|p2a: Blissey
|-heal|p2a: Blissey|76/100 tox
|move|p1a: Tyranitar|Rock Slide|p2a: Blissey
|-damage|p2a: Blissey|41/100 tox
|
|-weather|Sandstorm|[upkeep]
|-damage|p2a: Blissey|35/100 tox|[from] Sandstorm
|-heal|p2a: Blissey|41/100 tox|[from] item: Leftovers
|-damage|p2a: Blissey|22/100 tox|[from] psn
|upkeep
|turn|53
|inactive|tanao has 120 seconds left.
|
|t:|1727871720
|move|p2a: Blissey|Soft-Boiled|p2a: Blissey
|-heal|p2a: Blissey|72/100 tox
|move|p1a: Tyranitar|Earthquake|p2a: Blissey
|-damage|p2a: Blissey|40/100 tox
|
|-weather|Sandstorm|[upkeep]
|-damage|p2a: Blissey|34/100 tox|[from] Sandstorm
|-heal|p2a: Blissey|40/100 tox|[from] item: Leftovers
|-damage|p2a: Blissey|15/100 tox|[from] psn
|upkeep
|turn|54
|inactive|tanao has 120 seconds left.
|
|t:|1727871736
|move|p2a: Blissey|Soft-Boiled|p2a: Blissey
|-heal|p2a: Blissey|65/100 tox
|move|p1a: Tyranitar|Earthquake|p2a: Blissey
|-damage|p2a: Blissey|32/100 tox
|
|-weather|Sandstorm|[upkeep]
|-damage|p2a: Blissey|26/100 tox|[from] Sandstorm
|-heal|p2a: Blissey|32/100 tox|[from] item: Leftovers
|-damage|p2a: Blissey|1/100 tox|[from] psn
|upkeep
|turn|55
|
|t:|1727871746
|move|p2a: Blissey|Seismic Toss|p1a: Tyranitar
|-damage|p1a: Tyranitar|76/100 par
|move|p1a: Tyranitar|Earthquake|p2a: Blissey
|-damage|p2a: Blissey|0 fnt
|faint|p2a: Blissey
|
|t:|1727871754
|switch|p2a: Salamence|Salamence, F|64/100
|-ability|p2a: Salamence|Intimidate|boost
|-unboost|p1a: Tyranitar|atk|1
|
|-weather|Sandstorm|[upkeep]
|-damage|p2a: Salamence|58/100|[from] Sandstorm
|-heal|p2a: Salamence|64/100|[from] item: Leftovers
|-heal|p1a: Tyranitar|82/100 par|[from] item: Leftovers
|upkeep
|turn|56
|
|t:|1727871778
|move|p2a: Salamence|Dragon Claw|p1a: Tyranitar
|-damage|p1a: Tyranitar|49/100 par
|move|p1a: Tyranitar|Rock Slide|p2a: Salamence
|-supereffective|p2a: Salamence
|-damage|p2a: Salamence|7/100
|
|-weather|Sandstorm|[upkeep]
|-damage|p2a: Salamence|1/100|[from] Sandstorm
|-heal|p2a: Salamence|7/100|[from] item: Leftovers
|-heal|p1a: Tyranitar|55/100 par|[from] item: Leftovers
|upkeep
|turn|57
|
|t:|1727871794
|switch|p1a: Salamence|Salamence, M|62/100
|-ability|p1a: Salamence|Intimidate|boost
|-unboost|p2a: Salamence|atk|1
|move|p2a: Salamence|Brick Break|p1a: Salamence
|-resisted|p1a: Salamence
|-damage|p1a: Salamence|53/100
|
|-weather|Sandstorm|[upkeep]
|-damage|p1a: Salamence|47/100|[from] Sandstorm
|-damage|p2a: Salamence|1/100|[from] Sandstorm
|-heal|p1a: Salamence|53/100|[from] item: Leftovers
|-heal|p2a: Salamence|7/100|[from] item: Leftovers
|upkeep
|turn|58
|
|t:|1727871805
|move|p1a: Salamence|Brick Break|p2a: Salamence
|-resisted|p2a: Salamence
|-damage|p2a: Salamence|0 fnt
|faint|p2a: Salamence
|
|t:|1727871809
|switch|p2a: Aerodactyl|Aerodactyl, M|100/100
|
|-weather|Sandstorm|[upkeep]
|-damage|p1a: Salamence|47/100|[from] Sandstorm
|-heal|p1a: Salamence|53/100|[from] item: Leftovers
|upkeep
|turn|59
|
|t:|1727871815
|move|p2a: Aerodactyl|Rock Slide|p1a: Salamence
|-supereffective|p1a: Salamence
|-damage|p1a: Salamence|0 fnt
|faint|p1a: Salamence
|
|t:|1727871818
|switch|p1a: Jirachi|Jirachi|98/100
|
|-weather|Sandstorm|[upkeep]
|-heal|p1a: Jirachi|100/100|[from] item: Leftovers
|upkeep
|turn|60
|c|☆tanao|gg
|inactive|tanao has 120 seconds left.
|
|t:|1727871823
|move|p2a: Aerodactyl|Rock Slide|p1a: Jirachi
|-resisted|p1a: Jirachi
|-crit|p1a: Jirachi
|-damage|p1a: Jirachi|66/100
|cant|p1a: Jirachi|flinch
|
|-weather|Sandstorm|[upkeep]
|-heal|p1a: Jirachi|73/100|[from] item: Leftovers
|upkeep
|turn|61
|c|☆Big Chungus irl|gg
|
|t:|1727871831
|move|p1a: Jirachi|Protect|p1a: Jirachi
|-singleturn|p1a: Jirachi|Protect
|move|p2a: Aerodactyl|Rock Slide|p1a: Jirachi
|-activate|p1a: Jirachi|Protect
|
|-weather|Sandstorm|[upkeep]
|-heal|p1a: Jirachi|79/100|[from] item: Leftovers
|upkeep
|turn|62
|
|t:|1727871838
|move|p2a: Aerodactyl|Rock Slide|p1a: Jirachi
|-resisted|p1a: Jirachi
|-damage|p1a: Jirachi|63/100
|move|p1a: Jirachi|Toxic|p2a: Aerodactyl|[miss]
|-miss|p1a: Jirachi|p2a: Aerodactyl
|
|-weather|Sandstorm|[upkeep]
|-heal|p1a: Jirachi|70/100|[from] item: Leftovers
|upkeep
|turn|63
|
|t:|1727871845
|move|p1a: Jirachi|Protect|p1a: Jirachi
|-singleturn|p1a: Jirachi|Protect
|move|p2a: Aerodactyl|Rock Slide|p1a: Jirachi
|-activate|p1a: Jirachi|Protect
|
|-weather|Sandstorm|[upkeep]
|-heal|p1a: Jirachi|76/100|[from] item: Leftovers
|upkeep
|turn|64
|
|t:|1727871853
|move|p2a: Aerodactyl|Rock Slide|p1a: Jirachi
|-resisted|p1a: Jirachi
|-damage|p1a: Jirachi|60/100
|cant|p1a: Jirachi|flinch
|
|-weather|Sandstorm|[upkeep]
|-heal|p1a: Jirachi|66/100|[from] item: Leftovers
|upkeep
|turn|65
|
|t:|1727871860
|move|p1a: Jirachi|Protect|p1a: Jirachi
|-singleturn|p1a: Jirachi|Protect
|move|p2a: Aerodactyl|Rock Slide|p1a: Jirachi|[miss]
|-miss|p2a: Aerodactyl|p1a: Jirachi
|
|-weather|Sandstorm|[upkeep]
|-heal|p1a: Jirachi|72/100|[from] item: Leftovers
|upkeep
|turn|66
|inactive|tanao has 150 seconds left.
|
|t:|1727871867
|move|p2a: Aerodactyl|Rock Slide|p1a: Jirachi|[miss]
|-miss|p2a: Aerodactyl|p1a: Jirachi
|move|p1a: Jirachi|Wish|p1a: Jirachi
|
|-weather|Sandstorm|[upkeep]
|-heal|p1a: Jirachi|78/100|[from] item: Leftovers
|upkeep
|turn|67
|
|t:|1727871873
|move|p2a: Aerodactyl|Rock Slide|p1a: Jirachi
|-resisted|p1a: Jirachi
|-damage|p1a: Jirachi|62/100
|move|p1a: Jirachi|Toxic|p2a: Aerodactyl|[miss]
|-miss|p1a: Jirachi|p2a: Aerodactyl
|
|-heal|p1a: Jirachi|100/100|[from] move: Wish|[wisher] Jirachi
|-weather|Sandstorm|[upkeep]
|upkeep
|turn|68
|
|t:|1727871881
|move|p2a: Aerodactyl|Rock Slide|p1a: Jirachi
|-resisted|p1a: Jirachi
|-damage|p1a: Jirachi|84/100
|cant|p1a: Jirachi|flinch
|
|-weather|Sandstorm|[upkeep]
|-heal|p1a: Jirachi|90/100|[from] item: Leftovers
|upkeep
|turn|69
|c|☆Big Chungus irl|you are getting all the luck when you can't even use it
|c|☆Big Chungus irl|this is just sad irony
|
|t:|1727871903
|move|p1a: Jirachi|Protect|p1a: Jirachi
|-singleturn|p1a: Jirachi|Protect
|move|p2a: Aerodactyl|Rock Slide|p1a: Jirachi
|-activate|p1a: Jirachi|Protect
|
|-weather|Sandstorm|[upkeep]
|-heal|p1a: Jirachi|96/100|[from] item: Leftovers
|upkeep
|turn|70
|c|☆tanao|i had a nice streak on ladder earlier
|c|☆tanao|this must be karma
|c|☆Big Chungus irl|after I hax you for two games straight
|
|t:|1727871919
|move|p2a: Aerodactyl|Rock Slide|p1a: Jirachi
|-resisted|p1a: Jirachi
|-damage|p1a: Jirachi|81/100
|move|p1a: Jirachi|Toxic|p2a: Aerodactyl|[miss]
|-miss|p1a: Jirachi|p2a: Aerodactyl
|
|-weather|Sandstorm|[upkeep]
|-heal|p1a: Jirachi|87/100|[from] item: Leftovers
|upkeep
|turn|71
|c|☆Big Chungus irl|zamn
|c|☆tanao|well, there's always next tournament
|c|☆Big Chungus irl|I guess this is a PP stall
|c|☆Big Chungus irl|nah you aren't out M8
|c|☆tanao|tru
|c|☆Big Chungus irl|you need to lose two more times to be out
|
|t:|1727871948
|move|p1a: Jirachi|Protect|p1a: Jirachi
|-singleturn|p1a: Jirachi|Protect
|move|p2a: Aerodactyl|Rock Slide|p1a: Jirachi
|-activate|p1a: Jirachi|Protect
|
|-weather|Sandstorm|[upkeep]
|-heal|p1a: Jirachi|93/100|[from] item: Leftovers
|upkeep
|turn|72
|c|☆tanao|forgot about that
|
|t:|1727871955
|move|p2a: Aerodactyl|Rock Slide|p1a: Jirachi
|-resisted|p1a: Jirachi
|-damage|p1a: Jirachi|77/100
|move|p1a: Jirachi|Toxic|p2a: Aerodactyl
|-status|p2a: Aerodactyl|tox
|
|-weather|Sandstorm|[upkeep]
|-damage|p2a: Aerodactyl|95/100 tox|[from] psn
|-heal|p1a: Jirachi|84/100|[from] item: Leftovers
|upkeep
|turn|73
|c|☆Big Chungus irl|incredible
|c|☆tanao|sorry to make you pp stall but admittedly this is really funny
|c|☆Big Chungus irl|yeah no it is funny
|inactive|Big Chungus irl has 270 seconds left.
|c|☆Big Chungus irl|I deserve to suffer a bit after haxxing you like that
|
|t:|1727871990
|move|p2a: Aerodactyl|Struggle|p1a: Jirachi
|-damage|p1a: Jirachi|69/100
|-damage|p2a: Aerodactyl|90/100 tox|[from] Recoil|[of] p1a: Jirachi
|move|p1a: Jirachi|Wish|p1a: Jirachi
|
|-weather|Sandstorm|[upkeep]
|-damage|p2a: Aerodactyl|78/100 tox|[from] psn
|-heal|p1a: Jirachi|75/100|[from] item: Leftovers
|upkeep
|turn|74
|c|☆tanao|i'm surprised struggle did that much
|
|t:|1727872002
|move|p2a: Aerodactyl|Struggle|p1a: Jirachi
|-crit|p1a: Jirachi
|-damage|p1a: Jirachi|49/100
|-damage|p2a: Aerodactyl|69/100 tox|[from] Recoil|[of] p1a: Jirachi
|move|p1a: Jirachi|Fire Punch|p2a: Aerodactyl
|-resisted|p2a: Aerodactyl
|-crit|p2a: Aerodactyl
|-damage|p2a: Aerodactyl|48/100 tox
|
|-heal|p1a: Jirachi|99/100|[from] move: Wish|[wisher] Jirachi
|-weather|Sandstorm|[upkeep]
|-damage|p2a: Aerodactyl|30/100 tox|[from] psn
|-heal|p1a: Jirachi|100/100|[from] item: Leftovers
|upkeep
|turn|75
|c|☆tanao|jesus lmao
|c|☆Big Chungus irl|it's typeless and you still get the CB boost
|c|☆tanao|crit struggle
|c|☆tanao|lfg
|inactive|Big Chungus irl has 270 seconds left.
|c|☆Big Chungus irl|so it is actually as powerful as rock slide
|c|☆Big Chungus irl|against a resist
|
|t:|1727872041
|move|p2a: Aerodactyl|Struggle|p1a: Jirachi
|-damage|p1a: Jirachi|86/100
|-damage|p2a: Aerodactyl|25/100 tox|[from] Recoil|[of] p1a: Jirachi
|move|p1a: Jirachi|Fire Punch|p2a: Aerodactyl
|-resisted|p2a: Aerodactyl
|-damage|p2a: Aerodactyl|13/100 tox
|
|-weather|Sandstorm|[upkeep]
|-damage|p2a: Aerodactyl|0 fnt|[from] psn
|faint|p2a: Aerodactyl
|
|win|Big Chungus irl
|upkeep
|c|☆Big Chungus irl|gg

</script>
<script type="application/json" class="data" id="replaydata-smogtours-gen3ou-793923">
{"id":"smogtours-gen3ou-793923","format":"[Gen 3] OU","players":["Big Chungus irl","tanao"],"uploadtime":1727872041,"views":112,"formatid":"gen3ou","rating":null,"private":0,"password":null}
</script>

<script defer src="js/replays.js?9d40a366"></script>
