<!DOCTYPE html>
<meta charset="utf-8" />
<meta name="viewport" content="width=device-width" />

<title>[Gen 3] OU: The_App15 vs. solar&#039;s power - Replays - Pok&eacute;mon Showdown!</title>

<meta name="description" content="Watch a replay of a Pok&eacute;mon battle between The_App15 and solar&#039;s power! Format: [Gen 3] OU; Date: Oct 8, 2024" />
<!--

Hey, you! Looking in the source for the replay log?

You can find them in JSON format, just add `.json` at the end of a replay URL.

https://replay.pokemonshowdown.com/gen7randomdoublesbattle-865046831.json

Or, if you only need the log itself, add `.log` instead:

https://replay.pokemonshowdown.com/gen7randomdoublesbattle-865046831.log

-->

<link rel="stylesheet" href="//pokemonshowdown.com/style/global.css?0.767286132409787" />
<link rel="stylesheet" href="//play.pokemonshowdown.com/style/font-awesome.css?0.9266228007934947" />
<link rel="stylesheet" href="//play.pokemonshowdown.com/style/battle.css?0.7924700842790926" />
<link rel="stylesheet" href="//play.pokemonshowdown.com/style/utilichart.css?0.8777417872839479" />

<!-- Global site tag (gtag.js) - Google Analytics -->
<script async src="https://www.googletagmanager.com/gtag/js?id=UA-26211653-1"></script>
<script>
  window.dataLayer = window.dataLayer || [];
  function gtag(){dataLayer.push(arguments);}
  gtag('js', new Date());

  gtag('config', 'UA-26211653-1');
</script>
<!-- End Google Analytics -->
<!-- Venatus Ad Manager - Install in <HEAD> of page -->
	<script src="https://hb.vntsm.com/v3/live/ad-manager.min.js" type="text/javascript" data-site-id="642aba63ec9a7b11c3c9c1be" data-mode="scan" async></script>
<!-- / Venatus Ad Manager -->

<style>
	@media (max-width:820px) {
		.battle {
			margin: 0 auto;
		}
		.battle-log {
			margin: 7px auto 0;
			max-width: 640px;
			height: 300px;
			position: static;
		}
	}
	.optgroup {
		display: inline-block;
		line-height: 22px;
		font-size: 10pt;
	}
	.optgroup .button {
		height: 25px;
		padding-top: 0;
		padding-bottom: 0;
	}
	.optgroup button.button {
		padding-left: 12px;
		padding-right: 12px;
	}
	.linklist {
		list-style: none;
		margin: 0.5em 0;
		padding: 0;
	}
	.linklist li {
		padding: 2px 0;
	}
	.sidebar {
		float: left;
		width: 320px;
	}
	.bar-wrapper {
		max-width: 1100px;
		margin: 0 auto;
	}
	.bar-wrapper.has-sidebar {
		max-width: 1430px;
	}
	.mainbar {
		margin: 0;
		padding-right: 1px;
	}
	.mainbar.has-sidebar {
		margin-left: 330px;
	}
	@media (min-width: 1511px) {
		.sidebar {
			width: 400px;
		}
		.bar-wrapper.has-sidebar {
			max-width: 1510px;
		}
		.mainbar.has-sidebar {
			margin-left: 410px;
		}
	}
	.section.first-section {
		margin-top: 9px;
	}
	.blocklink small {
		white-space: normal;
	}
	.button {
		vertical-align: middle;
	}
	.replay-controls {
		padding-top: 10px;
	}
	.replay-controls h1 {
		font-size: 16pt;
		font-weight: normal;
		color: #CCC;
	}
	.pagelink {
		text-align: center;
	}
	.pagelink a {
		width: 150px;
	}
	.textbox, .button {
		font-size: 11pt;
		vertical-align: middle;
	}
	@media (max-width: 450px) {
		.button {
			font-size: 9pt;
		}
	}
</style>

<div>

	<header>
		<div class="nav-wrapper"><ul class="nav">
			<li><a class="button nav-first" href="//pokemonshowdown.com/"><img src="//pokemonshowdown.com/images/pokemonshowdownbeta.png" srcset="//pokemonshowdown.com/images/pokemonshowdownbeta.png 1x, //pokemonshowdown.com/images/pokemonshowdownbeta@2x.png 2x" alt="Pok&eacute;mon Showdown" width="146" height="44" /> Home</a></li>
			<li><a class="button" href="//pokemonshowdown.com/dex/">Pok&eacute;dex</a></li>
			<li><a class="button cur" href="/">Replays</a></li>
			<li><a class="button" href="//pokemonshowdown.com/ladder/">Ladder</a></li>
			<li><a class="button nav-last" href="//pokemonshowdown.com/forums/">Forum</a></li>
			<li><a class="button greenbutton nav-first nav-last" href="//play.pokemonshowdown.com/">Play</a></li>
		</ul></div>
	</header>

	<div class="main" id="main">

		<noscript><section class="section">You need to enable JavaScript to use this page; sorry!</section></noscript>

	</div>

</div>

<script defer nomodule src="//play.pokemonshowdown.com/js/lib/ps-polyfill.js"></script>
<script defer src="//play.pokemonshowdown.com/js/lib/preact.min.js"></script>

<script defer src="//play.pokemonshowdown.com/config/config.js?6dec07f6"></script>
<script defer src="//play.pokemonshowdown.com/js/lib/jquery-1.11.0.min.js"></script>
<script defer src="//play.pokemonshowdown.com/js/lib/html-sanitizer-minified.js"></script>
<script defer src="//play.pokemonshowdown.com/js/battle-sound.js"></script>
<script defer src="//play.pokemonshowdown.com/js/battledata.js?0.6315294753075389"></script>
<script defer src="//play.pokemonshowdown.com/data/pokedex-mini.js?0.7603743185311358"></script>
<script defer src="//play.pokemonshowdown.com/data/pokedex-mini-bw.js?0.030888842834281283"></script>
<script defer src="//play.pokemonshowdown.com/data/graphics.js?0.05593094747507488"></script>
<script defer src="//play.pokemonshowdown.com/data/pokedex.js?0.47064822249611904"></script>
<script defer src="//play.pokemonshowdown.com/data/moves.js?0.8583693120512459"></script>
<script defer src="//play.pokemonshowdown.com/data/abilities.js?0.16017181182386842"></script>
<script defer src="//play.pokemonshowdown.com/data/items.js?0.4163379185673943"></script>
<script defer src="//play.pokemonshowdown.com/data/teambuilder-tables.js?0.31075597372830477"></script>
<script defer src="//play.pokemonshowdown.com/js/battle-tooltips.js?0.6536193500708172"></script>
<script defer src="//play.pokemonshowdown.com/js/battle.js?0.1916591943277901"></script>

<script defer src="js/utils.js?e31f9a17"></script>
<script defer src="js/replays-battle.js?7008c182"></script>

<!-- don't scrape this data! just add .json or .log after the URL!
Full API docs: https://github.com/smogon/pokemon-showdown-client/blob/master/WEB-API.md -->
<script type="text/plain" class="log" id="replaylog-smogtours-gen3ou-796293">
|inactive|Battle timer is ON: inactive players will automatically lose when time's up.
|t:|1728346613
|gametype|singles
|player|p1|The_App15|ethan|
|player|p2|solar's power|tabitha-gen3|
|teamsize|p1|6
|teamsize|p2|6
|gen|3
|tier|[Gen 3] OU
|rule|Sleep Clause Mod: Limit one foe put to sleep
|rule|Switch Priority Clause Mod: Faster Pokémon switch first
|rule|Species Clause: Limit one of each Pokémon
|rule|OHKO Clause: OHKO moves are banned
|rule|Evasion Items Clause: Evasion items are banned
|rule|Evasion Moves Clause: Evasion moves are banned
|rule|Endless Battle Clause: Forcing endless battles is banned
|rule|HP Percentage Mod: HP is shown in percentages
|rule|One Boost Passer Clause: Limit one Baton Passer that has a way to boost its stats
|rule|Freeze Clause Mod: Limit one foe frozen
|
|t:|1728346613
|start
|switch|p1a: Salamence|Salamence, F|100/100
|switch|p2a: Zapdos|Zapdos|100/100
|-ability|p1a: Salamence|Intimidate|boost
|-unboost|p2a: Zapdos|atk|1
|turn|1
|c|☆solar's power|gl hf
|c|☆The_App15|glhf
|
|t:|1728346628
|switch|p1a: Blissey|Blissey, F|100/100
|switch|p2a: Suicune|Suicune|100/100
|
|upkeep
|turn|2
|
|t:|1728346634
|switch|p2a: Forretress|Forretress, F|100/100
|move|p1a: Blissey|Sing|p2a: Forretress|[miss]
|-miss|p1a: Blissey|p2a: Forretress
|
|upkeep
|turn|3
|
|t:|1728346646
|move|p1a: Blissey|Thunderbolt|p2a: Forretress
|-damage|p2a: Forretress|77/100
|move|p2a: Forretress|Spikes|p1a: Blissey
|-sidestart|p1: The_App15|Spikes
|
|-heal|p2a: Forretress|84/100|[from] item: Leftovers
|upkeep
|turn|4
|
|t:|1728346649
|switch|p2a: Snorlax|Snorlax, F|100/100
|move|p1a: Blissey|Sing|p2a: Snorlax|[miss]
|-miss|p1a: Blissey|p2a: Snorlax
|
|upkeep
|turn|5
|
|t:|1728346663
|switch|p1a: Skarmory|Skarmory, M|100/100
|move|p2a: Snorlax|Curse|p2a: Snorlax
|-unboost|p2a: Snorlax|spe|1
|-boost|p2a: Snorlax|atk|1
|-boost|p2a: Snorlax|def|1
|
|upkeep
|turn|6
|
|t:|1728346667
|move|p1a: Skarmory|Protect|p1a: Skarmory
|-singleturn|p1a: Skarmory|Protect
|move|p2a: Snorlax|Self-Destruct|p1a: Skarmory
|-activate|p1a: Skarmory|Protect
|faint|p2a: Snorlax
|
|t:|1728346669
|switch|p2a: Zapdos|Zapdos|100/100
|
|upkeep
|turn|7
|
|t:|1728346675
|switch|p1a: Blissey|Blissey, F|100/100
|-damage|p1a: Blissey|88/100|[from] Spikes
|move|p2a: Zapdos|Drill Peck|p1a: Blissey
|-damage|p1a: Blissey|35/100
|
|-heal|p1a: Blissey|41/100|[from] item: Leftovers
|upkeep
|turn|8
|inactive|The_App15 has 270 seconds left.
|inactive|The_App15 has 240 seconds left.
|
|t:|1728346747
|switch|p2a: Forretress|Forretress, F|84/100
|switch|p1a: Skarmory|Skarmory, M|100/100
|
|-heal|p2a: Forretress|90/100|[from] item: Leftovers
|upkeep
|turn|9
|
|t:|1728346752
|move|p1a: Skarmory|Spikes|p2a: Forretress
|-sidestart|p2: solar's power|Spikes
|move|p2a: Forretress|Spikes|p1a: Skarmory
|-sidestart|p1: The_App15|Spikes
|
|-heal|p2a: Forretress|96/100|[from] item: Leftovers
|upkeep
|turn|10
|
|t:|1728346756
|switch|p1a: Claydol|Claydol|100/100
|move|p2a: Forretress|Rapid Spin|p1a: Claydol
|-crit|p1a: Claydol
|-damage|p1a: Claydol|92/100
|-sideend|p2: solar's power|Spikes|[from] move: Rapid Spin|[of] p2a: Forretress
|
|-heal|p1a: Claydol|98/100|[from] item: Leftovers
|-heal|p2a: Forretress|100/100|[from] item: Leftovers
|upkeep
|turn|11
|
|t:|1728346767
|move|p1a: Claydol|Rapid Spin|p2a: Forretress
|-resisted|p2a: Forretress
|-damage|p2a: Forretress|99/100
|-sideend|p1: The_App15|Spikes|[from] move: Rapid Spin|[of] p1a: Claydol
|move|p2a: Forretress|Hidden Power|p1a: Claydol
|-supereffective|p1a: Claydol
|-damage|p1a: Claydol|65/100
|
|-heal|p1a: Claydol|71/100|[from] item: Leftovers
|-heal|p2a: Forretress|100/100|[from] item: Leftovers
|upkeep
|turn|12
|
|t:|1728346788
|switch|p1a: Metagross|Metagross|100/100
|move|p2a: Forretress|Spikes|p1a: Metagross
|-sidestart|p1: The_App15|Spikes
|
|upkeep
|turn|13
|
|t:|1728346795
|switch|p2a: Suicune|Suicune|100/100
|move|p1a: Metagross|Meteor Mash|p2a: Suicune
|-resisted|p2a: Suicune
|-damage|p2a: Suicune|85/100
|
|-heal|p2a: Suicune|92/100|[from] item: Leftovers
|upkeep
|turn|14
|
|t:|1728346805
|switch|p2a: Forretress|Forretress, F|100/100
|switch|p1a: Blissey|Blissey, F|41/100
|-damage|p1a: Blissey|29/100|[from] Spikes
|
|-heal|p1a: Blissey|35/100|[from] item: Leftovers
|upkeep
|turn|15
|
|t:|1728346817
|switch|p2a: Zapdos|Zapdos|100/100
|move|p1a: Blissey|Soft-Boiled|p1a: Blissey
|-heal|p1a: Blissey|85/100
|
|-heal|p1a: Blissey|91/100|[from] item: Leftovers
|upkeep
|turn|16
|
|t:|1728346823
|switch|p1a: Skarmory|Skarmory, M|100/100
|move|p2a: Zapdos|Thunder Wave|p1a: Skarmory
|-status|p1a: Skarmory|par
|
|upkeep
|turn|17
|
|t:|1728346832
|switch|p2a: Forretress|Forretress, F|100/100
|switch|p1a: Salamence|Salamence, F|100/100
|-ability|p1a: Salamence|Intimidate|boost
|-unboost|p2a: Forretress|atk|1
|
|upkeep
|turn|18
|
|t:|1728346835
|switch|p2a: Suicune|Suicune|92/100
|move|p1a: Salamence|Fire Blast|p2a: Suicune
|-resisted|p2a: Suicune
|-damage|p2a: Suicune|77/100
|
|-heal|p2a: Suicune|83/100|[from] item: Leftovers
|upkeep
|turn|19
|
|t:|1728346839
|switch|p1a: Blissey|Blissey, F|91/100
|-damage|p1a: Blissey|79/100|[from] Spikes
|move|p2a: Suicune|Ice Beam|p1a: Blissey
|-damage|p1a: Blissey|71/100
|
|-heal|p2a: Suicune|89/100|[from] item: Leftovers
|-heal|p1a: Blissey|77/100|[from] item: Leftovers
|upkeep
|turn|20
|
|t:|1728346848
|switch|p2a: Forretress|Forretress, F|100/100
|move|p1a: Blissey|Sing|p2a: Forretress|[miss]
|-miss|p1a: Blissey|p2a: Forretress
|
|-heal|p1a: Blissey|83/100|[from] item: Leftovers
|upkeep
|turn|21
|
|t:|1728346853
|move|p1a: Blissey|Sing|p2a: Forretress
|-status|p2a: Forretress|slp|[from] move: Sing
|cant|p2a: Forretress|slp
|
|-heal|p1a: Blissey|90/100|[from] item: Leftovers
|upkeep
|turn|22
|
|t:|1728346860
|switch|p1a: Salamence|Salamence, F|100/100
|-ability|p1a: Salamence|Intimidate|boost
|-unboost|p2a: Forretress|atk|1
|cant|p2a: Forretress|slp
|
|upkeep
|turn|23
|
|t:|1728346863
|switch|p2a: Suicune|Suicune|89/100
|move|p1a: Salamence|Hidden Power|p2a: Suicune
|-supereffective|p2a: Suicune
|-damage|p2a: Suicune|51/100
|
|-heal|p2a: Suicune|58/100|[from] item: Leftovers
|upkeep
|turn|24
|
|t:|1728346870
|switch|p1a: Blissey|Blissey, F|90/100
|-damage|p1a: Blissey|77/100|[from] Spikes
|move|p2a: Suicune|Calm Mind|p2a: Suicune
|-boost|p2a: Suicune|spa|1
|-boost|p2a: Suicune|spd|1
|
|-heal|p2a: Suicune|64/100|[from] item: Leftovers
|-heal|p1a: Blissey|83/100|[from] item: Leftovers
|upkeep
|turn|25
|
|t:|1728346875
|move|p2a: Suicune|Rest|p2a: Suicune
|-status|p2a: Suicune|slp|[from] move: Rest
|-heal|p2a: Suicune|100/100 slp|[silent]
|move|p1a: Blissey|Thunderbolt|p2a: Suicune
|-supereffective|p2a: Suicune
|-crit|p2a: Suicune
|-damage|p2a: Suicune|23/100 slp
|
|-heal|p2a: Suicune|29/100 slp|[from] item: Leftovers
|-heal|p1a: Blissey|89/100|[from] item: Leftovers
|upkeep
|turn|26
|
|t:|1728346877
|cant|p2a: Suicune|slp
|move|p1a: Blissey|Thunderbolt|p2a: Suicune
|-supereffective|p2a: Suicune
|-damage|p2a: Suicune|5/100 slp
|
|-heal|p2a: Suicune|11/100 slp|[from] item: Leftovers
|-heal|p1a: Blissey|96/100|[from] item: Leftovers
|upkeep
|turn|27
|
|t:|1728346880
|cant|p2a: Suicune|slp
|move|p1a: Blissey|Thunderbolt|p2a: Suicune
|-supereffective|p2a: Suicune
|-damage|p2a: Suicune|0 fnt
|faint|p2a: Suicune
|
|t:|1728346885
|switch|p2a: Heracross|Heracross, M|100/100
|
|-heal|p1a: Blissey|100/100|[from] item: Leftovers
|upkeep
|turn|28
|
|t:|1728346894
|switch|p1a: Skarmory|Skarmory, M|100/100 par
|move|p2a: Heracross|Swords Dance|p2a: Heracross
|-boost|p2a: Heracross|atk|2
|
|upkeep
|turn|29
|
|t:|1728346897
|move|p2a: Heracross|Swords Dance|p2a: Heracross
|-boost|p2a: Heracross|atk|2
|move|p1a: Skarmory|Roar|p2a: Heracross
|drag|p2a: Zapdos|Zapdos|100/100
|
|upkeep
|turn|30
|
|t:|1728346900
|move|p1a: Skarmory|Protect|p1a: Skarmory
|-singleturn|p1a: Skarmory|Protect
|move|p2a: Zapdos|Thunderbolt|p1a: Skarmory
|-activate|p1a: Skarmory|Protect
|
|upkeep
|turn|31
|
|t:|1728346905
|switch|p2a: Forretress|Forretress, F|100/100 slp
|switch|p1a: Claydol|Claydol|71/100
|
|-heal|p1a: Claydol|78/100|[from] item: Leftovers
|upkeep
|turn|32
|
|t:|1728346908
|move|p1a: Claydol|Rapid Spin|p2a: Forretress
|-resisted|p2a: Forretress
|-damage|p2a: Forretress|99/100 slp
|-sideend|p1: The_App15|Spikes|[from] move: Rapid Spin|[of] p1a: Claydol
|-curestatus|p2a: Forretress|slp|[msg]
|move|p2a: Forretress|Hidden Power|p1a: Claydol
|-supereffective|p1a: Claydol
|-damage|p1a: Claydol|46/100
|
|-heal|p1a: Claydol|52/100|[from] item: Leftovers
|-heal|p2a: Forretress|100/100|[from] item: Leftovers
|upkeep
|turn|33
|
|t:|1728346921
|switch|p1a: Salamence|Salamence, F|100/100
|-ability|p1a: Salamence|Intimidate|boost
|-unboost|p2a: Forretress|atk|1
|move|p2a: Forretress|Spikes|p1a: Salamence
|-sidestart|p1: The_App15|Spikes
|
|upkeep
|turn|34
|
|t:|1728346926
|switch|p2a: Kingdra|Kingdra, M|100/100
|move|p1a: Salamence|Fire Blast|p2a: Kingdra
|-resisted|p2a: Kingdra
|-damage|p2a: Kingdra|90/100
|
|upkeep
|turn|35
|
|t:|1728346931
|move|p1a: Salamence|Dragon Claw|p2a: Kingdra
|-supereffective|p2a: Kingdra
|-damage|p2a: Kingdra|0 fnt
|faint|p2a: Kingdra
|
|t:|1728346934
|switch|p2a: Zapdos|Zapdos|100/100
|
|upkeep
|turn|36
|
|t:|1728346946
|switch|p1a: Blissey|Blissey, F|100/100
|-damage|p1a: Blissey|88/100|[from] Spikes
|move|p2a: Zapdos|Drill Peck|p1a: Blissey
|-damage|p1a: Blissey|31/100
|
|-heal|p1a: Blissey|37/100|[from] item: Leftovers
|upkeep
|turn|37
|
|t:|1728346961
|switch|p1a: Metagross|Metagross|100/100
|-damage|p1a: Metagross|88/100|[from] Spikes
|move|p2a: Zapdos|Drill Peck|p1a: Metagross
|-resisted|p1a: Metagross
|-damage|p1a: Metagross|71/100
|
|-heal|p1a: Metagross|77/100|[from] item: Leftovers
|upkeep
|turn|38
|
|t:|1728346965
|switch|p2a: Forretress|Forretress, F|100/100
|move|p1a: Metagross|Meteor Mash|p2a: Forretress
|-resisted|p2a: Forretress
|-crit|p2a: Forretress
|-damage|p2a: Forretress|61/100
|
|-heal|p1a: Metagross|83/100|[from] item: Leftovers
|-heal|p2a: Forretress|67/100|[from] item: Leftovers
|upkeep
|turn|39
|
|t:|1728346973
|move|p1a: Metagross|Meteor Mash|p2a: Forretress
|-resisted|p2a: Forretress
|-damage|p2a: Forretress|48/100
|move|p2a: Forretress|Explosion|p1a: Metagross
|-resisted|p1a: Metagross
|-damage|p1a: Metagross|46/100
|faint|p2a: Forretress
|
|t:|1728346976
|switch|p2a: Zapdos|Zapdos|100/100
|
|-heal|p1a: Metagross|52/100|[from] item: Leftovers
|upkeep
|turn|40
|
|t:|1728346980
|move|p1a: Metagross|Protect|p1a: Metagross
|-singleturn|p1a: Metagross|Protect
|move|p2a: Zapdos|Thunderbolt|p1a: Metagross
|-activate|p1a: Metagross|Protect
|
|-heal|p1a: Metagross|58/100|[from] item: Leftovers
|upkeep
|turn|41
|
|t:|1728347008
|switch|p2a: Heracross|Heracross, M|100/100
|move|p1a: Metagross|Explosion|p2a: Heracross
|-damage|p2a: Heracross|0 fnt
|faint|p1a: Metagross
|faint|p2a: Heracross
|
|t:|1728347011
|switch|p2a: Zapdos|Zapdos|100/100
|switch|p1a: Tyranitar|Tyranitar, M|100/100
|-damage|p1a: Tyranitar|88/100|[from] Spikes
|-weather|Sandstorm|[from] ability: Sand Stream|[of] p1a: Tyranitar
|
|-weather|Sandstorm|[upkeep]
|-damage|p2a: Zapdos|94/100|[from] Sandstorm
|-heal|p1a: Tyranitar|94/100|[from] item: Leftovers
|upkeep
|turn|42
|
|t:|1728347014
|move|p2a: Zapdos|Hidden Power|p1a: Tyranitar
|-supereffective|p1a: Tyranitar
|-damage|p1a: Tyranitar|0 fnt
|faint|p1a: Tyranitar
|
|t:|1728347024
|switch|p1a: Claydol|Claydol|52/100
|
|-weather|Sandstorm|[upkeep]
|-damage|p2a: Zapdos|88/100|[from] Sandstorm
|-heal|p1a: Claydol|58/100|[from] item: Leftovers
|upkeep
|turn|43
|
|t:|1728347026
|move|p2a: Zapdos|Hidden Power|p1a: Claydol
|-resisted|p1a: Claydol
|-damage|p1a: Claydol|42/100
|move|p1a: Claydol|Explosion|p2a: Zapdos
|-damage|p2a: Zapdos|0 fnt
|faint|p1a: Claydol
|faint|p2a: Zapdos
|
|win|The_App15
|c|☆solar's power|gg
|c|☆The_App15|gg

</script>
<script type="application/json" class="data" id="replaydata-smogtours-gen3ou-796293">
{"id":"smogtours-gen3ou-796293","format":"[Gen 3] OU","players":["The_App15","solar's power"],"uploadtime":1728347026,"views":87,"formatid":"gen3ou","rating":null,"private":0,"password":null}
</script>

<script defer src="js/replays.js?9d40a366"></script>
