<!DOCTYPE html>
<meta charset="utf-8" />
<meta name="viewport" content="width=device-width" />

<title>[Gen 3] OU: xgermx vs. Calm Stiege - Replays - Pok&eacute;mon Showdown!</title>

<meta name="description" content="Watch a replay of a Pok&eacute;mon battle between xgermx and Calm Stiege! Format: [Gen 3] OU; Date: Oct 14, 2024" />
<!--

Hey, you! Looking in the source for the replay log?

You can find them in JSON format, just add `.json` at the end of a replay URL.

https://replay.pokemonshowdown.com/gen7randomdoublesbattle-865046831.json

Or, if you only need the log itself, add `.log` instead:

https://replay.pokemonshowdown.com/gen7randomdoublesbattle-865046831.log

-->

<link rel="stylesheet" href="//pokemonshowdown.com/style/global.css?0.767286132409787" />
<link rel="stylesheet" href="//play.pokemonshowdown.com/style/font-awesome.css?0.9266228007934947" />
<link rel="stylesheet" href="//play.pokemonshowdown.com/style/battle.css?0.7924700842790926" />
<link rel="stylesheet" href="//play.pokemonshowdown.com/style/utilichart.css?0.8777417872839479" />

<!-- Global site tag (gtag.js) - Google Analytics -->
<script async src="https://www.googletagmanager.com/gtag/js?id=UA-26211653-1"></script>
<script>
  window.dataLayer = window.dataLayer || [];
  function gtag(){dataLayer.push(arguments);}
  gtag('js', new Date());

  gtag('config', 'UA-26211653-1');
</script>
<!-- End Google Analytics -->
<!-- Venatus Ad Manager - Install in <HEAD> of page -->
	<script src="https://hb.vntsm.com/v3/live/ad-manager.min.js" type="text/javascript" data-site-id="642aba63ec9a7b11c3c9c1be" data-mode="scan" async></script>
<!-- / Venatus Ad Manager -->

<style>
	@media (max-width:820px) {
		.battle {
			margin: 0 auto;
		}
		.battle-log {
			margin: 7px auto 0;
			max-width: 640px;
			height: 300px;
			position: static;
		}
	}
	.optgroup {
		display: inline-block;
		line-height: 22px;
		font-size: 10pt;
	}
	.optgroup .button {
		height: 25px;
		padding-top: 0;
		padding-bottom: 0;
	}
	.optgroup button.button {
		padding-left: 12px;
		padding-right: 12px;
	}
	.linklist {
		list-style: none;
		margin: 0.5em 0;
		padding: 0;
	}
	.linklist li {
		padding: 2px 0;
	}
	.sidebar {
		float: left;
		width: 320px;
	}
	.bar-wrapper {
		max-width: 1100px;
		margin: 0 auto;
	}
	.bar-wrapper.has-sidebar {
		max-width: 1430px;
	}
	.mainbar {
		margin: 0;
		padding-right: 1px;
	}
	.mainbar.has-sidebar {
		margin-left: 330px;
	}
	@media (min-width: 1511px) {
		.sidebar {
			width: 400px;
		}
		.bar-wrapper.has-sidebar {
			max-width: 1510px;
		}
		.mainbar.has-sidebar {
			margin-left: 410px;
		}
	}
	.section.first-section {
		margin-top: 9px;
	}
	.blocklink small {
		white-space: normal;
	}
	.button {
		vertical-align: middle;
	}
	.replay-controls {
		padding-top: 10px;
	}
	.replay-controls h1 {
		font-size: 16pt;
		font-weight: normal;
		color: #CCC;
	}
	.pagelink {
		text-align: center;
	}
	.pagelink a {
		width: 150px;
	}
	.textbox, .button {
		font-size: 11pt;
		vertical-align: middle;
	}
	@media (max-width: 450px) {
		.button {
			font-size: 9pt;
		}
	}
</style>

<div>

	<header>
		<div class="nav-wrapper"><ul class="nav">
			<li><a class="button nav-first" href="//pokemonshowdown.com/"><img src="//pokemonshowdown.com/images/pokemonshowdownbeta.png" srcset="//pokemonshowdown.com/images/pokemonshowdownbeta.png 1x, //pokemonshowdown.com/images/pokemonshowdownbeta@2x.png 2x" alt="Pok&eacute;mon Showdown" width="146" height="44" /> Home</a></li>
			<li><a class="button" href="//pokemonshowdown.com/dex/">Pok&eacute;dex</a></li>
			<li><a class="button cur" href="/">Replays</a></li>
			<li><a class="button" href="//pokemonshowdown.com/ladder/">Ladder</a></li>
			<li><a class="button nav-last" href="//pokemonshowdown.com/forums/">Forum</a></li>
			<li><a class="button greenbutton nav-first nav-last" href="//play.pokemonshowdown.com/">Play</a></li>
		</ul></div>
	</header>

	<div class="main" id="main">

		<noscript><section class="section">You need to enable JavaScript to use this page; sorry!</section></noscript>

	</div>

</div>

<script defer nomodule src="//play.pokemonshowdown.com/js/lib/ps-polyfill.js"></script>
<script defer src="//play.pokemonshowdown.com/js/lib/preact.min.js"></script>

<script defer src="//play.pokemonshowdown.com/config/config.js?6dec07f6"></script>
<script defer src="//play.pokemonshowdown.com/js/lib/jquery-1.11.0.min.js"></script>
<script defer src="//play.pokemonshowdown.com/js/lib/html-sanitizer-minified.js"></script>
<script defer src="//play.pokemonshowdown.com/js/battle-sound.js"></script>
<script defer src="//play.pokemonshowdown.com/js/battledata.js?0.6315294753075389"></script>
<script defer src="//play.pokemonshowdown.com/data/pokedex-mini.js?0.7603743185311358"></script>
<script defer src="//play.pokemonshowdown.com/data/pokedex-mini-bw.js?0.030888842834281283"></script>
<script defer src="//play.pokemonshowdown.com/data/graphics.js?0.05593094747507488"></script>
<script defer src="//play.pokemonshowdown.com/data/pokedex.js?0.47064822249611904"></script>
<script defer src="//play.pokemonshowdown.com/data/moves.js?0.8583693120512459"></script>
<script defer src="//play.pokemonshowdown.com/data/abilities.js?0.16017181182386842"></script>
<script defer src="//play.pokemonshowdown.com/data/items.js?0.4163379185673943"></script>
<script defer src="//play.pokemonshowdown.com/data/teambuilder-tables.js?0.31075597372830477"></script>
<script defer src="//play.pokemonshowdown.com/js/battle-tooltips.js?0.6536193500708172"></script>
<script defer src="//play.pokemonshowdown.com/js/battle.js?0.1916591943277901"></script>

<script defer src="js/utils.js?e31f9a17"></script>
<script defer src="js/replays-battle.js?7008c182"></script>

<!-- don't scrape this data! just add .json or .log after the URL!
Full API docs: https://github.com/smogon/pokemon-showdown-client/blob/master/WEB-API.md -->
<script type="text/plain" class="log" id="replaylog-smogtours-gen3ou-798706">
|inactive|Battle timer is ON: inactive players will automatically lose when time's up.
|t:|1728932659
|gametype|singles
|player|p1|xgermx|swimmerf-gen4dp|
|player|p2|Calm Stiege|101|
|teamsize|p1|6
|teamsize|p2|6
|gen|3
|tier|[Gen 3] OU
|rule|Sleep Clause Mod: Limit one foe put to sleep
|rule|Switch Priority Clause Mod: Faster Pokémon switch first
|rule|Species Clause: Limit one of each Pokémon
|rule|OHKO Clause: OHKO moves are banned
|rule|Evasion Items Clause: Evasion items are banned
|rule|Evasion Moves Clause: Evasion moves are banned
|rule|Endless Battle Clause: Forcing endless battles is banned
|rule|HP Percentage Mod: HP is shown in percentages
|rule|One Boost Passer Clause: Limit one Baton Passer that has a way to boost its stats
|rule|Freeze Clause Mod: Limit one foe frozen
|
|t:|1728932659
|start
|switch|p1a: Suicune|Suicune|100/100
|switch|p2a: Milotic|Milotic, M|100/100
|turn|1
|c|☆xgermx|glhf
|c|☆Calm Stiege|hfgl
|inactive|xgermx has 270 seconds left.
|
|t:|1728932700
|move|p1a: Suicune|Toxic|p2a: Milotic
|-status|p2a: Milotic|tox
|move|p2a: Milotic|Hypnosis|p1a: Suicune
|-status|p1a: Suicune|slp|[from] move: Hypnosis
|
|-damage|p2a: Milotic|94/100 tox|[from] psn
|upkeep
|turn|2
|
|t:|1728932730
|switch|p1a: Forretress|Forretress, F|100/100
|switch|p2a: Celebi|Celebi|100/100
|
|upkeep
|turn|3
|
|t:|1728932751
|move|p2a: Celebi|Hidden Power|p1a: Forretress
|-supereffective|p1a: Forretress
|-damage|p1a: Forretress|18/100
|move|p1a: Forretress|Spikes|p2a: Celebi
|-sidestart|p2: Calm Stiege|Spikes
|
|-heal|p1a: Forretress|25/100|[from] item: Leftovers
|upkeep
|turn|4
|
|t:|1728932763
|switch|p1a: Moltres|Moltres|100/100
|move|p2a: Celebi|Leech Seed|p1a: Moltres
|-start|p1a: Moltres|move: Leech Seed
|
|-damage|p1a: Moltres|88/100|[from] Leech Seed|[of] p2a: Celebi
|upkeep
|turn|5
|
|t:|1728932773
|switch|p2a: Blissey|Blissey, F|100/100
|-damage|p2a: Blissey|88/100|[from] Spikes
|move|p1a: Moltres|Roar|p2a: Blissey
|drag|p2a: Miltank|Miltank, F|100/100
|-damage|p2a: Miltank|88/100|[from] Spikes
|
|-heal|p1a: Moltres|94/100|[from] item: Leftovers
|-damage|p1a: Moltres|82/100|[from] Leech Seed|[of] p2a: Miltank
|-heal|p2a: Miltank|98/100|[silent]
|-heal|p2a: Miltank|100/100|[from] item: Leftovers
|upkeep
|turn|6
|
|t:|1728932789
|switch|p1a: Blissey|Blissey, F|100/100
|move|p2a: Miltank|Thunder Wave|p1a: Blissey
|-status|p1a: Blissey|par
|
|upkeep
|turn|7
|
|t:|1728932798
|move|p2a: Miltank|Seismic Toss|p1a: Blissey
|-damage|p1a: Blissey|85/100 par
|move|p1a: Blissey|Aromatherapy|p1a: Blissey
|-cureteam|p1a: Blissey|[from] move: Aromatherapy
|
|-heal|p1a: Blissey|91/100|[from] item: Leftovers
|upkeep
|turn|8
|
|t:|1728932807
|move|p2a: Miltank|Thunder Wave|p1a: Blissey
|-status|p1a: Blissey|par
|move|p1a: Blissey|Ice Beam|p2a: Miltank
|-damage|p2a: Miltank|88/100
|
|-heal|p2a: Miltank|94/100|[from] item: Leftovers
|-heal|p1a: Blissey|97/100 par|[from] item: Leftovers
|upkeep
|turn|9
|inactive|xgermx has 270 seconds left.
|
|t:|1728932840
|move|p2a: Miltank|Seismic Toss|p1a: Blissey
|-damage|p1a: Blissey|82/100 par
|cant|p1a: Blissey|par
|
|-heal|p2a: Miltank|100/100|[from] item: Leftovers
|-heal|p1a: Blissey|88/100 par|[from] item: Leftovers
|upkeep
|turn|10
|inactive|xgermx has 270 seconds left.
|
|t:|1728932850
|move|p2a: Miltank|Heal Bell|p2a: Miltank
|-activate|p2a: Miltank|move: Heal Bell
|-curestatus|p2: Milotic|tox|[silent]
|cant|p1a: Blissey|par
|
|-heal|p1a: Blissey|94/100 par|[from] item: Leftovers
|upkeep
|turn|11
|inactive|xgermx has 270 seconds left.
|
|t:|1728932857
|switch|p2a: Claydol|Claydol|100/100
|move|p1a: Blissey|Aromatherapy|p1a: Blissey
|-cureteam|p1a: Blissey|[from] move: Aromatherapy
|
|-heal|p1a: Blissey|100/100|[from] item: Leftovers
|upkeep
|turn|12
|
|t:|1728932863
|move|p2a: Claydol|Rapid Spin|p1a: Blissey
|-damage|p1a: Blissey|96/100
|-sideend|p2: Calm Stiege|Spikes|[from] move: Rapid Spin|[of] p2a: Claydol
|move|p1a: Blissey|Ice Beam|p2a: Claydol
|-supereffective|p2a: Claydol
|-damage|p2a: Claydol|58/100
|
|-heal|p2a: Claydol|64/100|[from] item: Leftovers
|-heal|p1a: Blissey|100/100|[from] item: Leftovers
|upkeep
|turn|13
|inactive|xgermx has 270 seconds left.
|
|t:|1728932879
|switch|p2a: Celebi|Celebi|100/100
|switch|p1a: Forretress|Forretress, F|25/100
|
|-heal|p1a: Forretress|31/100|[from] item: Leftovers
|upkeep
|turn|14
|
|t:|1728932887
|switch|p1a: Moltres|Moltres|82/100
|move|p2a: Celebi|Hidden Power|p1a: Moltres
|-resisted|p1a: Moltres
|-damage|p1a: Moltres|69/100
|
|-heal|p1a: Moltres|75/100|[from] item: Leftovers
|upkeep
|turn|15
|
|t:|1728932898
|switch|p2a: Blissey|Blissey, F|88/100
|move|p1a: Moltres|Will-O-Wisp|p2a: Blissey
|-status|p2a: Blissey|brn
|
|-heal|p1a: Moltres|81/100|[from] item: Leftovers
|-heal|p2a: Blissey|94/100 brn|[from] item: Leftovers
|-damage|p2a: Blissey|82/100 brn|[from] brn
|upkeep
|turn|16
|inactive|xgermx has 270 seconds left.
|
|t:|1728932922
|switch|p1a: Dugtrio|Dugtrio, M|100/100
|move|p2a: Blissey|Calm Mind|p2a: Blissey
|-boost|p2a: Blissey|spa|1
|-boost|p2a: Blissey|spd|1
|
|-heal|p2a: Blissey|88/100 brn|[from] item: Leftovers
|-damage|p2a: Blissey|75/100 brn|[from] brn
|upkeep
|turn|17
|inactive|xgermx has 270 seconds left.
|
|t:|1728932930
|move|p1a: Dugtrio|Earthquake|p2a: Blissey
|-damage|p2a: Blissey|13/100 brn
|move|p2a: Blissey|Ice Beam|p1a: Dugtrio
|-supereffective|p1a: Dugtrio
|-damage|p1a: Dugtrio|0 fnt
|faint|p1a: Dugtrio
|inactive|xgermx has 270 seconds left.
|
|t:|1728932957
|switch|p1a: Jirachi|Jirachi|100/100
|
|-heal|p2a: Blissey|19/100 brn|[from] item: Leftovers
|-damage|p2a: Blissey|7/100 brn|[from] brn
|upkeep
|turn|18
|
|t:|1728932964
|-curestatus|p2a: Blissey|brn|[from] ability: Natural Cure
|switch|p2a: Celebi|Celebi|100/100
|move|p1a: Jirachi|Body Slam|p2a: Celebi
|-damage|p2a: Celebi|81/100
|-status|p2a: Celebi|par
|
|-heal|p2a: Celebi|87/100 par|[from] item: Leftovers
|upkeep
|turn|19
|
|t:|1728932975
|move|p1a: Jirachi|Wish|p1a: Jirachi
|cant|p2a: Celebi|par
|
|-heal|p2a: Celebi|93/100 par|[from] item: Leftovers
|upkeep
|turn|20
|
|t:|1728932980
|move|p1a: Jirachi|Fire Punch|p2a: Celebi
|-supereffective|p2a: Celebi
|-damage|p2a: Celebi|60/100 par
|move|p2a: Celebi|Hidden Power|p1a: Jirachi
|-supereffective|p1a: Jirachi
|-damage|p1a: Jirachi|72/100
|
|-heal|p1a: Jirachi|100/100|[from] move: Wish|[wisher] Jirachi
|-heal|p2a: Celebi|66/100 par|[from] item: Leftovers
|upkeep
|turn|21
|inactive|xgermx has 270 seconds left.
|
|t:|1728932989
|move|p1a: Jirachi|Fire Punch|p2a: Celebi
|-supereffective|p2a: Celebi
|-damage|p2a: Celebi|35/100 par
|move|p2a: Celebi|Leech Seed|p1a: Jirachi|[miss]
|-miss|p2a: Celebi|p1a: Jirachi
|
|-heal|p2a: Celebi|42/100 par|[from] item: Leftovers
|upkeep
|turn|22
|
|t:|1728932996
|-curestatus|p2a: Celebi|par|[from] ability: Natural Cure
|switch|p2a: Milotic|Milotic, M|94/100
|move|p1a: Jirachi|Fire Punch|p2a: Milotic
|-resisted|p2a: Milotic
|-damage|p2a: Milotic|88/100
|
|-heal|p2a: Milotic|94/100|[from] item: Leftovers
|upkeep
|turn|23
|
|t:|1728933008
|move|p1a: Jirachi|Wish|p1a: Jirachi
|move|p2a: Milotic|Hypnosis|p1a: Jirachi|[miss]
|-miss|p2a: Milotic|p1a: Jirachi
|
|-heal|p2a: Milotic|100/100|[from] item: Leftovers
|upkeep
|turn|24
|
|t:|1728933015
|switch|p1a: Forretress|Forretress, F|31/100
|move|p2a: Milotic|Hydro Pump|p1a: Forretress
|-damage|p1a: Forretress|0 fnt
|faint|p1a: Forretress
|
|t:|1728933028
|switch|p1a: Suicune|Suicune|100/100
|
|upkeep
|turn|25
|
|t:|1728933031
|move|p1a: Suicune|Toxic|p2a: Milotic
|-status|p2a: Milotic|tox
|move|p2a: Milotic|Hypnosis|p1a: Suicune|[miss]
|-miss|p2a: Milotic|p1a: Suicune
|
|-damage|p2a: Milotic|94/100 tox|[from] psn
|upkeep
|turn|26
|
|t:|1728933038
|move|p1a: Suicune|Calm Mind|p1a: Suicune
|-boost|p1a: Suicune|spa|1
|-boost|p1a: Suicune|spd|1
|move|p2a: Milotic|Hypnosis|p1a: Suicune|[miss]
|-miss|p2a: Milotic|p1a: Suicune
|
|-heal|p2a: Milotic|100/100 tox|[from] item: Leftovers
|-damage|p2a: Milotic|88/100 tox|[from] psn
|upkeep
|turn|27
|
|t:|1728933046
|move|p1a: Suicune|Calm Mind|p1a: Suicune
|-boost|p1a: Suicune|spa|1
|-boost|p1a: Suicune|spd|1
|move|p2a: Milotic|Hypnosis|p1a: Suicune|[miss]
|-miss|p2a: Milotic|p1a: Suicune
|
|-heal|p2a: Milotic|94/100 tox|[from] item: Leftovers
|-damage|p2a: Milotic|76/100 tox|[from] psn
|upkeep
|turn|28
|c|☆Calm Stiege|not like this :'(
|c|☆xgermx|really unlucky
|
|t:|1728933060
|move|p1a: Suicune|Calm Mind|p1a: Suicune
|-boost|p1a: Suicune|spa|1
|-boost|p1a: Suicune|spd|1
|move|p2a: Milotic|Hypnosis|p1a: Suicune|[miss]
|-miss|p2a: Milotic|p1a: Suicune
|
|-heal|p2a: Milotic|82/100 tox|[from] item: Leftovers
|-damage|p2a: Milotic|58/100 tox|[from] psn
|upkeep
|turn|29
|
|t:|1728933072
|move|p1a: Suicune|Surf|p2a: Milotic
|-resisted|p2a: Milotic
|-damage|p2a: Milotic|23/100 tox
|move|p2a: Milotic|Hypnosis|p1a: Suicune
|-status|p1a: Suicune|slp|[from] move: Hypnosis
|
|-heal|p2a: Milotic|29/100 tox|[from] item: Leftovers
|-damage|p2a: Milotic|0 fnt|[from] psn
|faint|p2a: Milotic
|upkeep
|
|t:|1728933079
|switch|p2a: Celebi|Celebi|42/100
|turn|30
|
|t:|1728933083
|move|p2a: Celebi|Leech Seed|p1a: Suicune
|-start|p1a: Suicune|move: Leech Seed
|cant|p1a: Suicune|slp
|
|-heal|p2a: Celebi|48/100|[from] item: Leftovers
|-damage|p1a: Suicune|88/100 slp|[from] Leech Seed|[of] p2a: Celebi
|-heal|p2a: Celebi|60/100|[silent]
|upkeep
|turn|31
|
|t:|1728933089
|switch|p2a: Blissey|Blissey, F|7/100
|-curestatus|p1a: Suicune|slp|[msg]
|move|p1a: Suicune|Ice Beam|p2a: Blissey
|-damage|p2a: Blissey|0 fnt
|faint|p2a: Blissey
|
|t:|1728933095
|switch|p2a: Miltank|Miltank, F|100/100
|
|-heal|p1a: Suicune|94/100|[from] item: Leftovers
|-damage|p1a: Suicune|82/100|[from] Leech Seed|[of] p2a: Miltank
|upkeep
|turn|32
|
|t:|1728933102
|move|p1a: Suicune|Surf|p2a: Miltank
|-damage|p2a: Miltank|0 fnt
|faint|p2a: Miltank
|
|t:|1728933108
|switch|p2a: Claydol|Claydol|64/100
|
|-heal|p1a: Suicune|88/100|[from] item: Leftovers
|-damage|p1a: Suicune|76/100|[from] Leech Seed|[of] p2a: Claydol
|-heal|p2a: Claydol|77/100|[silent]
|-heal|p2a: Claydol|83/100|[from] item: Leftovers
|upkeep
|turn|33
|
|t:|1728933115
|switch|p2a: Celebi|Celebi|60/100
|move|p1a: Suicune|Surf|p2a: Celebi
|-resisted|p2a: Celebi
|-damage|p2a: Celebi|8/100
|
|-heal|p2a: Celebi|14/100|[from] item: Leftovers
|-heal|p1a: Suicune|82/100|[from] item: Leftovers
|-damage|p1a: Suicune|69/100|[from] Leech Seed|[of] p2a: Celebi
|-heal|p2a: Celebi|26/100|[silent]
|upkeep
|turn|34
|
|t:|1728933124
|move|p2a: Celebi|Giga Drain|p1a: Suicune
|-supereffective|p1a: Suicune
|-damage|p1a: Suicune|48/100
|-heal|p2a: Celebi|37/100|[from] drain|[of] p1a: Suicune
|move|p1a: Suicune|Ice Beam|p2a: Celebi
|-supereffective|p2a: Celebi
|-damage|p2a: Celebi|0 fnt
|faint|p2a: Celebi
|
|t:|1728933127
|switch|p2a: Dugtrio|Dugtrio, M|100/100
|
|-heal|p1a: Suicune|54/100|[from] item: Leftovers
|-damage|p1a: Suicune|41/100|[from] Leech Seed|[of] p2a: Dugtrio
|upkeep
|turn|35
|
|t:|1728933140
|move|p2a: Dugtrio|Rock Slide|p1a: Suicune
|-damage|p1a: Suicune|15/100
|move|p1a: Suicune|Surf|p2a: Dugtrio
|-supereffective|p2a: Dugtrio
|-damage|p2a: Dugtrio|0 fnt
|faint|p2a: Dugtrio
|
|t:|1728933144
|switch|p2a: Claydol|Claydol|83/100
|
|-heal|p1a: Suicune|21/100|[from] item: Leftovers
|-damage|p1a: Suicune|8/100|[from] Leech Seed|[of] p2a: Claydol
|-heal|p2a: Claydol|96/100|[silent]
|-heal|p2a: Claydol|100/100|[from] item: Leftovers
|upkeep
|turn|36
|c|☆Calm Stiege|gg
|c|☆xgermx|why rock slide?
|
|t:|1728933155
|move|p1a: Suicune|Surf|p2a: Claydol
|-supereffective|p2a: Claydol
|-damage|p2a: Claydol|0 fnt
|faint|p2a: Claydol
|
|win|xgermx
|c|☆xgermx|gg
|c|☆Calm Stiege|flinch chance
|c|☆xgermx|eq just killed
|c|☆Calm Stiege|but then molt wud get in and have a free move
|c|☆xgermx|true

</script>
<script type="application/json" class="data" id="replaydata-smogtours-gen3ou-798706">
{"id":"smogtours-gen3ou-798706","format":"[Gen 3] OU","players":["xgermx","Calm Stiege"],"uploadtime":1728933155,"views":92,"formatid":"gen3ou","rating":null,"private":0,"password":null}
</script>

<script defer src="js/replays.js?9d40a366"></script>
