<!DOCTYPE html>
<meta charset="utf-8" />
<meta name="viewport" content="width=device-width" />

<title>[Gen 3] OU: beeoi vs. GShed - Replays - Pok&eacute;mon Showdown!</title>

<meta name="description" content="Watch a replay of a Pok&eacute;mon battle between beeoi and GShed! Format: [Gen 3] OU; Date: Oct 19, 2024" />
<!--

Hey, you! Looking in the source for the replay log?

You can find them in JSON format, just add `.json` at the end of a replay URL.

https://replay.pokemonshowdown.com/gen7randomdoublesbattle-865046831.json

Or, if you only need the log itself, add `.log` instead:

https://replay.pokemonshowdown.com/gen7randomdoublesbattle-865046831.log

-->

<link rel="stylesheet" href="//pokemonshowdown.com/style/global.css?0.023195364461161105" />
<link rel="stylesheet" href="//play.pokemonshowdown.com/style/font-awesome.css?0.13261647063804238" />
<link rel="stylesheet" href="//play.pokemonshowdown.com/style/battle.css?0.8753245789963631" />
<link rel="stylesheet" href="//play.pokemonshowdown.com/style/utilichart.css?0.8627959624976733" />

<!-- Global site tag (gtag.js) - Google Analytics -->
<script async src="https://www.googletagmanager.com/gtag/js?id=UA-26211653-1"></script>
<script>
  window.dataLayer = window.dataLayer || [];
  function gtag(){dataLayer.push(arguments);}
  gtag('js', new Date());

  gtag('config', 'UA-26211653-1');
</script>
<!-- End Google Analytics -->
<!-- Venatus Ad Manager - Install in <HEAD> of page -->
	<script src="https://hb.vntsm.com/v3/live/ad-manager.min.js" type="text/javascript" data-site-id="642aba63ec9a7b11c3c9c1be" data-mode="scan" async></script>
<!-- / Venatus Ad Manager -->

<style>
	@media (max-width:820px) {
		.battle {
			margin: 0 auto;
		}
		.battle-log {
			margin: 7px auto 0;
			max-width: 640px;
			height: 300px;
			position: static;
		}
	}
	.optgroup {
		display: inline-block;
		line-height: 22px;
		font-size: 10pt;
	}
	.optgroup .button {
		height: 25px;
		padding-top: 0;
		padding-bottom: 0;
	}
	.optgroup button.button {
		padding-left: 12px;
		padding-right: 12px;
	}
	.linklist {
		list-style: none;
		margin: 0.5em 0;
		padding: 0;
	}
	.linklist li {
		padding: 2px 0;
	}
	.sidebar {
		float: left;
		width: 320px;
	}
	.bar-wrapper {
		max-width: 1100px;
		margin: 0 auto;
	}
	.bar-wrapper.has-sidebar {
		max-width: 1430px;
	}
	.mainbar {
		margin: 0;
		padding-right: 1px;
	}
	.mainbar.has-sidebar {
		margin-left: 330px;
	}
	@media (min-width: 1511px) {
		.sidebar {
			width: 400px;
		}
		.bar-wrapper.has-sidebar {
			max-width: 1510px;
		}
		.mainbar.has-sidebar {
			margin-left: 410px;
		}
	}
	.section.first-section {
		margin-top: 9px;
	}
	.blocklink small {
		white-space: normal;
	}
	.button {
		vertical-align: middle;
	}
	.replay-controls {
		padding-top: 10px;
	}
	.replay-controls h1 {
		font-size: 16pt;
		font-weight: normal;
		color: #CCC;
	}
	.pagelink {
		text-align: center;
	}
	.pagelink a {
		width: 150px;
	}
	.textbox, .button {
		font-size: 11pt;
		vertical-align: middle;
	}
	@media (max-width: 450px) {
		.button {
			font-size: 9pt;
		}
	}
</style>

<div>

	<header>
		<div class="nav-wrapper"><ul class="nav">
			<li><a class="button nav-first" href="//pokemonshowdown.com/"><img src="//pokemonshowdown.com/images/pokemonshowdownbeta.png" srcset="//pokemonshowdown.com/images/pokemonshowdownbeta.png 1x, //pokemonshowdown.com/images/pokemonshowdownbeta@2x.png 2x" alt="Pok&eacute;mon Showdown" width="146" height="44" /> Home</a></li>
			<li><a class="button" href="//pokemonshowdown.com/dex/">Pok&eacute;dex</a></li>
			<li><a class="button cur" href="/">Replays</a></li>
			<li><a class="button" href="//pokemonshowdown.com/ladder/">Ladder</a></li>
			<li><a class="button nav-last" href="//pokemonshowdown.com/forums/">Forum</a></li>
			<li><a class="button greenbutton nav-first nav-last" href="//play.pokemonshowdown.com/">Play</a></li>
		</ul></div>
	</header>

	<div class="main" id="main">

		<noscript><section class="section">You need to enable JavaScript to use this page; sorry!</section></noscript>

	</div>

</div>

<script defer nomodule src="//play.pokemonshowdown.com/js/lib/ps-polyfill.js"></script>
<script defer src="//play.pokemonshowdown.com/js/lib/preact.min.js"></script>

<script defer src="//play.pokemonshowdown.com/config/config.js?2bddbc15"></script>
<script defer src="//play.pokemonshowdown.com/js/lib/jquery-1.11.0.min.js"></script>
<script defer src="//play.pokemonshowdown.com/js/lib/html-sanitizer-minified.js"></script>
<script defer src="//play.pokemonshowdown.com/js/battle-sound.js"></script>
<script defer src="//play.pokemonshowdown.com/js/battledata.js?0.7209276989879541"></script>
<script defer src="//play.pokemonshowdown.com/data/pokedex-mini.js?0.6111056340867951"></script>
<script defer src="//play.pokemonshowdown.com/data/pokedex-mini-bw.js?0.3532142036491459"></script>
<script defer src="//play.pokemonshowdown.com/data/graphics.js?0.24223875632456182"></script>
<script defer src="//play.pokemonshowdown.com/data/pokedex.js?0.38839984266356864"></script>
<script defer src="//play.pokemonshowdown.com/data/moves.js?0.21866028504024015"></script>
<script defer src="//play.pokemonshowdown.com/data/abilities.js?0.2005157953846628"></script>
<script defer src="//play.pokemonshowdown.com/data/items.js?0.9894211263848525"></script>
<script defer src="//play.pokemonshowdown.com/data/teambuilder-tables.js?0.6008791140282215"></script>
<script defer src="//play.pokemonshowdown.com/js/battle-tooltips.js?0.7580118955022959"></script>
<script defer src="//play.pokemonshowdown.com/js/battle.js?0.6057722274234274"></script>

<script defer src="js/utils.js?e31f9a17"></script>
<script defer src="js/replays-battle.js?7008c182"></script>

<!-- don't scrape this data! just add .json or .log after the URL!
Full API docs: https://github.com/smogon/pokemon-showdown-client/blob/master/WEB-API.md -->
<script type="text/plain" class="log" id="replaylog-smogtours-gen3ou-799936">
|inactive|Battle timer is ON: inactive players will automatically lose when time's up.
|t:|1729355669
|gametype|singles
|player|p1|beeoi|mustard-master|
|player|p2|GShed|169|
|teamsize|p1|6
|teamsize|p2|6
|gen|3
|tier|[Gen 3] OU
|rule|Sleep Clause Mod: Limit one foe put to sleep
|rule|Switch Priority Clause Mod: Faster Pokémon switch first
|rule|Species Clause: Limit one of each Pokémon
|rule|OHKO Clause: OHKO moves are banned
|rule|Evasion Items Clause: Evasion items are banned
|rule|Evasion Moves Clause: Evasion moves are banned
|rule|Endless Battle Clause: Forcing endless battles is banned
|rule|HP Percentage Mod: HP is shown in percentages
|rule|One Boost Passer Clause: Limit one Baton Passer that has a way to boost its stats
|rule|Freeze Clause Mod: Limit one foe frozen
|
|t:|1729355669
|start
|switch|p1a: Tyranitar|Tyranitar, M|100/100
|switch|p2a: Regirock|Regirock|100/100
|-weather|Sandstorm|[from] ability: Sand Stream|[of] p1a: Tyranitar
|turn|1
|inactive|beeoi has 270 seconds left.
|
|t:|1729355724
|move|p1a: Tyranitar|Crunch|p2a: Regirock
|-damage|p2a: Regirock|65/100
|move|p2a: Regirock|Earthquake|p1a: Tyranitar
|-supereffective|p1a: Tyranitar
|-damage|p1a: Tyranitar|47/100
|
|-weather|Sandstorm|[upkeep]
|-heal|p1a: Tyranitar|53/100|[from] item: Leftovers
|-heal|p2a: Regirock|71/100|[from] item: Leftovers
|upkeep
|turn|2
|
|t:|1729355738
|switch|p1a: Swampert|Swampert, F|100/100
|move|p2a: Regirock|Earthquake|p1a: Swampert
|-damage|p1a: Swampert|74/100
|
|-weather|Sandstorm|[upkeep]
|-heal|p2a: Regirock|77/100|[from] item: Leftovers
|upkeep
|turn|3
|inactive|GShed has 270 seconds left.
|
|t:|1729355770
|move|p1a: Swampert|Surf|p2a: Regirock
|-supereffective|p2a: Regirock
|-damage|p2a: Regirock|7/100
|move|p2a: Regirock|Earthquake|p1a: Swampert
|-damage|p1a: Swampert|45/100
|
|-weather|Sandstorm|[upkeep]
|-heal|p2a: Regirock|13/100|[from] item: Leftovers
|upkeep
|turn|4
|inactive|GShed has 270 seconds left.
|inactive|GShed has 240 seconds left.
|inactive|GShed has 210 seconds left.
|
|t:|1729355856
|switch|p2a: Regice|Regice|100/100
|move|p1a: Swampert|Ice Beam|p2a: Regice
|-resisted|p2a: Regice
|-damage|p2a: Regice|95/100
|
|-weather|Sandstorm|[upkeep]
|-damage|p2a: Regice|89/100|[from] Sandstorm
|-heal|p2a: Regice|95/100|[from] item: Leftovers
|upkeep
|turn|5
|
|t:|1729355877
|move|p1a: Swampert|Earthquake|p2a: Regice
|-damage|p2a: Regice|62/100
|move|p2a: Regice|Ice Beam|p1a: Swampert
|-damage|p1a: Swampert|0 fnt
|faint|p1a: Swampert
|inactive|beeoi has 270 seconds left.
|
|t:|1729355900
|switch|p1a: Metagross|Metagross|100/100
|
|-weather|Sandstorm|[upkeep]
|-damage|p2a: Regice|56/100|[from] Sandstorm
|-heal|p2a: Regice|62/100|[from] item: Leftovers
|upkeep
|turn|6
|inactive|GShed has 210 seconds left.
|
|t:|1729355909
|switch|p2a: Regirock|Regirock|13/100
|move|p1a: Metagross|Meteor Mash|p2a: Regirock
|-supereffective|p2a: Regirock
|-damage|p2a: Regirock|0 fnt
|faint|p2a: Regirock
|inactive|GShed has 210 seconds left.
|
|t:|1729355937
|switch|p2a: Suicune|Suicune|100/100
|
|-weather|Sandstorm|[upkeep]
|-damage|p2a: Suicune|94/100|[from] Sandstorm
|-heal|p2a: Suicune|100/100|[from] item: Leftovers
|upkeep
|turn|7
|inactive|beeoi has 270 seconds left.
|
|t:|1729355949
|switch|p2a: Metagross|Metagross|100/100
|switch|p1a: Gengar|Gengar, M|100/100
|
|-weather|Sandstorm|[upkeep]
|-damage|p1a: Gengar|94/100|[from] Sandstorm
|-heal|p1a: Gengar|100/100|[from] item: Leftovers
|upkeep
|turn|8
|inactive|beeoi has 270 seconds left.
|
|t:|1729355972
|move|p1a: Gengar|Will-O-Wisp|p2a: Metagross
|-status|p2a: Metagross|brn
|move|p2a: Metagross|Meteor Mash|p1a: Gengar
|-damage|p1a: Gengar|58/100
|-boost|p2a: Metagross|atk|1
|
|-weather|Sandstorm|[upkeep]
|-damage|p1a: Gengar|52/100|[from] Sandstorm
|-heal|p1a: Gengar|58/100|[from] item: Leftovers
|-damage|p2a: Metagross|88/100 brn|[from] brn
|upkeep
|turn|9
|
|t:|1729355991
|switch|p1a: Metagross|Metagross|100/100
|move|p2a: Metagross|Meteor Mash|p1a: Metagross
|-resisted|p1a: Metagross
|-damage|p1a: Metagross|83/100
|
|-weather|Sandstorm|[upkeep]
|-heal|p2a: Metagross|94/100 brn|[from] item: Leftovers
|-damage|p2a: Metagross|82/100 brn|[from] brn
|upkeep
|turn|10
|
|t:|1729356003
|move|p2a: Metagross|Earthquake|p1a: Metagross
|-supereffective|p1a: Metagross
|-damage|p1a: Metagross|30/100
|move|p1a: Metagross|Earthquake|p2a: Metagross
|-supereffective|p2a: Metagross
|-damage|p2a: Metagross|0 fnt
|faint|p2a: Metagross
|
|t:|1729356014
|switch|p2a: Salamence|Salamence, M|100/100
|-ability|p2a: Salamence|Intimidate|boost
|-fail|p1a: Metagross|unboost|[from] ability: Clear Body|[of] p1a: Metagross
|
|-weather|Sandstorm|[upkeep]
|-damage|p2a: Salamence|94/100|[from] Sandstorm
|-heal|p2a: Salamence|100/100|[from] item: Leftovers
|upkeep
|turn|11
|
|t:|1729356031
|switch|p1a: Suicune|Suicune|100/100
|move|p2a: Salamence|Dragon Dance|p2a: Salamence
|-boost|p2a: Salamence|atk|1
|-boost|p2a: Salamence|spe|1
|
|-weather|Sandstorm|[upkeep]
|-damage|p2a: Salamence|94/100|[from] Sandstorm
|-damage|p1a: Suicune|94/100|[from] Sandstorm
|-heal|p2a: Salamence|100/100|[from] item: Leftovers
|-heal|p1a: Suicune|100/100|[from] item: Leftovers
|upkeep
|turn|12
|inactive|GShed has 210 seconds left.
|
|t:|1729356055
|switch|p2a: Regice|Regice|62/100
|move|p1a: Suicune|Ice Beam|p2a: Regice
|-resisted|p2a: Regice
|-damage|p2a: Regice|55/100
|
|-weather|Sandstorm|[upkeep]
|-damage|p1a: Suicune|94/100|[from] Sandstorm
|-damage|p2a: Regice|49/100|[from] Sandstorm
|-heal|p1a: Suicune|100/100|[from] item: Leftovers
|-heal|p2a: Regice|55/100|[from] item: Leftovers
|upkeep
|turn|13
|inactive|beeoi has 240 seconds left.
|
|t:|1729356081
|switch|p1a: Tyranitar|Tyranitar, M|53/100
|move|p2a: Regice|Thunderbolt|p1a: Tyranitar
|-damage|p1a: Tyranitar|27/100
|
|-weather|Sandstorm|[upkeep]
|-damage|p2a: Regice|49/100|[from] Sandstorm
|-heal|p1a: Tyranitar|33/100|[from] item: Leftovers
|-heal|p2a: Regice|55/100|[from] item: Leftovers
|upkeep
|turn|14
|inactive|beeoi has 240 seconds left.
|
|t:|1729356105
|switch|p2a: Claydol|Claydol|100/100
|move|p1a: Tyranitar|Fire Blast|p2a: Claydol
|-damage|p2a: Claydol|65/100
|
|-weather|Sandstorm|[upkeep]
|-heal|p2a: Claydol|71/100|[from] item: Leftovers
|-heal|p1a: Tyranitar|40/100|[from] item: Leftovers
|upkeep
|turn|15
|
|t:|1729356134
|move|p2a: Claydol|Earthquake|p1a: Tyranitar
|-supereffective|p1a: Tyranitar
|-damage|p1a: Tyranitar|0 fnt
|faint|p1a: Tyranitar
|inactive|beeoi has 210 seconds left.
|
|t:|1729356156
|switch|p1a: Gengar|Gengar, M|58/100
|
|-weather|Sandstorm|[upkeep]
|-damage|p1a: Gengar|52/100|[from] Sandstorm
|-heal|p1a: Gengar|58/100|[from] item: Leftovers
|-heal|p2a: Claydol|77/100|[from] item: Leftovers
|upkeep
|turn|16
|inactive|beeoi has 210 seconds left.
|
|t:|1729356165
|move|p1a: Gengar|Taunt|p2a: Claydol
|-start|p2a: Claydol|move: Taunt
|move|p2a: Claydol|Psychic|p1a: Gengar
|-supereffective|p1a: Gengar
|-damage|p1a: Gengar|5/100
|
|-weather|Sandstorm|[upkeep]
|-damage|p1a: Gengar|0 fnt|[from] Sandstorm
|faint|p1a: Gengar
|-heal|p2a: Claydol|84/100|[from] item: Leftovers
|upkeep
|inactive|beeoi has 210 seconds left.
|
|t:|1729356183
|switch|p1a: Suicune|Suicune|100/100
|turn|17
|
|t:|1729356190
|move|p1a: Suicune|Hydro Pump|p2a: Claydol
|-supereffective|p2a: Claydol
|-damage|p2a: Claydol|0 fnt
|faint|p2a: Claydol
|
|t:|1729356194
|switch|p2a: Regice|Regice|55/100
|
|-weather|Sandstorm|[upkeep]
|-damage|p1a: Suicune|94/100|[from] Sandstorm
|-damage|p2a: Regice|49/100|[from] Sandstorm
|-heal|p1a: Suicune|100/100|[from] item: Leftovers
|-heal|p2a: Regice|55/100|[from] item: Leftovers
|upkeep
|turn|18
|inactive|beeoi has 210 seconds left.
|
|t:|1729356204
|move|p1a: Suicune|Calm Mind|p1a: Suicune
|-boost|p1a: Suicune|spa|1
|-boost|p1a: Suicune|spd|1
|move|p2a: Regice|Thunderbolt|p1a: Suicune
|-supereffective|p1a: Suicune
|-damage|p1a: Suicune|64/100
|
|-weather|Sandstorm|[upkeep]
|-damage|p1a: Suicune|58/100|[from] Sandstorm
|-damage|p2a: Regice|49/100|[from] Sandstorm
|-heal|p1a: Suicune|64/100|[from] item: Leftovers
|-heal|p2a: Regice|55/100|[from] item: Leftovers
|upkeep
|turn|19
|inactive|beeoi has 210 seconds left.
|
|t:|1729356235
|move|p1a: Suicune|Calm Mind|p1a: Suicune
|-boost|p1a: Suicune|spa|1
|-boost|p1a: Suicune|spd|1
|move|p2a: Regice|Toxic|p1a: Suicune
|-status|p1a: Suicune|tox
|
|-weather|Sandstorm|[upkeep]
|-damage|p1a: Suicune|58/100 tox|[from] Sandstorm
|-damage|p2a: Regice|49/100|[from] Sandstorm
|-heal|p1a: Suicune|64/100 tox|[from] item: Leftovers
|-damage|p1a: Suicune|58/100 tox|[from] psn
|-heal|p2a: Regice|55/100|[from] item: Leftovers
|upkeep
|turn|20
|
|t:|1729356252
|move|p1a: Suicune|Hydro Pump|p2a: Regice
|-damage|p2a: Regice|4/100
|move|p2a: Regice|Thunderbolt|p1a: Suicune
|-supereffective|p1a: Suicune
|-damage|p1a: Suicune|28/100 tox
|
|-weather|Sandstorm|[upkeep]
|-damage|p1a: Suicune|22/100 tox|[from] Sandstorm
|-damage|p2a: Regice|0 fnt|[from] Sandstorm
|faint|p2a: Regice
|-heal|p1a: Suicune|28/100 tox|[from] item: Leftovers
|-damage|p1a: Suicune|16/100 tox|[from] psn
|upkeep
|inactive|GShed has 210 seconds left.
|inactive|GShed has 180 seconds left.
|inactive|GShed has 150 seconds left.
|
|t:|1729356329
|switch|p2a: Salamence|Salamence, M|100/100
|-ability|p2a: Salamence|Intimidate|boost
|-unboost|p1a: Suicune|atk|1
|turn|21
|
|t:|1729356349
|move|p2a: Salamence|Hidden Power|p1a: Suicune
|-damage|p1a: Suicune|0 fnt
|faint|p1a: Suicune
|inactive|beeoi has 180 seconds left.
|
|t:|1729356366
|switch|p1a: Regice|Regice|100/100
|
|-weather|Sandstorm|[upkeep]
|-damage|p2a: Salamence|94/100|[from] Sandstorm
|-damage|p1a: Regice|94/100|[from] Sandstorm
|-heal|p2a: Salamence|100/100|[from] item: Leftovers
|-heal|p1a: Regice|100/100|[from] item: Leftovers
|upkeep
|turn|22
|inactive|beeoi has 180 seconds left.
|
|t:|1729356383
|switch|p2a: Suicune|Suicune|100/100
|move|p1a: Regice|Thunderbolt|p2a: Suicune
|-supereffective|p2a: Suicune
|-damage|p2a: Suicune|55/100
|
|-weather|Sandstorm|[upkeep]
|-damage|p2a: Suicune|48/100|[from] Sandstorm
|-damage|p1a: Regice|94/100|[from] Sandstorm
|-heal|p2a: Suicune|55/100|[from] item: Leftovers
|-heal|p1a: Regice|100/100|[from] item: Leftovers
|upkeep
|turn|23
|inactive|beeoi has 180 seconds left.
|inactive|GShed has 150 seconds left.
|inactive|GShed has 120 seconds left.
|inactive|GShed has 90 seconds left.
|
|t:|1729356464
|move|p2a: Suicune|Surf|p1a: Regice
|-damage|p1a: Regice|86/100
|move|p1a: Regice|Thunderbolt|p2a: Suicune
|-supereffective|p2a: Suicune
|-damage|p2a: Suicune|8/100
|
|-weather|Sandstorm|[upkeep]
|-damage|p2a: Suicune|1/100|[from] Sandstorm
|-damage|p1a: Regice|80/100|[from] Sandstorm
|-heal|p2a: Suicune|8/100|[from] item: Leftovers
|-heal|p1a: Regice|86/100|[from] item: Leftovers
|upkeep
|turn|24
|inactive|GShed has 90 seconds left.
|
|t:|1729356491
|move|p2a: Suicune|Surf|p1a: Regice
|-damage|p1a: Regice|69/100
|move|p1a: Regice|Thunderbolt|p2a: Suicune
|-supereffective|p2a: Suicune
|-damage|p2a: Suicune|0 fnt
|faint|p2a: Suicune
|inactive|GShed has 90 seconds left.
|
|t:|1729356497
|switch|p2a: Salamence|Salamence, M|100/100
|-ability|p2a: Salamence|Intimidate|boost
|-fail|p1a: Regice|unboost|[from] ability: Clear Body|[of] p1a: Regice
|
|-weather|Sandstorm|[upkeep]
|-damage|p2a: Salamence|94/100|[from] Sandstorm
|-damage|p1a: Regice|63/100|[from] Sandstorm
|-heal|p2a: Salamence|100/100|[from] item: Leftovers
|-heal|p1a: Regice|69/100|[from] item: Leftovers
|upkeep
|turn|25
|
|t:|1729356508
|move|p2a: Salamence|Rock Slide|p1a: Regice
|-supereffective|p1a: Regice
|-damage|p1a: Regice|13/100
|cant|p1a: Regice|flinch
|
|-weather|Sandstorm|[upkeep]
|-damage|p2a: Salamence|94/100|[from] Sandstorm
|-damage|p1a: Regice|7/100|[from] Sandstorm
|-heal|p2a: Salamence|100/100|[from] item: Leftovers
|-heal|p1a: Regice|13/100|[from] item: Leftovers
|upkeep
|turn|26
|c|☆beeoi|that is an oof
|
|t:|1729356522
|move|p2a: Salamence|Hidden Power|p1a: Regice
|-damage|p1a: Regice|0 fnt
|faint|p1a: Regice
|
|t:|1729356528
|switch|p1a: Metagross|Metagross|30/100
|
|-weather|Sandstorm|[upkeep]
|-damage|p2a: Salamence|94/100|[from] Sandstorm
|-heal|p2a: Salamence|100/100|[from] item: Leftovers
|upkeep
|turn|27
|c|☆GShed|damn gg
|
|t:|1729356542
|move|p2a: Salamence|Earthquake|p1a: Metagross
|-supereffective|p1a: Metagross
|-damage|p1a: Metagross|0 fnt
|faint|p1a: Metagross
|
|win|GShed
|c|☆beeoi|GG

</script>
<script type="application/json" class="data" id="replaydata-smogtours-gen3ou-799936">
{"id":"smogtours-gen3ou-799936","format":"[Gen 3] OU","players":["beeoi","GShed"],"uploadtime":1729356542,"views":96,"formatid":"gen3ou","rating":null,"private":0,"password":null}
</script>

<script defer src="js/replays.js?9d40a366"></script>
