<!DOCTYPE html>
<meta charset="utf-8" />
<meta name="viewport" content="width=device-width" />

<title>[Gen 3] OU: Segale vs. KingWafl - Replays - Pok&eacute;mon Showdown!</title>

<meta name="description" content="Watch a replay of a Pok&eacute;mon battle between Segale and KingWafl! Format: [Gen 3] OU; Date: Oct 1, 2024" />
<!--

Hey, you! Looking in the source for the replay log?

You can find them in JSON format, just add `.json` at the end of a replay URL.

https://replay.pokemonshowdown.com/gen7randomdoublesbattle-865046831.json

Or, if you only need the log itself, add `.log` instead:

https://replay.pokemonshowdown.com/gen7randomdoublesbattle-865046831.log

-->

<link rel="stylesheet" href="//pokemonshowdown.com/style/global.css?0.767286132409787" />
<link rel="stylesheet" href="//play.pokemonshowdown.com/style/font-awesome.css?0.9266228007934947" />
<link rel="stylesheet" href="//play.pokemonshowdown.com/style/battle.css?0.7924700842790926" />
<link rel="stylesheet" href="//play.pokemonshowdown.com/style/utilichart.css?0.8777417872839479" />

<!-- Global site tag (gtag.js) - Google Analytics -->
<script async src="https://www.googletagmanager.com/gtag/js?id=UA-26211653-1"></script>
<script>
  window.dataLayer = window.dataLayer || [];
  function gtag(){dataLayer.push(arguments);}
  gtag('js', new Date());

  gtag('config', 'UA-26211653-1');
</script>
<!-- End Google Analytics -->
<!-- Venatus Ad Manager - Install in <HEAD> of page -->
	<script src="https://hb.vntsm.com/v3/live/ad-manager.min.js" type="text/javascript" data-site-id="642aba63ec9a7b11c3c9c1be" data-mode="scan" async></script>
<!-- / Venatus Ad Manager -->

<style>
	@media (max-width:820px) {
		.battle {
			margin: 0 auto;
		}
		.battle-log {
			margin: 7px auto 0;
			max-width: 640px;
			height: 300px;
			position: static;
		}
	}
	.optgroup {
		display: inline-block;
		line-height: 22px;
		font-size: 10pt;
	}
	.optgroup .button {
		height: 25px;
		padding-top: 0;
		padding-bottom: 0;
	}
	.optgroup button.button {
		padding-left: 12px;
		padding-right: 12px;
	}
	.linklist {
		list-style: none;
		margin: 0.5em 0;
		padding: 0;
	}
	.linklist li {
		padding: 2px 0;
	}
	.sidebar {
		float: left;
		width: 320px;
	}
	.bar-wrapper {
		max-width: 1100px;
		margin: 0 auto;
	}
	.bar-wrapper.has-sidebar {
		max-width: 1430px;
	}
	.mainbar {
		margin: 0;
		padding-right: 1px;
	}
	.mainbar.has-sidebar {
		margin-left: 330px;
	}
	@media (min-width: 1511px) {
		.sidebar {
			width: 400px;
		}
		.bar-wrapper.has-sidebar {
			max-width: 1510px;
		}
		.mainbar.has-sidebar {
			margin-left: 410px;
		}
	}
	.section.first-section {
		margin-top: 9px;
	}
	.blocklink small {
		white-space: normal;
	}
	.button {
		vertical-align: middle;
	}
	.replay-controls {
		padding-top: 10px;
	}
	.replay-controls h1 {
		font-size: 16pt;
		font-weight: normal;
		color: #CCC;
	}
	.pagelink {
		text-align: center;
	}
	.pagelink a {
		width: 150px;
	}
	.textbox, .button {
		font-size: 11pt;
		vertical-align: middle;
	}
	@media (max-width: 450px) {
		.button {
			font-size: 9pt;
		}
	}
</style>

<div>

	<header>
		<div class="nav-wrapper"><ul class="nav">
			<li><a class="button nav-first" href="//pokemonshowdown.com/"><img src="//pokemonshowdown.com/images/pokemonshowdownbeta.png" srcset="//pokemonshowdown.com/images/pokemonshowdownbeta.png 1x, //pokemonshowdown.com/images/pokemonshowdownbeta@2x.png 2x" alt="Pok&eacute;mon Showdown" width="146" height="44" /> Home</a></li>
			<li><a class="button" href="//pokemonshowdown.com/dex/">Pok&eacute;dex</a></li>
			<li><a class="button cur" href="/">Replays</a></li>
			<li><a class="button" href="//pokemonshowdown.com/ladder/">Ladder</a></li>
			<li><a class="button nav-last" href="//pokemonshowdown.com/forums/">Forum</a></li>
			<li><a class="button greenbutton nav-first nav-last" href="//play.pokemonshowdown.com/">Play</a></li>
		</ul></div>
	</header>

	<div class="main" id="main">

		<noscript><section class="section">You need to enable JavaScript to use this page; sorry!</section></noscript>

	</div>

</div>

<script defer nomodule src="//play.pokemonshowdown.com/js/lib/ps-polyfill.js"></script>
<script defer src="//play.pokemonshowdown.com/js/lib/preact.min.js"></script>

<script defer src="//play.pokemonshowdown.com/config/config.js?6dec07f6"></script>
<script defer src="//play.pokemonshowdown.com/js/lib/jquery-1.11.0.min.js"></script>
<script defer src="//play.pokemonshowdown.com/js/lib/html-sanitizer-minified.js"></script>
<script defer src="//play.pokemonshowdown.com/js/battle-sound.js"></script>
<script defer src="//play.pokemonshowdown.com/js/battledata.js?0.6315294753075389"></script>
<script defer src="//play.pokemonshowdown.com/data/pokedex-mini.js?0.7603743185311358"></script>
<script defer src="//play.pokemonshowdown.com/data/pokedex-mini-bw.js?0.030888842834281283"></script>
<script defer src="//play.pokemonshowdown.com/data/graphics.js?0.05593094747507488"></script>
<script defer src="//play.pokemonshowdown.com/data/pokedex.js?0.47064822249611904"></script>
<script defer src="//play.pokemonshowdown.com/data/moves.js?0.8583693120512459"></script>
<script defer src="//play.pokemonshowdown.com/data/abilities.js?0.16017181182386842"></script>
<script defer src="//play.pokemonshowdown.com/data/items.js?0.4163379185673943"></script>
<script defer src="//play.pokemonshowdown.com/data/teambuilder-tables.js?0.31075597372830477"></script>
<script defer src="//play.pokemonshowdown.com/js/battle-tooltips.js?0.6536193500708172"></script>
<script defer src="//play.pokemonshowdown.com/js/battle.js?0.1916591943277901"></script>

<script defer src="js/utils.js?e31f9a17"></script>
<script defer src="js/replays-battle.js?7008c182"></script>

<!-- don't scrape this data! just add .json or .log after the URL!
Full API docs: https://github.com/smogon/pokemon-showdown-client/blob/master/WEB-API.md -->
<script type="text/plain" class="log" id="replaylog-smogtours-gen3ou-793849">
|inactive|Battle timer is ON: inactive players will automatically lose when time's up.
|t:|1727818831
|gametype|singles
|player|p1|Segale|blue|
|player|p2|KingWafl|102|
|teamsize|p1|6
|teamsize|p2|6
|gen|3
|tier|[Gen 3] OU
|rule|Sleep Clause Mod: Limit one foe put to sleep
|rule|Switch Priority Clause Mod: Faster Pokémon switch first
|rule|Species Clause: Limit one of each Pokémon
|rule|OHKO Clause: OHKO moves are banned
|rule|Evasion Items Clause: Evasion items are banned
|rule|Evasion Moves Clause: Evasion moves are banned
|rule|Endless Battle Clause: Forcing endless battles is banned
|rule|HP Percentage Mod: HP is shown in percentages
|rule|One Boost Passer Clause: Limit one Baton Passer that has a way to boost its stats
|rule|Freeze Clause Mod: Limit one foe frozen
|
|t:|1727818831
|start
|switch|p1a: Tyranitar|Tyranitar, F|100/100
|switch|p2a: Salamence|Salamence, F|100/100
|-ability|p2a: Salamence|Intimidate|boost
|-unboost|p1a: Tyranitar|atk|1
|-weather|Sandstorm|[from] ability: Sand Stream|[of] p1a: Tyranitar
|turn|1
|c|☆KingWafl|glhf
|
|t:|1727818844
|switch|p1a: Skarmory|Skarmory, F|100/100
|move|p2a: Salamence|Hidden Power|p1a: Skarmory
|-resisted|p1a: Skarmory
|-damage|p1a: Skarmory|80/100
|
|-weather|Sandstorm|[upkeep]
|-damage|p2a: Salamence|94/100|[from] Sandstorm
|-heal|p1a: Skarmory|86/100|[from] item: Leftovers
|upkeep
|turn|2
|
|t:|1727818848
|switch|p2a: Jolteon|Jolteon, M|100/100
|move|p1a: Skarmory|Spikes|p2a: Jolteon
|-sidestart|p2: KingWafl|Spikes
|
|-weather|Sandstorm|[upkeep]
|-damage|p2a: Jolteon|95/100|[from] Sandstorm
|-heal|p2a: Jolteon|100/100|[from] item: Leftovers
|-heal|p1a: Skarmory|92/100|[from] item: Leftovers
|upkeep
|turn|3
|
|t:|1727818852
|switch|p1a: Blissey|Blissey, F|100/100
|move|p2a: Jolteon|Substitute|p2a: Jolteon
|-start|p2a: Jolteon|Substitute
|-damage|p2a: Jolteon|76/100
|
|-weather|Sandstorm|[upkeep]
|-damage|p2a: Jolteon|70/100|[from] Sandstorm
|-damage|p1a: Blissey|94/100|[from] Sandstorm
|-heal|p2a: Jolteon|76/100|[from] item: Leftovers
|-heal|p1a: Blissey|100/100|[from] item: Leftovers
|upkeep
|turn|4
|
|t:|1727818856
|move|p2a: Jolteon|Baton Pass|p2a: Jolteon
|
|t:|1727818858
|switch|p2a: Dugtrio|Dugtrio, F|100/100|[from] Baton Pass
|-damage|p2a: Dugtrio|88/100|[from] Spikes
|move|p1a: Blissey|Ice Beam|p2a: Dugtrio
|-supereffective|p2a: Dugtrio
|-end|p2a: Dugtrio|Substitute
|
|-weather|Sandstorm|[upkeep]
|-damage|p1a: Blissey|94/100|[from] Sandstorm
|-heal|p1a: Blissey|100/100|[from] item: Leftovers
|upkeep
|turn|5
|
|t:|1727818860
|move|p2a: Dugtrio|Earthquake|p1a: Blissey
|-damage|p1a: Blissey|38/100
|move|p1a: Blissey|Ice Beam|p2a: Dugtrio
|-supereffective|p2a: Dugtrio
|-damage|p2a: Dugtrio|0 fnt
|faint|p2a: Dugtrio
|
|t:|1727818866
|switch|p2a: Salamence|Salamence, F|94/100
|-ability|p2a: Salamence|Intimidate|boost
|-unboost|p1a: Blissey|atk|1
|
|-weather|Sandstorm|[upkeep]
|-damage|p2a: Salamence|88/100|[from] Sandstorm
|-damage|p1a: Blissey|32/100|[from] Sandstorm
|-heal|p1a: Blissey|38/100|[from] item: Leftovers
|upkeep
|turn|6
|
|t:|1727818881
|switch|p1a: Skarmory|Skarmory, F|92/100
|move|p2a: Salamence|Rock Slide|p1a: Skarmory
|-damage|p1a: Skarmory|60/100
|
|-weather|Sandstorm|[upkeep]
|-damage|p2a: Salamence|82/100|[from] Sandstorm
|-heal|p1a: Skarmory|66/100|[from] item: Leftovers
|upkeep
|turn|7
|
|t:|1727818888
|switch|p2a: Jolteon|Jolteon, M|76/100
|-damage|p2a: Jolteon|64/100|[from] Spikes
|switch|p1a: Jirachi|Jirachi|100/100
|
|-weather|Sandstorm|[upkeep]
|-damage|p2a: Jolteon|58/100|[from] Sandstorm
|-heal|p2a: Jolteon|64/100|[from] item: Leftovers
|upkeep
|turn|8
|inactive|KingWafl has 270 seconds left.
|inactive|Segale has 270 seconds left.
|inactive|KingWafl has 240 seconds left.
|
|t:|1727818972
|move|p2a: Jolteon|Thunderbolt|p1a: Jirachi
|-damage|p1a: Jirachi|66/100
|move|p1a: Jirachi|Wish|p1a: Jirachi
|
|-weather|Sandstorm|[upkeep]
|-damage|p2a: Jolteon|58/100|[from] Sandstorm
|-heal|p2a: Jolteon|64/100|[from] item: Leftovers
|-heal|p1a: Jirachi|72/100|[from] item: Leftovers
|upkeep
|turn|9
|
|t:|1727818988
|switch|p1a: Blissey|Blissey, F|38/100
|move|p2a: Jolteon|Baton Pass|p2a: Jolteon
|
|t:|1727818994
|switch|p2a: Snorlax|Snorlax, M|100/100|[from] Baton Pass
|-damage|p2a: Snorlax|88/100|[from] Spikes
|
|-heal|p1a: Blissey|88/100|[from] move: Wish|[wisher] Jirachi
|-weather|Sandstorm|[upkeep]
|-damage|p1a: Blissey|82/100|[from] Sandstorm
|-damage|p2a: Snorlax|82/100|[from] Sandstorm
|-heal|p1a: Blissey|88/100|[from] item: Leftovers
|-heal|p2a: Snorlax|88/100|[from] item: Leftovers
|upkeep
|turn|10
|
|t:|1727818998
|switch|p1a: Skarmory|Skarmory, F|66/100
|move|p2a: Snorlax|Curse|p2a: Snorlax
|-unboost|p2a: Snorlax|spe|1
|-boost|p2a: Snorlax|atk|1
|-boost|p2a: Snorlax|def|1
|
|-weather|Sandstorm|[upkeep]
|-damage|p2a: Snorlax|82/100|[from] Sandstorm
|-heal|p1a: Skarmory|72/100|[from] item: Leftovers
|-heal|p2a: Snorlax|88/100|[from] item: Leftovers
|upkeep
|turn|11
|
|t:|1727819001
|move|p1a: Skarmory|Spikes|p2a: Snorlax
|-sidestart|p2: KingWafl|Spikes
|move|p2a: Snorlax|Body Slam|p1a: Skarmory
|-resisted|p1a: Skarmory
|-damage|p1a: Skarmory|48/100
|
|-weather|Sandstorm|[upkeep]
|-damage|p2a: Snorlax|82/100|[from] Sandstorm
|-heal|p1a: Skarmory|54/100|[from] item: Leftovers
|-heal|p2a: Snorlax|88/100|[from] item: Leftovers
|upkeep
|turn|12
|
|t:|1727819006
|move|p1a: Skarmory|Protect|p1a: Skarmory
|-singleturn|p1a: Skarmory|Protect
|move|p2a: Snorlax|Body Slam|p1a: Skarmory
|-activate|p1a: Skarmory|Protect
|
|-weather|Sandstorm|[upkeep]
|-damage|p2a: Snorlax|82/100|[from] Sandstorm
|-heal|p1a: Skarmory|60/100|[from] item: Leftovers
|-heal|p2a: Snorlax|88/100|[from] item: Leftovers
|upkeep
|turn|13
|
|t:|1727819008
|move|p2a: Snorlax|Body Slam|p1a: Skarmory
|-resisted|p1a: Skarmory
|-damage|p1a: Skarmory|37/100
|move|p1a: Skarmory|Roar|p2a: Snorlax
|drag|p2a: Charizard|Charizard, M|100/100
|
|-weather|Sandstorm|[upkeep]
|-damage|p2a: Charizard|94/100|[from] Sandstorm
|-heal|p1a: Skarmory|43/100|[from] item: Leftovers
|upkeep
|turn|14
|
|t:|1727819019
|switch|p2a: Snorlax|Snorlax, M|88/100
|-damage|p2a: Snorlax|71/100|[from] Spikes
|switch|p1a: Milotic|Milotic, F|100/100
|
|-weather|Sandstorm|[upkeep]
|-damage|p1a: Milotic|94/100|[from] Sandstorm
|-damage|p2a: Snorlax|65/100|[from] Sandstorm
|-heal|p1a: Milotic|100/100|[from] item: Leftovers
|-heal|p2a: Snorlax|71/100|[from] item: Leftovers
|upkeep
|turn|15
|
|t:|1727819022
|switch|p1a: Skarmory|Skarmory, F|43/100
|move|p2a: Snorlax|Curse|p2a: Snorlax
|-unboost|p2a: Snorlax|spe|1
|-boost|p2a: Snorlax|atk|1
|-boost|p2a: Snorlax|def|1
|
|-weather|Sandstorm|[upkeep]
|-damage|p2a: Snorlax|65/100|[from] Sandstorm
|-heal|p1a: Skarmory|49/100|[from] item: Leftovers
|-heal|p2a: Snorlax|71/100|[from] item: Leftovers
|upkeep
|turn|16
|
|t:|1727819024
|move|p1a: Skarmory|Protect|p1a: Skarmory
|-singleturn|p1a: Skarmory|Protect
|move|p2a: Snorlax|Body Slam|p1a: Skarmory
|-activate|p1a: Skarmory|Protect
|
|-weather|Sandstorm|[upkeep]
|-damage|p2a: Snorlax|65/100|[from] Sandstorm
|-heal|p1a: Skarmory|55/100|[from] item: Leftovers
|-heal|p2a: Snorlax|71/100|[from] item: Leftovers
|upkeep
|turn|17
|
|t:|1727819027
|move|p1a: Skarmory|Spikes|p2a: Snorlax
|-sidestart|p2: KingWafl|Spikes
|move|p2a: Snorlax|Body Slam|p1a: Skarmory
|-resisted|p1a: Skarmory
|-damage|p1a: Skarmory|33/100
|
|-weather|Sandstorm|[upkeep]
|-damage|p2a: Snorlax|65/100|[from] Sandstorm
|-heal|p1a: Skarmory|39/100|[from] item: Leftovers
|-heal|p2a: Snorlax|71/100|[from] item: Leftovers
|upkeep
|turn|18
|
|t:|1727819032
|move|p1a: Skarmory|Protect|p1a: Skarmory
|-singleturn|p1a: Skarmory|Protect
|move|p2a: Snorlax|Curse|p2a: Snorlax
|-unboost|p2a: Snorlax|spe|1
|-boost|p2a: Snorlax|atk|1
|-boost|p2a: Snorlax|def|1
|
|-weather|Sandstorm|[upkeep]
|-damage|p2a: Snorlax|65/100|[from] Sandstorm
|-heal|p1a: Skarmory|45/100|[from] item: Leftovers
|-heal|p2a: Snorlax|71/100|[from] item: Leftovers
|upkeep
|turn|19
|
|t:|1727819033
|move|p2a: Snorlax|Body Slam|p1a: Skarmory
|-resisted|p1a: Skarmory
|-damage|p1a: Skarmory|13/100
|move|p1a: Skarmory|Roar|p2a: Snorlax
|drag|p2a: Charizard|Charizard, M|94/100
|
|-weather|Sandstorm|[upkeep]
|-damage|p2a: Charizard|88/100|[from] Sandstorm
|-heal|p1a: Skarmory|19/100|[from] item: Leftovers
|upkeep
|turn|20
|
|t:|1727819042
|switch|p2a: Jolteon|Jolteon, M|64/100
|-damage|p2a: Jolteon|39/100|[from] Spikes
|switch|p1a: Milotic|Milotic, F|100/100
|
|-weather|Sandstorm|[upkeep]
|-damage|p2a: Jolteon|33/100|[from] Sandstorm
|-damage|p1a: Milotic|94/100|[from] Sandstorm
|-heal|p2a: Jolteon|39/100|[from] item: Leftovers
|-heal|p1a: Milotic|100/100|[from] item: Leftovers
|upkeep
|turn|21
|
|t:|1727819047
|switch|p1a: Blissey|Blissey, F|88/100
|move|p2a: Jolteon|Thunderbolt|p1a: Blissey
|-damage|p1a: Blissey|71/100
|
|-weather|Sandstorm|[upkeep]
|-damage|p2a: Jolteon|33/100|[from] Sandstorm
|-damage|p1a: Blissey|65/100|[from] Sandstorm
|-heal|p2a: Jolteon|39/100|[from] item: Leftovers
|-heal|p1a: Blissey|71/100|[from] item: Leftovers
|upkeep
|turn|22
|
|t:|1727819053
|move|p2a: Jolteon|Baton Pass|p2a: Jolteon
|
|t:|1727819054
|switch|p2a: Snorlax|Snorlax, M|71/100|[from] Baton Pass
|-damage|p2a: Snorlax|46/100|[from] Spikes
|move|p1a: Blissey|Ice Beam|p2a: Snorlax
|-damage|p2a: Snorlax|31/100
|
|-weather|Sandstorm|[upkeep]
|-damage|p1a: Blissey|65/100|[from] Sandstorm
|-damage|p2a: Snorlax|25/100|[from] Sandstorm
|-heal|p1a: Blissey|71/100|[from] item: Leftovers
|-heal|p2a: Snorlax|31/100|[from] item: Leftovers
|upkeep
|turn|23
|
|t:|1727819062
|switch|p1a: Skarmory|Skarmory, F|19/100
|move|p2a: Snorlax|Rest|p2a: Snorlax
|-status|p2a: Snorlax|slp|[from] move: Rest
|-heal|p2a: Snorlax|100/100 slp|[silent]
|
|-weather|Sandstorm|[upkeep]
|-damage|p2a: Snorlax|94/100 slp|[from] Sandstorm
|-heal|p1a: Skarmory|25/100|[from] item: Leftovers
|-heal|p2a: Snorlax|100/100 slp|[from] item: Leftovers
|upkeep
|turn|24
|
|t:|1727819066
|cant|p2a: Snorlax|slp
|move|p1a: Skarmory|Roar|p2a: Snorlax
|drag|p2a: Kingdra|Kingdra, M|100/100
|-damage|p2a: Kingdra|76/100|[from] Spikes
|
|-weather|Sandstorm|[upkeep]
|-damage|p2a: Kingdra|70/100|[from] Sandstorm
|-heal|p2a: Kingdra|76/100|[from] item: Leftovers
|-heal|p1a: Skarmory|31/100|[from] item: Leftovers
|upkeep
|turn|25
|
|t:|1727819070
|switch|p1a: Blissey|Blissey, F|71/100
|move|p2a: Kingdra|Rain Dance|p2a: Kingdra
|-weather|RainDance
|
|-weather|RainDance|[upkeep]
|-heal|p2a: Kingdra|82/100|[from] item: Leftovers
|-heal|p1a: Blissey|78/100|[from] item: Leftovers
|upkeep
|turn|26
|
|t:|1727819078
|switch|p2a: Snorlax|Snorlax, M|100/100 slp
|-damage|p2a: Snorlax|75/100 slp|[from] Spikes
|move|p1a: Blissey|Soft-Boiled|p1a: Blissey
|-heal|p1a: Blissey|100/100
|
|-weather|RainDance|[upkeep]
|-heal|p2a: Snorlax|82/100 slp|[from] item: Leftovers
|upkeep
|turn|27
|
|t:|1727819082
|switch|p1a: Skarmory|Skarmory, F|31/100
|cant|p2a: Snorlax|slp
|
|-weather|RainDance|[upkeep]
|-heal|p1a: Skarmory|37/100|[from] item: Leftovers
|-heal|p2a: Snorlax|88/100 slp|[from] item: Leftovers
|upkeep
|turn|28
|
|t:|1727819087
|-curestatus|p2a: Snorlax|slp|[msg]
|move|p2a: Snorlax|Curse|p2a: Snorlax
|-unboost|p2a: Snorlax|spe|1
|-boost|p2a: Snorlax|atk|1
|-boost|p2a: Snorlax|def|1
|move|p1a: Skarmory|Roar|p2a: Snorlax
|drag|p2a: Jolteon|Jolteon, M|39/100
|-damage|p2a: Jolteon|14/100|[from] Spikes
|
|-weather|RainDance|[upkeep]
|-heal|p2a: Jolteon|20/100|[from] item: Leftovers
|-heal|p1a: Skarmory|43/100|[from] item: Leftovers
|upkeep
|turn|29
|
|t:|1727819093
|switch|p1a: Blissey|Blissey, F|100/100
|move|p2a: Jolteon|Thunderbolt|p1a: Blissey
|-damage|p1a: Blissey|82/100
|
|-weather|none
|-heal|p2a: Jolteon|26/100|[from] item: Leftovers
|-heal|p1a: Blissey|88/100|[from] item: Leftovers
|upkeep
|turn|30
|
|t:|1727819098
|move|p2a: Jolteon|Baton Pass|p2a: Jolteon
|
|t:|1727819100
|switch|p2a: Snorlax|Snorlax, M|88/100|[from] Baton Pass
|-damage|p2a: Snorlax|63/100|[from] Spikes
|move|p1a: Blissey|Ice Beam|p2a: Snorlax
|-damage|p2a: Snorlax|46/100
|-status|p2a: Snorlax|frz
|
|-heal|p1a: Blissey|94/100|[from] item: Leftovers
|-heal|p2a: Snorlax|53/100 frz|[from] item: Leftovers
|upkeep
|turn|31
|
|t:|1727819115
|switch|p1a: Tyranitar|Tyranitar, F|100/100
|-weather|Sandstorm|[from] ability: Sand Stream|[of] p1a: Tyranitar
|-curestatus|p2a: Snorlax|frz|[msg]
|move|p2a: Snorlax|Self-Destruct|p1a: Tyranitar
|-resisted|p1a: Tyranitar
|-damage|p1a: Tyranitar|22/100
|faint|p2a: Snorlax
|
|t:|1727819132
|switch|p2a: Salamence|Salamence, F|82/100
|-ability|p2a: Salamence|Intimidate|boost
|-unboost|p1a: Tyranitar|atk|1
|
|-weather|Sandstorm|[upkeep]
|-damage|p2a: Salamence|76/100|[from] Sandstorm
|-heal|p1a: Tyranitar|29/100|[from] item: Leftovers
|upkeep
|turn|32
|
|t:|1727819144
|switch|p1a: Claydol|Claydol|100/100
|move|p2a: Salamence|Hidden Power|p1a: Claydol
|-damage|p1a: Claydol|45/100
|
|-weather|Sandstorm|[upkeep]
|-damage|p2a: Salamence|70/100|[from] Sandstorm
|-heal|p1a: Claydol|51/100|[from] item: Leftovers
|upkeep
|turn|33
|
|t:|1727819147
|switch|p1a: Jirachi|Jirachi|72/100
|move|p2a: Salamence|Hidden Power|p1a: Jirachi
|-resisted|p1a: Jirachi
|-damage|p1a: Jirachi|55/100
|
|-weather|Sandstorm|[upkeep]
|-damage|p2a: Salamence|64/100|[from] Sandstorm
|-heal|p1a: Jirachi|61/100|[from] item: Leftovers
|upkeep
|turn|34
|
|t:|1727819152
|switch|p2a: Jolteon|Jolteon, M|26/100
|-damage|p2a: Jolteon|1/100|[from] Spikes
|move|p1a: Jirachi|Wish|p1a: Jirachi
|
|-weather|Sandstorm|[upkeep]
|-damage|p2a: Jolteon|0 fnt|[from] Sandstorm
|faint|p2a: Jolteon
|-heal|p1a: Jirachi|67/100|[from] item: Leftovers
|upkeep
|
|t:|1727819159
|switch|p2a: Kingdra|Kingdra, M|82/100
|-damage|p2a: Kingdra|57/100|[from] Spikes
|turn|35
|
|t:|1727819171
|move|p1a: Jirachi|Toxic|p2a: Kingdra
|-status|p2a: Kingdra|tox
|move|p2a: Kingdra|Rain Dance|p2a: Kingdra
|-weather|RainDance
|
|-heal|p1a: Jirachi|100/100|[from] move: Wish|[wisher] Jirachi
|-weather|RainDance|[upkeep]
|-heal|p2a: Kingdra|63/100 tox|[from] item: Leftovers
|-damage|p2a: Kingdra|57/100 tox|[from] psn
|upkeep
|turn|36
|
|t:|1727819174
|switch|p2a: Charizard|Charizard, M|88/100
|move|p1a: Jirachi|Protect||[still]
|-fail|p1a: Jirachi
|
|-weather|RainDance|[upkeep]
|upkeep
|turn|37
|
|t:|1727819179
|switch|p1a: Milotic|Milotic, F|100/100
|move|p2a: Charizard|Substitute|p2a: Charizard
|-start|p2a: Charizard|Substitute
|-damage|p2a: Charizard|63/100
|
|-weather|RainDance|[upkeep]
|upkeep
|turn|38
|
|t:|1727819198
|move|p2a: Charizard|Belly Drum|p2a: Charizard
|-damage|p2a: Charizard|13/100
|-setboost|p2a: Charizard|atk|6|[from] move: Belly Drum
|move|p1a: Milotic|Surf|p2a: Charizard
|-supereffective|p2a: Charizard
|-end|p2a: Charizard|Substitute
|
|-weather|RainDance|[upkeep]
|-enditem|p2a: Charizard|Salac Berry|[eat]
|-boost|p2a: Charizard|spe|1|[from] item: Salac Berry
|upkeep
|turn|39
|
|t:|1727819213
|switch|p1a: Tyranitar|Tyranitar, F|29/100
|-weather|Sandstorm|[from] ability: Sand Stream|[of] p1a: Tyranitar
|move|p2a: Charizard|Hidden Power|p1a: Tyranitar
|-resisted|p1a: Tyranitar
|-damage|p1a: Tyranitar|0 fnt
|faint|p1a: Tyranitar
|
|t:|1727819215
|switch|p1a: Skarmory|Skarmory, F|43/100
|
|-weather|Sandstorm|[upkeep]
|-damage|p2a: Charizard|7/100|[from] Sandstorm
|-heal|p1a: Skarmory|49/100|[from] item: Leftovers
|upkeep
|turn|40
|
|t:|1727819217
|move|p1a: Skarmory|Protect|p1a: Skarmory
|-singleturn|p1a: Skarmory|Protect
|move|p2a: Charizard|Flamethrower|p1a: Skarmory
|-activate|p1a: Skarmory|Protect
|
|-weather|Sandstorm|[upkeep]
|-damage|p2a: Charizard|1/100|[from] Sandstorm
|-heal|p1a: Skarmory|55/100|[from] item: Leftovers
|upkeep
|turn|41
|
|t:|1727819225
|move|p1a: Skarmory|Protect|p1a: Skarmory
|-singleturn|p1a: Skarmory|Protect
|move|p2a: Charizard|Hidden Power|p1a: Skarmory
|-activate|p1a: Skarmory|Protect
|
|-weather|Sandstorm|[upkeep]
|-damage|p2a: Charizard|0 fnt|[from] Sandstorm
|faint|p2a: Charizard
|-heal|p1a: Skarmory|61/100|[from] item: Leftovers
|upkeep
|c|☆KingWafl|gg
|c|☆Segale|GG
|
|t:|1727819234
|switch|p2a: Salamence|Salamence, F|64/100
|-ability|p2a: Salamence|Intimidate|boost
|-unboost|p1a: Skarmory|atk|1
|turn|42
|
|t:|1727819243
|move|p2a: Salamence|Rock Slide|p1a: Skarmory
|-damage|p1a: Skarmory|32/100
|move|p1a: Skarmory|Drill Peck|p2a: Salamence
|-damage|p2a: Salamence|45/100
|
|-weather|Sandstorm|[upkeep]
|-damage|p2a: Salamence|39/100|[from] Sandstorm
|-heal|p1a: Skarmory|38/100|[from] item: Leftovers
|upkeep
|turn|43
|
|t:|1727819247
|move|p1a: Skarmory|Protect|p1a: Skarmory
|-singleturn|p1a: Skarmory|Protect
|move|p2a: Salamence|Rock Slide|p1a: Skarmory|[miss]
|-miss|p2a: Salamence|p1a: Skarmory
|
|-weather|Sandstorm|[upkeep]
|-damage|p2a: Salamence|33/100|[from] Sandstorm
|-heal|p1a: Skarmory|44/100|[from] item: Leftovers
|upkeep
|turn|44
|
|t:|1727819250
|move|p2a: Salamence|Rock Slide|p1a: Skarmory
|-damage|p1a: Skarmory|13/100
|move|p1a: Skarmory|Drill Peck|p2a: Salamence
|-damage|p2a: Salamence|13/100
|
|-weather|Sandstorm|[upkeep]
|-damage|p2a: Salamence|7/100|[from] Sandstorm
|-heal|p1a: Skarmory|19/100|[from] item: Leftovers
|upkeep
|turn|45
|
|t:|1727819252
|move|p1a: Skarmory|Protect|p1a: Skarmory
|-singleturn|p1a: Skarmory|Protect
|move|p2a: Salamence|Rock Slide|p1a: Skarmory
|-activate|p1a: Skarmory|Protect
|
|-weather|Sandstorm|[upkeep]
|-damage|p2a: Salamence|1/100|[from] Sandstorm
|-heal|p1a: Skarmory|25/100|[from] item: Leftovers
|upkeep
|turn|46
|
|t:|1727819256
|move|p1a: Skarmory|Protect||[still]
|-fail|p1a: Skarmory
|move|p2a: Salamence|Rock Slide|p1a: Skarmory
|-damage|p1a: Skarmory|0 fnt
|faint|p1a: Skarmory
|
|t:|1727819260
|switch|p1a: Blissey|Blissey, F|94/100
|
|-weather|Sandstorm|[upkeep]
|-damage|p2a: Salamence|0 fnt|[from] Sandstorm
|-damage|p1a: Blissey|88/100|[from] Sandstorm
|faint|p2a: Salamence
|-heal|p1a: Blissey|94/100|[from] item: Leftovers
|upkeep
|
|t:|1727819262
|switch|p2a: Kingdra|Kingdra, M|57/100 tox
|-damage|p2a: Kingdra|32/100 tox|[from] Spikes
|turn|47
|
|t:|1727819265
|move|p2a: Kingdra|Rain Dance|p2a: Kingdra
|-weather|RainDance
|move|p1a: Blissey|Ice Beam|p2a: Kingdra
|-damage|p2a: Kingdra|7/100 tox
|
|-weather|RainDance|[upkeep]
|-heal|p2a: Kingdra|13/100 tox|[from] item: Leftovers
|-damage|p2a: Kingdra|7/100 tox|[from] psn
|-heal|p1a: Blissey|99/100|[from] item: Leftovers
|upkeep
|turn|48
|
|t:|1727819269
|move|p2a: Kingdra|Surf|p1a: Blissey
|-damage|p1a: Blissey|72/100
|move|p1a: Blissey|Soft-Boiled|p1a: Blissey
|-heal|p1a: Blissey|100/100
|
|-weather|RainDance|[upkeep]
|-heal|p2a: Kingdra|13/100 tox|[from] item: Leftovers
|-damage|p2a: Kingdra|0 fnt|[from] psn
|faint|p2a: Kingdra
|
|win|Segale
|upkeep

</script>
<script type="application/json" class="data" id="replaydata-smogtours-gen3ou-793849">
{"id":"smogtours-gen3ou-793849","format":"[Gen 3] OU","players":["Segale","KingWafl"],"uploadtime":1727819269,"views":134,"formatid":"gen3ou","rating":null,"private":1,"password":null}
</script>

<script defer src="js/replays.js?9d40a366"></script>
