<!DOCTYPE html>
<meta charset="utf-8" />
<meta name="viewport" content="width=device-width" />

<title>[Gen 3] OU: Elian vs. leoperi99 - Replays - Pok&eacute;mon Showdown!</title>

<meta name="description" content="Watch a replay of a Pok&eacute;mon battle between Elian and leoperi99! Format: [Gen 3] OU; Date: Oct 19, 2024" />
<!--

Hey, you! Looking in the source for the replay log?

You can find them in JSON format, just add `.json` at the end of a replay URL.

https://replay.pokemonshowdown.com/gen7randomdoublesbattle-865046831.json

Or, if you only need the log itself, add `.log` instead:

https://replay.pokemonshowdown.com/gen7randomdoublesbattle-865046831.log

-->

<link rel="stylesheet" href="//pokemonshowdown.com/style/global.css?0.023195364461161105" />
<link rel="stylesheet" href="//play.pokemonshowdown.com/style/font-awesome.css?0.13261647063804238" />
<link rel="stylesheet" href="//play.pokemonshowdown.com/style/battle.css?0.8753245789963631" />
<link rel="stylesheet" href="//play.pokemonshowdown.com/style/utilichart.css?0.8627959624976733" />

<!-- Global site tag (gtag.js) - Google Analytics -->
<script async src="https://www.googletagmanager.com/gtag/js?id=UA-26211653-1"></script>
<script>
  window.dataLayer = window.dataLayer || [];
  function gtag(){dataLayer.push(arguments);}
  gtag('js', new Date());

  gtag('config', 'UA-26211653-1');
</script>
<!-- End Google Analytics -->
<!-- Venatus Ad Manager - Install in <HEAD> of page -->
	<script src="https://hb.vntsm.com/v3/live/ad-manager.min.js" type="text/javascript" data-site-id="642aba63ec9a7b11c3c9c1be" data-mode="scan" async></script>
<!-- / Venatus Ad Manager -->

<style>
	@media (max-width:820px) {
		.battle {
			margin: 0 auto;
		}
		.battle-log {
			margin: 7px auto 0;
			max-width: 640px;
			height: 300px;
			position: static;
		}
	}
	.optgroup {
		display: inline-block;
		line-height: 22px;
		font-size: 10pt;
	}
	.optgroup .button {
		height: 25px;
		padding-top: 0;
		padding-bottom: 0;
	}
	.optgroup button.button {
		padding-left: 12px;
		padding-right: 12px;
	}
	.linklist {
		list-style: none;
		margin: 0.5em 0;
		padding: 0;
	}
	.linklist li {
		padding: 2px 0;
	}
	.sidebar {
		float: left;
		width: 320px;
	}
	.bar-wrapper {
		max-width: 1100px;
		margin: 0 auto;
	}
	.bar-wrapper.has-sidebar {
		max-width: 1430px;
	}
	.mainbar {
		margin: 0;
		padding-right: 1px;
	}
	.mainbar.has-sidebar {
		margin-left: 330px;
	}
	@media (min-width: 1511px) {
		.sidebar {
			width: 400px;
		}
		.bar-wrapper.has-sidebar {
			max-width: 1510px;
		}
		.mainbar.has-sidebar {
			margin-left: 410px;
		}
	}
	.section.first-section {
		margin-top: 9px;
	}
	.blocklink small {
		white-space: normal;
	}
	.button {
		vertical-align: middle;
	}
	.replay-controls {
		padding-top: 10px;
	}
	.replay-controls h1 {
		font-size: 16pt;
		font-weight: normal;
		color: #CCC;
	}
	.pagelink {
		text-align: center;
	}
	.pagelink a {
		width: 150px;
	}
	.textbox, .button {
		font-size: 11pt;
		vertical-align: middle;
	}
	@media (max-width: 450px) {
		.button {
			font-size: 9pt;
		}
	}
</style>

<div>

	<header>
		<div class="nav-wrapper"><ul class="nav">
			<li><a class="button nav-first" href="//pokemonshowdown.com/"><img src="//pokemonshowdown.com/images/pokemonshowdownbeta.png" srcset="//pokemonshowdown.com/images/pokemonshowdownbeta.png 1x, //pokemonshowdown.com/images/pokemonshowdownbeta@2x.png 2x" alt="Pok&eacute;mon Showdown" width="146" height="44" /> Home</a></li>
			<li><a class="button" href="//pokemonshowdown.com/dex/">Pok&eacute;dex</a></li>
			<li><a class="button cur" href="/">Replays</a></li>
			<li><a class="button" href="//pokemonshowdown.com/ladder/">Ladder</a></li>
			<li><a class="button nav-last" href="//pokemonshowdown.com/forums/">Forum</a></li>
			<li><a class="button greenbutton nav-first nav-last" href="//play.pokemonshowdown.com/">Play</a></li>
		</ul></div>
	</header>

	<div class="main" id="main">

		<noscript><section class="section">You need to enable JavaScript to use this page; sorry!</section></noscript>

	</div>

</div>

<script defer nomodule src="//play.pokemonshowdown.com/js/lib/ps-polyfill.js"></script>
<script defer src="//play.pokemonshowdown.com/js/lib/preact.min.js"></script>

<script defer src="//play.pokemonshowdown.com/config/config.js?2bddbc15"></script>
<script defer src="//play.pokemonshowdown.com/js/lib/jquery-1.11.0.min.js"></script>
<script defer src="//play.pokemonshowdown.com/js/lib/html-sanitizer-minified.js"></script>
<script defer src="//play.pokemonshowdown.com/js/battle-sound.js"></script>
<script defer src="//play.pokemonshowdown.com/js/battledata.js?0.7209276989879541"></script>
<script defer src="//play.pokemonshowdown.com/data/pokedex-mini.js?0.6111056340867951"></script>
<script defer src="//play.pokemonshowdown.com/data/pokedex-mini-bw.js?0.3532142036491459"></script>
<script defer src="//play.pokemonshowdown.com/data/graphics.js?0.24223875632456182"></script>
<script defer src="//play.pokemonshowdown.com/data/pokedex.js?0.38839984266356864"></script>
<script defer src="//play.pokemonshowdown.com/data/moves.js?0.21866028504024015"></script>
<script defer src="//play.pokemonshowdown.com/data/abilities.js?0.2005157953846628"></script>
<script defer src="//play.pokemonshowdown.com/data/items.js?0.9894211263848525"></script>
<script defer src="//play.pokemonshowdown.com/data/teambuilder-tables.js?0.6008791140282215"></script>
<script defer src="//play.pokemonshowdown.com/js/battle-tooltips.js?0.7580118955022959"></script>
<script defer src="//play.pokemonshowdown.com/js/battle.js?0.6057722274234274"></script>

<script defer src="js/utils.js?e31f9a17"></script>
<script defer src="js/replays-battle.js?7008c182"></script>

<!-- don't scrape this data! just add .json or .log after the URL!
Full API docs: https://github.com/smogon/pokemon-showdown-client/blob/master/WEB-API.md -->
<script type="text/plain" class="log" id="replaylog-smogtours-gen3ou-800083">
|inactive|Battle timer is ON: inactive players will automatically lose when time's up.
|t:|1729368843
|gametype|singles
|player|p1|Elian|erika-gen2|
|player|p2|leoperi99|hala|
|teamsize|p1|6
|teamsize|p2|6
|gen|3
|tier|[Gen 3] OU
|rule|Sleep Clause Mod: Limit one foe put to sleep
|rule|Switch Priority Clause Mod: Faster Pokémon switch first
|rule|Species Clause: Limit one of each Pokémon
|rule|OHKO Clause: OHKO moves are banned
|rule|Evasion Items Clause: Evasion items are banned
|rule|Evasion Moves Clause: Evasion moves are banned
|rule|Endless Battle Clause: Forcing endless battles is banned
|rule|HP Percentage Mod: HP is shown in percentages
|rule|One Boost Passer Clause: Limit one Baton Passer that has a way to boost its stats
|rule|Freeze Clause Mod: Limit one foe frozen
|
|t:|1729368843
|start
|switch|p1a: Calafiori|Tyranitar, M|100/100
|switch|p2a: Zapdos|Zapdos|100/100
|-weather|Sandstorm|[from] ability: Sand Stream|[of] p1a: Calafiori
|turn|1
|c|☆Elian|hf
|c|☆leoperi99|glhf
|
|t:|1729368870
|move|p2a: Zapdos|Baton Pass|p2a: Zapdos
|
|t:|1729368873
|switch|p2a: Swampert|Swampert, M|100/100|[from] Baton Pass
|move|p1a: Calafiori|Rock Slide|p2a: Swampert
|-resisted|p2a: Swampert
|-damage|p2a: Swampert|79/100
|
|-weather|Sandstorm|[upkeep]
|-heal|p2a: Swampert|86/100|[from] item: Leftovers
|upkeep
|turn|2
|
|t:|1729368884
|move|p2a: Swampert|Substitute|p2a: Swampert
|-start|p2a: Swampert|Substitute
|-damage|p2a: Swampert|61/100
|move|p1a: Calafiori|Substitute|p1a: Calafiori
|-start|p1a: Calafiori|Substitute
|-damage|p1a: Calafiori|75/100
|
|-weather|Sandstorm|[upkeep]
|-heal|p2a: Swampert|67/100|[from] item: Leftovers
|-heal|p1a: Calafiori|82/100|[from] item: Leftovers
|upkeep
|turn|3
|
|t:|1729368888
|-singleturn|p1a: Calafiori|move: Focus Punch
|move|p2a: Swampert|Surf|p1a: Calafiori
|-supereffective|p1a: Calafiori
|-end|p1a: Calafiori|Substitute
|move|p1a: Calafiori|Focus Punch|p2a: Swampert
|-end|p2a: Swampert|Substitute
|
|-weather|Sandstorm|[upkeep]
|-heal|p2a: Swampert|73/100|[from] item: Leftovers
|-heal|p1a: Calafiori|88/100|[from] item: Leftovers
|upkeep
|turn|4
|
|t:|1729368893
|switch|p1a: Huerta>Mbappe|Starmie|100/100
|move|p2a: Swampert|Substitute|p2a: Swampert
|-start|p2a: Swampert|Substitute
|-damage|p2a: Swampert|48/100
|
|-weather|Sandstorm|[upkeep]
|-damage|p1a: Huerta>Mbappe|95/100|[from] Sandstorm
|-heal|p1a: Huerta>Mbappe|100/100|[from] item: Leftovers
|-heal|p2a: Swampert|54/100|[from] item: Leftovers
|upkeep
|turn|5
|
|t:|1729368896
|-singleturn|p2a: Swampert|move: Focus Punch
|move|p1a: Huerta>Mbappe|Ice Beam|p2a: Swampert
|-activate|p2a: Swampert|Substitute|[damage]
|move|p2a: Swampert|Focus Punch|p1a: Huerta>Mbappe
|-resisted|p1a: Huerta>Mbappe
|-damage|p1a: Huerta>Mbappe|78/100
|
|-weather|Sandstorm|[upkeep]
|-damage|p1a: Huerta>Mbappe|72/100|[from] Sandstorm
|-heal|p1a: Huerta>Mbappe|78/100|[from] item: Leftovers
|-heal|p2a: Swampert|60/100|[from] item: Leftovers
|upkeep
|turn|6
|
|t:|1729368918
|move|p1a: Huerta>Mbappe|Ice Beam|p2a: Swampert
|-end|p2a: Swampert|Substitute
|move|p2a: Swampert|Surf|p1a: Huerta>Mbappe
|-resisted|p1a: Huerta>Mbappe
|-damage|p1a: Huerta>Mbappe|53/100
|
|-weather|Sandstorm|[upkeep]
|-damage|p1a: Huerta>Mbappe|47/100|[from] Sandstorm
|-heal|p1a: Huerta>Mbappe|53/100|[from] item: Leftovers
|-heal|p2a: Swampert|67/100|[from] item: Leftovers
|upkeep
|turn|7
|
|t:|1729368924
|switch|p2a: Celebi|Celebi|100/100
|move|p1a: Huerta>Mbappe|Recover|p1a: Huerta>Mbappe
|-heal|p1a: Huerta>Mbappe|100/100
|
|-weather|Sandstorm|[upkeep]
|-damage|p1a: Huerta>Mbappe|95/100|[from] Sandstorm
|-damage|p2a: Celebi|94/100|[from] Sandstorm
|-heal|p1a: Huerta>Mbappe|100/100|[from] item: Leftovers
|-heal|p2a: Celebi|100/100|[from] item: Leftovers
|upkeep
|turn|8
|
|t:|1729368929
|move|p1a: Huerta>Mbappe|Ice Beam|p2a: Celebi
|-supereffective|p2a: Celebi
|-damage|p2a: Celebi|62/100
|move|p2a: Celebi|Baton Pass|p2a: Celebi
|
|t:|1729368935
|switch|p2a: Zapdos|Zapdos|100/100|[from] Baton Pass
|
|-weather|Sandstorm|[upkeep]
|-damage|p1a: Huerta>Mbappe|95/100|[from] Sandstorm
|-damage|p2a: Zapdos|94/100|[from] Sandstorm
|-heal|p1a: Huerta>Mbappe|100/100|[from] item: Leftovers
|-heal|p2a: Zapdos|100/100|[from] item: Leftovers
|upkeep
|turn|9
|
|t:|1729368938
|switch|p1a: Timber|Claydol|100/100
|move|p2a: Zapdos|Thunderbolt|p1a: Timber
|-immune|p1a: Timber
|
|-weather|Sandstorm|[upkeep]
|-damage|p2a: Zapdos|94/100|[from] Sandstorm
|-heal|p2a: Zapdos|100/100|[from] item: Leftovers
|upkeep
|turn|10
|
|t:|1729368941
|move|p2a: Zapdos|Substitute|p2a: Zapdos
|-start|p2a: Zapdos|Substitute
|-damage|p2a: Zapdos|76/100
|move|p1a: Timber|Psychic|p2a: Zapdos
|-crit|p2a: Zapdos
|-end|p2a: Zapdos|Substitute
|
|-weather|Sandstorm|[upkeep]
|-damage|p2a: Zapdos|69/100|[from] Sandstorm
|-heal|p2a: Zapdos|76/100|[from] item: Leftovers
|upkeep
|turn|11
|
|t:|1729368944
|move|p2a: Zapdos|Baton Pass|p2a: Zapdos
|
|t:|1729368949
|switch|p2a: Celebi|Celebi|62/100|[from] Baton Pass
|move|p1a: Timber|Psychic|p2a: Celebi
|-resisted|p2a: Celebi
|-damage|p2a: Celebi|52/100
|
|-weather|Sandstorm|[upkeep]
|-damage|p2a: Celebi|46/100|[from] Sandstorm
|-heal|p2a: Celebi|52/100|[from] item: Leftovers
|upkeep
|turn|12
|
|t:|1729368953
|move|p2a: Celebi|Giga Drain|p1a: Timber
|-supereffective|p1a: Timber
|-damage|p1a: Timber|60/100
|-heal|p2a: Celebi|69/100|[from] drain|[of] p1a: Timber
|move|p1a: Timber|Explosion|p2a: Celebi
|-damage|p2a: Celebi|0 fnt
|faint|p1a: Timber
|faint|p2a: Celebi
|
|t:|1729368959
|switch|p2a: Zapdos|Zapdos|76/100
|switch|p1a: Me at 3 am|Snorlax, M|100/100
|
|-weather|Sandstorm|[upkeep]
|-damage|p2a: Zapdos|69/100|[from] Sandstorm
|-damage|p1a: Me at 3 am|94/100|[from] Sandstorm
|-heal|p2a: Zapdos|76/100|[from] item: Leftovers
|-heal|p1a: Me at 3 am|100/100|[from] item: Leftovers
|upkeep
|turn|13
|
|t:|1729368962
|move|p2a: Zapdos|Baton Pass|p2a: Zapdos
|
|t:|1729368973
|switch|p2a: Tyranitar|Tyranitar, M|100/100|[from] Baton Pass
|move|p1a: Me at 3 am|Body Slam|p2a: Tyranitar
|-resisted|p2a: Tyranitar
|-crit|p2a: Tyranitar
|-damage|p2a: Tyranitar|66/100
|
|-weather|Sandstorm|[upkeep]
|-damage|p1a: Me at 3 am|94/100|[from] Sandstorm
|-heal|p2a: Tyranitar|72/100|[from] item: Leftovers
|-heal|p1a: Me at 3 am|100/100|[from] item: Leftovers
|upkeep
|turn|14
|
|t:|1729368996
|switch|p1a: Ninjask?|Metagross|100/100
|move|p2a: Tyranitar|Rock Slide|p1a: Ninjask?
|-resisted|p1a: Ninjask?
|-damage|p1a: Ninjask?|83/100
|
|-weather|Sandstorm|[upkeep]
|-heal|p1a: Ninjask?|89/100|[from] item: Leftovers
|-heal|p2a: Tyranitar|79/100|[from] item: Leftovers
|upkeep
|turn|15
|
|t:|1729369001
|switch|p2a: Charizard|Charizard, M, shiny|100/100
|move|p1a: Ninjask?|Meteor Mash|p2a: Charizard
|-resisted|p2a: Charizard
|-damage|p2a: Charizard|56/100
|-boost|p1a: Ninjask?|atk|1
|
|-weather|Sandstorm|[upkeep]
|-damage|p2a: Charizard|50/100|[from] Sandstorm
|-heal|p2a: Charizard|56/100|[from] item: Leftovers
|-heal|p1a: Ninjask?|95/100|[from] item: Leftovers
|upkeep
|turn|16
|
|t:|1729369006
|switch|p1a: Huerta>Mbappe|Starmie|100/100
|move|p2a: Charizard|Fire Blast|p1a: Huerta>Mbappe
|-resisted|p1a: Huerta>Mbappe
|-damage|p1a: Huerta>Mbappe|61/100
|
|-weather|Sandstorm|[upkeep]
|-damage|p1a: Huerta>Mbappe|55/100|[from] Sandstorm
|-damage|p2a: Charizard|50/100|[from] Sandstorm
|-heal|p1a: Huerta>Mbappe|61/100|[from] item: Leftovers
|-heal|p2a: Charizard|56/100|[from] item: Leftovers
|upkeep
|turn|17
|
|t:|1729369013
|switch|p2a: Jirachi|Jirachi|100/100
|move|p1a: Huerta>Mbappe|Hydro Pump|p2a: Jirachi|[miss]
|-miss|p1a: Huerta>Mbappe|p2a: Jirachi
|
|-weather|Sandstorm|[upkeep]
|-damage|p1a: Huerta>Mbappe|55/100|[from] Sandstorm
|-heal|p1a: Huerta>Mbappe|61/100|[from] item: Leftovers
|upkeep
|turn|18
|
|t:|1729369018
|switch|p1a: Me at 3 am|Snorlax, M|100/100
|move|p2a: Jirachi|Calm Mind|p2a: Jirachi
|-boost|p2a: Jirachi|spa|1
|-boost|p2a: Jirachi|spd|1
|
|-weather|Sandstorm|[upkeep]
|-damage|p1a: Me at 3 am|94/100|[from] Sandstorm
|-heal|p1a: Me at 3 am|100/100|[from] item: Leftovers
|upkeep
|turn|19
|
|t:|1729369022
|move|p2a: Jirachi|Thunderbolt|p1a: Me at 3 am
|-damage|p1a: Me at 3 am|78/100
|-status|p1a: Me at 3 am|par
|move|p1a: Me at 3 am|Body Slam|p2a: Jirachi
|-resisted|p2a: Jirachi
|-crit|p2a: Jirachi
|-damage|p2a: Jirachi|62/100
|
|-weather|Sandstorm|[upkeep]
|-damage|p1a: Me at 3 am|72/100 par|[from] Sandstorm
|-heal|p2a: Jirachi|68/100|[from] item: Leftovers
|-heal|p1a: Me at 3 am|78/100 par|[from] item: Leftovers
|upkeep
|turn|20
|
|t:|1729369028
|switch|p2a: Tyranitar|Tyranitar, M|79/100
|cant|p1a: Me at 3 am|par
|
|-weather|Sandstorm|[upkeep]
|-damage|p1a: Me at 3 am|72/100 par|[from] Sandstorm
|-heal|p2a: Tyranitar|85/100|[from] item: Leftovers
|-heal|p1a: Me at 3 am|78/100 par|[from] item: Leftovers
|upkeep
|turn|21
|
|t:|1729369033
|switch|p1a: Ninjask?|Metagross|95/100
|move|p2a: Tyranitar|Rock Slide|p1a: Ninjask?
|-resisted|p1a: Ninjask?
|-damage|p1a: Ninjask?|80/100
|
|-weather|Sandstorm|[upkeep]
|-heal|p1a: Ninjask?|86/100|[from] item: Leftovers
|-heal|p2a: Tyranitar|91/100|[from] item: Leftovers
|upkeep
|turn|22
|
|t:|1729369037
|move|p1a: Ninjask?|Meteor Mash|p2a: Tyranitar
|-supereffective|p2a: Tyranitar
|-crit|p2a: Tyranitar
|-damage|p2a: Tyranitar|0 fnt
|faint|p2a: Tyranitar
|
|t:|1729369040
|switch|p2a: Charizard|Charizard, M, shiny|56/100
|
|-weather|Sandstorm|[upkeep]
|-damage|p2a: Charizard|50/100|[from] Sandstorm
|-heal|p2a: Charizard|56/100|[from] item: Leftovers
|-heal|p1a: Ninjask?|92/100|[from] item: Leftovers
|upkeep
|turn|23
|
|t:|1729369044
|switch|p1a: Huerta>Mbappe|Starmie|61/100
|move|p2a: Charizard|Hidden Power|p1a: Huerta>Mbappe
|-supereffective|p1a: Huerta>Mbappe
|-crit|p1a: Huerta>Mbappe
|-damage|p1a: Huerta>Mbappe|0 fnt
|faint|p1a: Huerta>Mbappe
|
|t:|1729369048
|switch|p1a: Calafiori|Tyranitar, M|88/100
|
|-weather|Sandstorm|[upkeep]
|-damage|p2a: Charizard|50/100|[from] Sandstorm
|-heal|p2a: Charizard|56/100|[from] item: Leftovers
|-heal|p1a: Calafiori|94/100|[from] item: Leftovers
|upkeep
|turn|24
|
|t:|1729369068
|switch|p2a: Zapdos|Zapdos|76/100
|move|p1a: Calafiori|Substitute|p1a: Calafiori
|-start|p1a: Calafiori|Substitute
|-damage|p1a: Calafiori|69/100
|
|-weather|Sandstorm|[upkeep]
|-damage|p2a: Zapdos|69/100|[from] Sandstorm
|-heal|p2a: Zapdos|76/100|[from] item: Leftovers
|-heal|p1a: Calafiori|75/100|[from] item: Leftovers
|upkeep
|turn|25
|
|t:|1729369077
|move|p2a: Zapdos|Thunderbolt|p1a: Calafiori
|-end|p1a: Calafiori|Substitute
|move|p1a: Calafiori|Rock Slide|p2a: Zapdos|[miss]
|-miss|p1a: Calafiori|p2a: Zapdos
|
|-weather|Sandstorm|[upkeep]
|-damage|p2a: Zapdos|69/100|[from] Sandstorm
|-heal|p2a: Zapdos|76/100|[from] item: Leftovers
|-heal|p1a: Calafiori|81/100|[from] item: Leftovers
|upkeep
|turn|26
|
|t:|1729369081
|move|p2a: Zapdos|Thunderbolt|p1a: Calafiori
|-damage|p1a: Calafiori|35/100
|move|p1a: Calafiori|Rock Slide|p2a: Zapdos
|-supereffective|p2a: Zapdos
|-damage|p2a: Zapdos|0 fnt
|faint|p2a: Zapdos
|
|t:|1729369098
|switch|p2a: Swampert|Swampert, M|67/100
|
|-weather|Sandstorm|[upkeep]
|-heal|p2a: Swampert|73/100|[from] item: Leftovers
|-heal|p1a: Calafiori|41/100|[from] item: Leftovers
|upkeep
|turn|27
|
|t:|1729369101
|switch|p1a: Ninjask?|Metagross|92/100
|move|p2a: Swampert|Surf|p1a: Ninjask?
|-damage|p1a: Ninjask?|51/100
|
|-weather|Sandstorm|[upkeep]
|-heal|p2a: Swampert|79/100|[from] item: Leftovers
|-heal|p1a: Ninjask?|57/100|[from] item: Leftovers
|upkeep
|turn|28
|
|t:|1729369106
|switch|p2a: Charizard|Charizard, M, shiny|56/100
|move|p1a: Ninjask?|Hidden Power|p2a: Charizard
|-resisted|p2a: Charizard
|-damage|p2a: Charizard|51/100
|
|-weather|Sandstorm|[upkeep]
|-damage|p2a: Charizard|45/100|[from] Sandstorm
|-heal|p2a: Charizard|51/100|[from] item: Leftovers
|-heal|p1a: Ninjask?|63/100|[from] item: Leftovers
|upkeep
|turn|29
|
|t:|1729369109
|switch|p1a: Me at 3 am|Snorlax, M|78/100 par
|move|p2a: Charizard|Fire Blast|p1a: Me at 3 am|[miss]
|-miss|p2a: Charizard|p1a: Me at 3 am
|
|-weather|Sandstorm|[upkeep]
|-damage|p2a: Charizard|45/100|[from] Sandstorm
|-damage|p1a: Me at 3 am|72/100 par|[from] Sandstorm
|-heal|p2a: Charizard|51/100|[from] item: Leftovers
|-heal|p1a: Me at 3 am|78/100 par|[from] item: Leftovers
|upkeep
|turn|30
|
|t:|1729369117
|switch|p2a: Jirachi|Jirachi|68/100
|move|p1a: Me at 3 am|Body Slam|p2a: Jirachi
|-resisted|p2a: Jirachi
|-damage|p2a: Jirachi|49/100
|-status|p2a: Jirachi|par
|
|-weather|Sandstorm|[upkeep]
|-damage|p1a: Me at 3 am|72/100 par|[from] Sandstorm
|-heal|p2a: Jirachi|55/100 par|[from] item: Leftovers
|-heal|p1a: Me at 3 am|78/100 par|[from] item: Leftovers
|upkeep
|turn|31
|
|t:|1729369130
|switch|p1a: Calafiori|Tyranitar, M|41/100
|move|p2a: Jirachi|Psychic|p1a: Calafiori
|-immune|p1a: Calafiori
|
|-weather|Sandstorm|[upkeep]
|-heal|p1a: Calafiori|47/100|[from] item: Leftovers
|-heal|p2a: Jirachi|61/100 par|[from] item: Leftovers
|upkeep
|turn|32
|
|t:|1729369134
|move|p1a: Calafiori|Substitute|p1a: Calafiori
|-start|p1a: Calafiori|Substitute
|-damage|p1a: Calafiori|22/100
|move|p2a: Jirachi|Thunderbolt|p1a: Calafiori
|-end|p1a: Calafiori|Substitute
|
|-weather|Sandstorm|[upkeep]
|-heal|p1a: Calafiori|28/100|[from] item: Leftovers
|-heal|p2a: Jirachi|67/100 par|[from] item: Leftovers
|upkeep
|turn|33
|
|t:|1729369138
|move|p1a: Calafiori|Earthquake|p2a: Jirachi
|-supereffective|p2a: Jirachi
|-damage|p2a: Jirachi|0 fnt
|faint|p2a: Jirachi
|
|t:|1729369141
|switch|p2a: Swampert|Swampert, M|79/100
|
|-weather|Sandstorm|[upkeep]
|-heal|p2a: Swampert|85/100|[from] item: Leftovers
|-heal|p1a: Calafiori|35/100|[from] item: Leftovers
|upkeep
|turn|34
|
|t:|1729369143
|move|p2a: Swampert|Surf|p1a: Calafiori
|-supereffective|p1a: Calafiori
|-damage|p1a: Calafiori|0 fnt
|faint|p1a: Calafiori
|
|t:|1729369145
|switch|p1a: Ninjask?|Metagross|63/100
|
|-weather|Sandstorm|[upkeep]
|-heal|p2a: Swampert|91/100|[from] item: Leftovers
|-heal|p1a: Ninjask?|69/100|[from] item: Leftovers
|upkeep
|turn|35
|
|t:|1729369151
|move|p2a: Swampert|Substitute|p2a: Swampert
|-start|p2a: Swampert|Substitute
|-damage|p2a: Swampert|66/100
|move|p1a: Ninjask?|Hidden Power|p2a: Swampert
|-supereffective|p2a: Swampert
|-end|p2a: Swampert|Substitute
|
|-weather|Sandstorm|[upkeep]
|-heal|p2a: Swampert|73/100|[from] item: Leftovers
|-heal|p1a: Ninjask?|75/100|[from] item: Leftovers
|upkeep
|turn|36
|
|t:|1729369155
|switch|p2a: Charizard|Charizard, M, shiny|51/100
|move|p1a: Ninjask?|Hidden Power|p2a: Charizard
|-resisted|p2a: Charizard
|-damage|p2a: Charizard|46/100
|
|-weather|Sandstorm|[upkeep]
|-damage|p2a: Charizard|40/100|[from] Sandstorm
|-heal|p2a: Charizard|46/100|[from] item: Leftovers
|-heal|p1a: Ninjask?|82/100|[from] item: Leftovers
|upkeep
|turn|37
|
|t:|1729369158
|switch|p1a: Me at 3 am|Snorlax, M|78/100 par
|move|p2a: Charizard|Fire Blast|p1a: Me at 3 am
|-damage|p1a: Me at 3 am|40/100 par
|
|-weather|Sandstorm|[upkeep]
|-damage|p2a: Charizard|40/100|[from] Sandstorm
|-damage|p1a: Me at 3 am|34/100 par|[from] Sandstorm
|-heal|p2a: Charizard|46/100|[from] item: Leftovers
|-heal|p1a: Me at 3 am|40/100 par|[from] item: Leftovers
|upkeep
|turn|38
|
|t:|1729369163
|switch|p2a: Swampert|Swampert, M|73/100
|move|p1a: Me at 3 am|Self-Destruct|p2a: Swampert
|-damage|p2a: Swampert|0 fnt
|faint|p1a: Me at 3 am
|faint|p2a: Swampert
|
|t:|1729369166
|switch|p2a: Charizard|Charizard, M, shiny|46/100
|switch|p1a: El memote|Charizard, M|100/100
|
|-weather|Sandstorm|[upkeep]
|-damage|p1a: El memote|94/100|[from] Sandstorm
|-damage|p2a: Charizard|40/100|[from] Sandstorm
|-heal|p1a: El memote|100/100|[from] item: Leftovers
|-heal|p2a: Charizard|46/100|[from] item: Leftovers
|upkeep
|turn|39
|
|t:|1729369169
|move|p1a: El memote|Fire Blast|p2a: Charizard
|-resisted|p2a: Charizard
|-damage|p2a: Charizard|8/100
|move|p2a: Charizard|Dragon Claw|p1a: El memote
|-damage|p1a: El memote|67/100
|
|-weather|Sandstorm|[upkeep]
|-damage|p1a: El memote|61/100|[from] Sandstorm
|-damage|p2a: Charizard|2/100|[from] Sandstorm
|-heal|p1a: El memote|67/100|[from] item: Leftovers
|-heal|p2a: Charizard|8/100|[from] item: Leftovers
|upkeep
|turn|40
|c|☆leoperi99|ggs
|
|t:|1729369176
|move|p1a: El memote|Hidden Power|p2a: Charizard
|-resisted|p2a: Charizard
|-damage|p2a: Charizard|2/100
|move|p2a: Charizard|Dragon Claw|p1a: El memote
|-damage|p1a: El memote|32/100
|
|-weather|Sandstorm|[upkeep]
|-damage|p1a: El memote|26/100|[from] Sandstorm
|-damage|p2a: Charizard|0 fnt|[from] Sandstorm
|faint|p2a: Charizard
|
|win|Elian
|upkeep
|c|☆Elian|ggs
|player|p2|

</script>
<script type="application/json" class="data" id="replaydata-smogtours-gen3ou-800083">
{"id":"smogtours-gen3ou-800083","format":"[Gen 3] OU","players":["Elian","leoperi99"],"uploadtime":1729369176,"views":112,"formatid":"gen3ou","rating":null,"private":0,"password":null}
</script>

<script defer src="js/replays.js?9d40a366"></script>
