<!DOCTYPE html>
<meta charset="utf-8" />
<meta name="viewport" content="width=device-width" />

<title>[Gen 3] OU: xhoshi vs. oopsalldeoxys - Replays - Pok&eacute;mon Showdown!</title>

<meta name="description" content="Watch a replay of a Pok&eacute;mon battle between xhoshi and oopsalldeoxys! Format: [Gen 3] OU; Date: Oct 14, 2024" />
<!--

Hey, you! Looking in the source for the replay log?

You can find them in JSON format, just add `.json` at the end of a replay URL.

https://replay.pokemonshowdown.com/gen7randomdoublesbattle-865046831.json

Or, if you only need the log itself, add `.log` instead:

https://replay.pokemonshowdown.com/gen7randomdoublesbattle-865046831.log

-->

<link rel="stylesheet" href="//pokemonshowdown.com/style/global.css?0.767286132409787" />
<link rel="stylesheet" href="//play.pokemonshowdown.com/style/font-awesome.css?0.9266228007934947" />
<link rel="stylesheet" href="//play.pokemonshowdown.com/style/battle.css?0.7924700842790926" />
<link rel="stylesheet" href="//play.pokemonshowdown.com/style/utilichart.css?0.8777417872839479" />

<!-- Global site tag (gtag.js) - Google Analytics -->
<script async src="https://www.googletagmanager.com/gtag/js?id=UA-26211653-1"></script>
<script>
  window.dataLayer = window.dataLayer || [];
  function gtag(){dataLayer.push(arguments);}
  gtag('js', new Date());

  gtag('config', 'UA-26211653-1');
</script>
<!-- End Google Analytics -->
<!-- Venatus Ad Manager - Install in <HEAD> of page -->
	<script src="https://hb.vntsm.com/v3/live/ad-manager.min.js" type="text/javascript" data-site-id="642aba63ec9a7b11c3c9c1be" data-mode="scan" async></script>
<!-- / Venatus Ad Manager -->

<style>
	@media (max-width:820px) {
		.battle {
			margin: 0 auto;
		}
		.battle-log {
			margin: 7px auto 0;
			max-width: 640px;
			height: 300px;
			position: static;
		}
	}
	.optgroup {
		display: inline-block;
		line-height: 22px;
		font-size: 10pt;
	}
	.optgroup .button {
		height: 25px;
		padding-top: 0;
		padding-bottom: 0;
	}
	.optgroup button.button {
		padding-left: 12px;
		padding-right: 12px;
	}
	.linklist {
		list-style: none;
		margin: 0.5em 0;
		padding: 0;
	}
	.linklist li {
		padding: 2px 0;
	}
	.sidebar {
		float: left;
		width: 320px;
	}
	.bar-wrapper {
		max-width: 1100px;
		margin: 0 auto;
	}
	.bar-wrapper.has-sidebar {
		max-width: 1430px;
	}
	.mainbar {
		margin: 0;
		padding-right: 1px;
	}
	.mainbar.has-sidebar {
		margin-left: 330px;
	}
	@media (min-width: 1511px) {
		.sidebar {
			width: 400px;
		}
		.bar-wrapper.has-sidebar {
			max-width: 1510px;
		}
		.mainbar.has-sidebar {
			margin-left: 410px;
		}
	}
	.section.first-section {
		margin-top: 9px;
	}
	.blocklink small {
		white-space: normal;
	}
	.button {
		vertical-align: middle;
	}
	.replay-controls {
		padding-top: 10px;
	}
	.replay-controls h1 {
		font-size: 16pt;
		font-weight: normal;
		color: #CCC;
	}
	.pagelink {
		text-align: center;
	}
	.pagelink a {
		width: 150px;
	}
	.textbox, .button {
		font-size: 11pt;
		vertical-align: middle;
	}
	@media (max-width: 450px) {
		.button {
			font-size: 9pt;
		}
	}
</style>

<div>

	<header>
		<div class="nav-wrapper"><ul class="nav">
			<li><a class="button nav-first" href="//pokemonshowdown.com/"><img src="//pokemonshowdown.com/images/pokemonshowdownbeta.png" srcset="//pokemonshowdown.com/images/pokemonshowdownbeta.png 1x, //pokemonshowdown.com/images/pokemonshowdownbeta@2x.png 2x" alt="Pok&eacute;mon Showdown" width="146" height="44" /> Home</a></li>
			<li><a class="button" href="//pokemonshowdown.com/dex/">Pok&eacute;dex</a></li>
			<li><a class="button cur" href="/">Replays</a></li>
			<li><a class="button" href="//pokemonshowdown.com/ladder/">Ladder</a></li>
			<li><a class="button nav-last" href="//pokemonshowdown.com/forums/">Forum</a></li>
			<li><a class="button greenbutton nav-first nav-last" href="//play.pokemonshowdown.com/">Play</a></li>
		</ul></div>
	</header>

	<div class="main" id="main">

		<noscript><section class="section">You need to enable JavaScript to use this page; sorry!</section></noscript>

	</div>

</div>

<script defer nomodule src="//play.pokemonshowdown.com/js/lib/ps-polyfill.js"></script>
<script defer src="//play.pokemonshowdown.com/js/lib/preact.min.js"></script>

<script defer src="//play.pokemonshowdown.com/config/config.js?6dec07f6"></script>
<script defer src="//play.pokemonshowdown.com/js/lib/jquery-1.11.0.min.js"></script>
<script defer src="//play.pokemonshowdown.com/js/lib/html-sanitizer-minified.js"></script>
<script defer src="//play.pokemonshowdown.com/js/battle-sound.js"></script>
<script defer src="//play.pokemonshowdown.com/js/battledata.js?0.6315294753075389"></script>
<script defer src="//play.pokemonshowdown.com/data/pokedex-mini.js?0.7603743185311358"></script>
<script defer src="//play.pokemonshowdown.com/data/pokedex-mini-bw.js?0.030888842834281283"></script>
<script defer src="//play.pokemonshowdown.com/data/graphics.js?0.05593094747507488"></script>
<script defer src="//play.pokemonshowdown.com/data/pokedex.js?0.47064822249611904"></script>
<script defer src="//play.pokemonshowdown.com/data/moves.js?0.8583693120512459"></script>
<script defer src="//play.pokemonshowdown.com/data/abilities.js?0.16017181182386842"></script>
<script defer src="//play.pokemonshowdown.com/data/items.js?0.4163379185673943"></script>
<script defer src="//play.pokemonshowdown.com/data/teambuilder-tables.js?0.31075597372830477"></script>
<script defer src="//play.pokemonshowdown.com/js/battle-tooltips.js?0.6536193500708172"></script>
<script defer src="//play.pokemonshowdown.com/js/battle.js?0.1916591943277901"></script>

<script defer src="js/utils.js?e31f9a17"></script>
<script defer src="js/replays-battle.js?7008c182"></script>

<!-- don't scrape this data! just add .json or .log after the URL!
Full API docs: https://github.com/smogon/pokemon-showdown-client/blob/master/WEB-API.md -->
<script type="text/plain" class="log" id="replaylog-smogtours-gen3ou-798695">
|inactive|Battle timer is ON: inactive players will automatically lose when time's up.
|t:|1728930167
|gametype|singles
|player|p1|xhoshi|170|
|player|p2|oopsalldeoxys|101|
|teamsize|p1|6
|teamsize|p2|6
|gen|3
|tier|[Gen 3] OU
|rule|Sleep Clause Mod: Limit one foe put to sleep
|rule|Switch Priority Clause Mod: Faster Pokémon switch first
|rule|Species Clause: Limit one of each Pokémon
|rule|OHKO Clause: OHKO moves are banned
|rule|Evasion Items Clause: Evasion items are banned
|rule|Evasion Moves Clause: Evasion moves are banned
|rule|Endless Battle Clause: Forcing endless battles is banned
|rule|HP Percentage Mod: HP is shown in percentages
|rule|One Boost Passer Clause: Limit one Baton Passer that has a way to boost its stats
|rule|Freeze Clause Mod: Limit one foe frozen
|
|t:|1728930167
|start
|switch|p1a: Zapdos|Zapdos|100/100
|switch|p2a: Club Classics|Zapdos|100/100
|turn|1
|
|t:|1728930187
|move|p1a: Zapdos|Thunderbolt|p2a: Club Classics
|-damage|p2a: Club Classics|65/100
|-status|p2a: Club Classics|par
|move|p2a: Club Classics|Toxic|p1a: Zapdos
|-status|p1a: Zapdos|tox
|
|-damage|p1a: Zapdos|94/100 tox|[from] psn
|-heal|p2a: Club Classics|71/100 par|[from] item: Leftovers
|upkeep
|turn|2
|
|t:|1728930203
|move|p1a: Zapdos|Rain Dance|p1a: Zapdos
|-weather|RainDance
|cant|p2a: Club Classics|par
|
|-weather|RainDance|[upkeep]
|-heal|p1a: Zapdos|100/100 tox|[from] item: Leftovers
|-damage|p1a: Zapdos|88/100 tox|[from] psn
|-heal|p2a: Club Classics|77/100 par|[from] item: Leftovers
|upkeep
|turn|3
|
|t:|1728930210
|move|p1a: Zapdos|Baton Pass|p1a: Zapdos
|
|t:|1728930212
|switch|p1a: Kingdra|Kingdra, M, shiny|100/100|[from] Baton Pass
|move|p2a: Club Classics|Thunderbolt|p1a: Kingdra
|-damage|p1a: Kingdra|55/100
|
|-weather|RainDance|[upkeep]
|-heal|p2a: Club Classics|83/100 par|[from] item: Leftovers
|upkeep
|turn|4
|
|t:|1728930241
|move|p1a: Kingdra|Surf|p2a: Club Classics
|-damage|p2a: Club Classics|40/100 par
|move|p2a: Club Classics|Rest|p2a: Club Classics
|-status|p2a: Club Classics|slp|[from] move: Rest
|-heal|p2a: Club Classics|100/100 slp|[silent]
|
|-weather|RainDance|[upkeep]
|upkeep
|turn|5
|
|t:|1728930248
|move|p1a: Kingdra|Surf|p2a: Club Classics
|-damage|p2a: Club Classics|57/100 slp
|cant|p2a: Club Classics|slp
|
|-weather|RainDance|[upkeep]
|-heal|p2a: Club Classics|63/100 slp|[from] item: Leftovers
|upkeep
|turn|6
|
|t:|1728930263
|switch|p2a: Von Dutch|Jirachi|100/100
|move|p1a: Kingdra|Surf|p2a: Von Dutch
|-damage|p2a: Von Dutch|57/100
|
|-weather|none
|-heal|p2a: Von Dutch|64/100|[from] item: Leftovers
|upkeep
|turn|7
|
|t:|1728930270
|move|p1a: Kingdra|Rain Dance|p1a: Kingdra
|-weather|RainDance
|move|p2a: Von Dutch|Wish|p2a: Von Dutch
|
|-weather|RainDance|[upkeep]
|-heal|p2a: Von Dutch|70/100|[from] item: Leftovers
|upkeep
|turn|8
|
|t:|1728930272
|move|p1a: Kingdra|Surf|p2a: Von Dutch
|-damage|p2a: Von Dutch|28/100
|move|p2a: Von Dutch|Toxic|p1a: Kingdra
|-status|p1a: Kingdra|tox
|-enditem|p1a: Kingdra|Lum Berry|[eat]
|-curestatus|p1a: Kingdra|tox|[msg]
|
|-heal|p2a: Von Dutch|78/100|[from] move: Wish|[wisher] Von Dutch
|-weather|RainDance|[upkeep]
|-heal|p2a: Von Dutch|85/100|[from] item: Leftovers
|upkeep
|turn|9
|
|t:|1728930277
|move|p2a: Von Dutch|Protect|p2a: Von Dutch
|-singleturn|p2a: Von Dutch|Protect
|move|p1a: Kingdra|Surf|p2a: Von Dutch
|-activate|p2a: Von Dutch|Protect
|
|-weather|RainDance|[upkeep]
|-heal|p2a: Von Dutch|91/100|[from] item: Leftovers
|upkeep
|turn|10
|
|t:|1728930284
|move|p1a: Kingdra|Surf|p2a: Von Dutch
|-damage|p2a: Von Dutch|46/100
|move|p2a: Von Dutch|Wish|p2a: Von Dutch
|
|-weather|RainDance|[upkeep]
|-heal|p2a: Von Dutch|52/100|[from] item: Leftovers
|upkeep
|turn|11
|
|t:|1728930298
|move|p2a: Von Dutch|Protect|p2a: Von Dutch
|-singleturn|p2a: Von Dutch|Protect
|move|p1a: Kingdra|Surf|p2a: Von Dutch
|-activate|p2a: Von Dutch|Protect
|
|-heal|p2a: Von Dutch|100/100|[from] move: Wish|[wisher] Von Dutch
|-weather|none
|upkeep
|turn|12
|
|t:|1728930304
|switch|p1a: Dugtrio|Dugtrio, M|100/100
|move|p2a: Von Dutch|Toxic|p1a: Dugtrio|[miss]
|-miss|p2a: Von Dutch|p1a: Dugtrio
|
|upkeep
|turn|13
|
|t:|1728930311
|move|p1a: Dugtrio|Earthquake|p2a: Von Dutch
|-supereffective|p2a: Von Dutch
|-damage|p2a: Von Dutch|18/100
|move|p2a: Von Dutch|Fire Punch|p1a: Dugtrio
|-damage|p1a: Dugtrio|73/100
|
|-heal|p2a: Von Dutch|25/100|[from] item: Leftovers
|upkeep
|turn|14
|
|t:|1728930316
|move|p1a: Dugtrio|Earthquake|p2a: Von Dutch
|-supereffective|p2a: Von Dutch
|-damage|p2a: Von Dutch|0 fnt
|faint|p2a: Von Dutch
|
|t:|1728930319
|switch|p2a: Rewind|Skarmory, F, shiny|100/100
|
|upkeep
|turn|15
|
|t:|1728930328
|switch|p1a: Zapdos|Zapdos|88/100 tox
|move|p2a: Rewind|Spikes|p1a: Zapdos
|-sidestart|p1: xhoshi|Spikes
|
|-heal|p1a: Zapdos|94/100 tox|[from] item: Leftovers
|-damage|p1a: Zapdos|88/100 tox|[from] psn
|upkeep
|turn|16
|
|t:|1728930337
|switch|p2a: Club Classics|Zapdos|63/100 slp
|move|p1a: Zapdos|Thunderbolt|p2a: Club Classics
|-damage|p2a: Club Classics|28/100 slp
|
|-heal|p1a: Zapdos|94/100 tox|[from] item: Leftovers
|-damage|p1a: Zapdos|82/100 tox|[from] psn
|-heal|p2a: Club Classics|34/100 slp|[from] item: Leftovers
|upkeep
|turn|17
|
|t:|1728930342
|switch|p2a: Talk talk|Flygon, F, shiny|100/100
|move|p1a: Zapdos|Thunderbolt|p2a: Talk talk
|-immune|p2a: Talk talk
|
|-heal|p1a: Zapdos|88/100 tox|[from] item: Leftovers
|-damage|p1a: Zapdos|69/100 tox|[from] psn
|upkeep
|turn|18
|
|t:|1728930349
|move|p1a: Zapdos|Rain Dance|p1a: Zapdos
|-weather|RainDance
|move|p2a: Talk talk|Rock Slide|p1a: Zapdos
|-supereffective|p1a: Zapdos
|-damage|p1a: Zapdos|24/100 tox
|
|-weather|RainDance|[upkeep]
|-heal|p1a: Zapdos|30/100 tox|[from] item: Leftovers
|-damage|p1a: Zapdos|5/100 tox|[from] psn
|upkeep
|turn|19
|
|t:|1728930353
|move|p1a: Zapdos|Hidden Power|p2a: Talk talk
|-damage|p2a: Talk talk|71/100
|move|p2a: Talk talk|Earthquake|p1a: Zapdos
|-immune|p1a: Zapdos
|
|-weather|RainDance|[upkeep]
|-heal|p1a: Zapdos|12/100 tox|[from] item: Leftovers
|-damage|p1a: Zapdos|0 fnt|[from] psn
|faint|p1a: Zapdos
|-heal|p2a: Talk talk|77/100|[from] item: Leftovers
|upkeep
|
|t:|1728930356
|switch|p1a: Kingdra|Kingdra, M, shiny|55/100
|-damage|p1a: Kingdra|43/100|[from] Spikes
|turn|20
|
|t:|1728930360
|move|p2a: Talk talk|Protect|p2a: Talk talk
|-singleturn|p2a: Talk talk|Protect
|move|p1a: Kingdra|Ice Beam|p2a: Talk talk
|-activate|p2a: Talk talk|Protect
|
|-weather|RainDance|[upkeep]
|-heal|p2a: Talk talk|83/100|[from] item: Leftovers
|upkeep
|turn|21
|
|t:|1728930364
|switch|p2a: Rewind|Skarmory, F, shiny|100/100
|move|p1a: Kingdra|Ice Beam|p2a: Rewind
|-crit|p2a: Rewind
|-damage|p2a: Rewind|43/100
|
|-weather|RainDance|[upkeep]
|-heal|p2a: Rewind|49/100|[from] item: Leftovers
|upkeep
|turn|22
|
|t:|1728930379
|move|p2a: Rewind|Protect|p2a: Rewind
|-singleturn|p2a: Rewind|Protect
|move|p1a: Kingdra|Rain Dance||[still]
|-fail|p1a: Kingdra
|
|-weather|none
|-heal|p2a: Rewind|55/100|[from] item: Leftovers
|upkeep
|turn|23
|
|t:|1728930386
|move|p1a: Kingdra|Rain Dance|p1a: Kingdra
|-weather|RainDance
|move|p2a: Rewind|Roar|p1a: Kingdra
|drag|p1a: Dugtrio|Dugtrio, M|73/100
|-damage|p1a: Dugtrio|60/100|[from] Spikes
|
|-weather|RainDance|[upkeep]
|-heal|p2a: Rewind|61/100|[from] item: Leftovers
|upkeep
|turn|24
|
|t:|1728930391
|switch|p1a: Kingdra|Kingdra, M, shiny|43/100
|-damage|p1a: Kingdra|31/100|[from] Spikes
|move|p2a: Rewind|Drill Peck|p1a: Kingdra
|-damage|p1a: Kingdra|4/100
|
|-weather|RainDance|[upkeep]
|-heal|p2a: Rewind|67/100|[from] item: Leftovers
|upkeep
|turn|25
|
|t:|1728930396
|move|p2a: Rewind|Protect|p2a: Rewind
|-singleturn|p2a: Rewind|Protect
|move|p1a: Kingdra|Surf|p2a: Rewind
|-activate|p2a: Rewind|Protect
|
|-weather|RainDance|[upkeep]
|-heal|p2a: Rewind|73/100|[from] item: Leftovers
|upkeep
|turn|26
|
|t:|1728930400
|move|p1a: Kingdra|Surf|p2a: Rewind
|-damage|p2a: Rewind|10/100
|move|p2a: Rewind|Drill Peck|p1a: Kingdra
|-crit|p1a: Kingdra
|-damage|p1a: Kingdra|0 fnt
|faint|p1a: Kingdra
|
|t:|1728930423
|switch|p1a: Suicune|Suicune|100/100
|-damage|p1a: Suicune|88/100|[from] Spikes
|
|-weather|RainDance|[upkeep]
|-heal|p1a: Suicune|94/100|[from] item: Leftovers
|-heal|p2a: Rewind|16/100|[from] item: Leftovers
|upkeep
|turn|27
|
|t:|1728930428
|move|p1a: Suicune|Ice Beam|p2a: Rewind
|-damage|p2a: Rewind|0 fnt
|faint|p2a: Rewind
|
|t:|1728930441
|switch|p2a: Mean Girls|Gengar, F, shiny|100/100
|
|-weather|none
|-heal|p1a: Suicune|100/100|[from] item: Leftovers
|upkeep
|turn|28
|
|t:|1728930452
|switch|p1a: Dugtrio|Dugtrio, M|60/100
|-damage|p1a: Dugtrio|48/100|[from] Spikes
|move|p2a: Mean Girls|Will-O-Wisp|p1a: Dugtrio|[miss]
|-miss|p2a: Mean Girls|p1a: Dugtrio
|
|upkeep
|turn|29
|
|t:|1728930460
|switch|p2a: Talk talk|Flygon, F, shiny|83/100
|move|p1a: Dugtrio|Beat Up|p2a: Talk talk
|-damage|p2a: Talk talk|81/100
|-damage|p2a: Talk talk|77/100
|-damage|p2a: Talk talk|74/100
|-damage|p2a: Talk talk|71/100
|-hitcount|p2a: Talk talk|4
|
|-heal|p2a: Talk talk|77/100|[from] item: Leftovers
|upkeep
|turn|30
|
|t:|1728930467
|switch|p2a: Club Classics|Zapdos|34/100 slp
|move|p1a: Dugtrio|Beat Up|p2a: Club Classics
|-damage|p2a: Club Classics|32/100 slp
|-damage|p2a: Club Classics|29/100 slp
|-damage|p2a: Club Classics|27/100 slp
|-damage|p2a: Club Classics|23/100 slp
|-hitcount|p2a: Club Classics|4
|
|-heal|p2a: Club Classics|29/100 slp|[from] item: Leftovers
|upkeep
|turn|31
|
|t:|1728930475
|switch|p1a: Metagross|Metagross|100/100
|-damage|p1a: Metagross|88/100|[from] Spikes
|cant|p2a: Club Classics|slp
|
|-heal|p2a: Club Classics|36/100 slp|[from] item: Leftovers
|-heal|p1a: Metagross|94/100|[from] item: Leftovers
|upkeep
|turn|32
|
|t:|1728930482
|switch|p2a: Talk talk|Flygon, F, shiny|77/100
|move|p1a: Metagross|Rock Slide|p2a: Talk talk
|-resisted|p2a: Talk talk
|-damage|p2a: Talk talk|65/100
|
|-heal|p2a: Talk talk|71/100|[from] item: Leftovers
|-heal|p1a: Metagross|99/100|[from] item: Leftovers
|upkeep
|turn|33
|
|t:|1728930495
|switch|p2a: B2b|Moltres|100/100
|switch|p1a: Dugtrio|Dugtrio, M|48/100
|-damage|p1a: Dugtrio|36/100|[from] Spikes
|
|upkeep
|turn|34
|
|t:|1728930508
|move|p1a: Dugtrio|Aerial Ace|p2a: B2b
|-damage|p2a: B2b|76/100
|move|p2a: B2b|Fire Blast|p1a: Dugtrio
|-crit|p1a: Dugtrio
|-damage|p1a: Dugtrio|0 fnt
|faint|p1a: Dugtrio
|inactive|xhoshi has 270 seconds left.
|
|t:|1728930533
|switch|p1a: Suicune|Suicune|100/100
|-damage|p1a: Suicune|88/100|[from] Spikes
|
|-heal|p1a: Suicune|94/100|[from] item: Leftovers
|-heal|p2a: B2b|82/100|[from] item: Leftovers
|upkeep
|turn|35
|
|t:|1728930539
|move|p1a: Suicune|Calm Mind|p1a: Suicune
|-boost|p1a: Suicune|spa|1
|-boost|p1a: Suicune|spd|1
|move|p2a: B2b|Toxic|p1a: Suicune
|-status|p1a: Suicune|tox
|
|-heal|p1a: Suicune|100/100 tox|[from] item: Leftovers
|-damage|p1a: Suicune|94/100 tox|[from] psn
|-heal|p2a: B2b|88/100|[from] item: Leftovers
|upkeep
|turn|36
|
|t:|1728930559
|move|p2a: B2b|Protect|p2a: B2b
|-singleturn|p2a: B2b|Protect
|move|p1a: Suicune|Calm Mind|p1a: Suicune
|-boost|p1a: Suicune|spa|1
|-boost|p1a: Suicune|spd|1
|
|-heal|p1a: Suicune|100/100 tox|[from] item: Leftovers
|-damage|p1a: Suicune|88/100 tox|[from] psn
|-heal|p2a: B2b|94/100|[from] item: Leftovers
|upkeep
|turn|37
|
|t:|1728930562
|move|p1a: Suicune|Hydro Pump|p2a: B2b
|-supereffective|p2a: B2b
|-damage|p2a: B2b|0 fnt
|faint|p2a: B2b
|inactive|oopsalldeoxys has 270 seconds left.
|inactive|oopsalldeoxys has 240 seconds left.
|
|t:|1728930624
|switch|p2a: Talk talk|Flygon, F, shiny|71/100
|
|-heal|p1a: Suicune|94/100 tox|[from] item: Leftovers
|-damage|p1a: Suicune|76/100 tox|[from] psn
|-heal|p2a: Talk talk|77/100|[from] item: Leftovers
|upkeep
|turn|38
|
|t:|1728930627
|move|p2a: Talk talk|Protect|p2a: Talk talk
|-singleturn|p2a: Talk talk|Protect
|move|p1a: Suicune|Ice Beam|p2a: Talk talk
|-activate|p2a: Talk talk|Protect
|
|-heal|p1a: Suicune|82/100 tox|[from] item: Leftovers
|-damage|p1a: Suicune|58/100 tox|[from] psn
|-heal|p2a: Talk talk|83/100|[from] item: Leftovers
|upkeep
|turn|39
|
|t:|1728930631
|switch|p2a: Club Classics|Zapdos|36/100 slp
|move|p1a: Suicune|Ice Beam|p2a: Club Classics
|-supereffective|p2a: Club Classics
|-damage|p2a: Club Classics|0 fnt
|faint|p2a: Club Classics
|
|t:|1728930636
|switch|p2a: Talk talk|Flygon, F, shiny|83/100
|
|-heal|p1a: Suicune|64/100 tox|[from] item: Leftovers
|-damage|p1a: Suicune|33/100 tox|[from] psn
|-heal|p2a: Talk talk|90/100|[from] item: Leftovers
|upkeep
|turn|40
|
|t:|1728930640
|switch|p1a: Heracross|Heracross, M, shiny|100/100
|-damage|p1a: Heracross|88/100|[from] Spikes
|move|p2a: Talk talk|Protect||[still]
|-fail|p2a: Talk talk
|
|-heal|p2a: Talk talk|96/100|[from] item: Leftovers
|upkeep
|turn|41
|inactive|oopsalldeoxys has 270 seconds left.
|
|t:|1728930670
|move|p1a: Heracross|Swords Dance|p1a: Heracross
|-boost|p1a: Heracross|atk|2
|move|p2a: Talk talk|Rock Slide|p1a: Heracross
|-damage|p1a: Heracross|63/100
|
|-heal|p2a: Talk talk|100/100|[from] item: Leftovers
|upkeep
|turn|42
|
|t:|1728930691
|switch|p2a: Mean Girls|Gengar, F, shiny|100/100
|move|p1a: Heracross|Swords Dance|p1a: Heracross
|-boost|p1a: Heracross|atk|2
|
|upkeep
|turn|43
|
|t:|1728930696
|move|p2a: Mean Girls|Thunderbolt|p1a: Heracross
|-damage|p1a: Heracross|28/100
|move|p1a: Heracross|Megahorn|p2a: Mean Girls
|-resisted|p2a: Mean Girls
|-damage|p2a: Mean Girls|0 fnt
|faint|p2a: Mean Girls
|
|t:|1728930700
|switch|p2a: Talk talk|Flygon, F, shiny|100/100
|
|upkeep
|turn|44
|
|t:|1728930705
|move|p1a: Heracross|Endure|p1a: Heracross
|-singleturn|p1a: Heracross|move: Endure
|move|p2a: Talk talk|Rock Slide|p1a: Heracross
|-damage|p1a: Heracross|4/100
|
|-enditem|p1a: Heracross|Salac Berry|[eat]
|-boost|p1a: Heracross|spe|1|[from] item: Salac Berry
|upkeep
|turn|45
|
|t:|1728930710
|move|p1a: Heracross|Reversal|p2a: Talk talk
|-damage|p2a: Talk talk|0 fnt
|faint|p2a: Talk talk
|
|win|xhoshi
|c|☆xhoshi|gg

</script>
<script type="application/json" class="data" id="replaydata-smogtours-gen3ou-798695">
{"id":"smogtours-gen3ou-798695","format":"[Gen 3] OU","players":["xhoshi","oopsalldeoxys"],"uploadtime":1728930710,"views":143,"formatid":"gen3ou","rating":null,"private":0,"password":null}
</script>

<script defer src="js/replays.js?9d40a366"></script>
