<!DOCTYPE html>
<meta charset="utf-8" />
<meta name="viewport" content="width=device-width" />

<title>[Gen 3] OU: Oskari SOSA vs. stypur - Replays - Pok&eacute;mon Showdown!</title>

<meta name="description" content="Watch a replay of a Pok&eacute;mon battle between Oskari SOSA and stypur! Format: [Gen 3] OU; Date: Nov 6, 2024" />
<!--

Hey, you! Looking in the source for the replay log?

You can find them in JSON format, just add `.json` at the end of a replay URL.

https://replay.pokemonshowdown.com/gen7randomdoublesbattle-865046831.json

Or, if you only need the log itself, add `.log` instead:

https://replay.pokemonshowdown.com/gen7randomdoublesbattle-865046831.log

-->

<link rel="stylesheet" href="//pokemonshowdown.com/style/global.css?0.023195364461161105" />
<link rel="stylesheet" href="//play.pokemonshowdown.com/style/font-awesome.css?0.13261647063804238" />
<link rel="stylesheet" href="//play.pokemonshowdown.com/style/battle.css?0.8753245789963631" />
<link rel="stylesheet" href="//play.pokemonshowdown.com/style/utilichart.css?0.8627959624976733" />

<!-- Global site tag (gtag.js) - Google Analytics -->
<script async src="https://www.googletagmanager.com/gtag/js?id=UA-26211653-1"></script>
<script>
  window.dataLayer = window.dataLayer || [];
  function gtag(){dataLayer.push(arguments);}
  gtag('js', new Date());

  gtag('config', 'UA-26211653-1');
</script>
<!-- End Google Analytics -->
<!-- Venatus Ad Manager - Install in <HEAD> of page -->
	<script src="https://hb.vntsm.com/v3/live/ad-manager.min.js" type="text/javascript" data-site-id="642aba63ec9a7b11c3c9c1be" data-mode="scan" async></script>
<!-- / Venatus Ad Manager -->

<style>
	@media (max-width:820px) {
		.battle {
			margin: 0 auto;
		}
		.battle-log {
			margin: 7px auto 0;
			max-width: 640px;
			height: 300px;
			position: static;
		}
	}
	.optgroup {
		display: inline-block;
		line-height: 22px;
		font-size: 10pt;
	}
	.optgroup .button {
		height: 25px;
		padding-top: 0;
		padding-bottom: 0;
	}
	.optgroup button.button {
		padding-left: 12px;
		padding-right: 12px;
	}
	.linklist {
		list-style: none;
		margin: 0.5em 0;
		padding: 0;
	}
	.linklist li {
		padding: 2px 0;
	}
	.sidebar {
		float: left;
		width: 320px;
	}
	.bar-wrapper {
		max-width: 1100px;
		margin: 0 auto;
	}
	.bar-wrapper.has-sidebar {
		max-width: 1430px;
	}
	.mainbar {
		margin: 0;
		padding-right: 1px;
	}
	.mainbar.has-sidebar {
		margin-left: 330px;
	}
	@media (min-width: 1511px) {
		.sidebar {
			width: 400px;
		}
		.bar-wrapper.has-sidebar {
			max-width: 1510px;
		}
		.mainbar.has-sidebar {
			margin-left: 410px;
		}
	}
	.section.first-section {
		margin-top: 9px;
	}
	.blocklink small {
		white-space: normal;
	}
	.button {
		vertical-align: middle;
	}
	.replay-controls {
		padding-top: 10px;
	}
	.replay-controls h1 {
		font-size: 16pt;
		font-weight: normal;
		color: #CCC;
	}
	.pagelink {
		text-align: center;
	}
	.pagelink a {
		width: 150px;
	}
	.textbox, .button {
		font-size: 11pt;
		vertical-align: middle;
	}
	@media (max-width: 450px) {
		.button {
			font-size: 9pt;
		}
	}
</style>

<div>

	<header>
		<div class="nav-wrapper"><ul class="nav">
			<li><a class="button nav-first" href="//pokemonshowdown.com/"><img src="//pokemonshowdown.com/images/pokemonshowdownbeta.png" srcset="//pokemonshowdown.com/images/pokemonshowdownbeta.png 1x, //pokemonshowdown.com/images/pokemonshowdownbeta@2x.png 2x" alt="Pok&eacute;mon Showdown" width="146" height="44" /> Home</a></li>
			<li><a class="button" href="//pokemonshowdown.com/dex/">Pok&eacute;dex</a></li>
			<li><a class="button cur" href="/">Replays</a></li>
			<li><a class="button" href="//pokemonshowdown.com/ladder/">Ladder</a></li>
			<li><a class="button nav-last" href="//pokemonshowdown.com/forums/">Forum</a></li>
			<li><a class="button greenbutton nav-first nav-last" href="//play.pokemonshowdown.com/">Play</a></li>
		</ul></div>
	</header>

	<div class="main" id="main">

		<noscript><section class="section">You need to enable JavaScript to use this page; sorry!</section></noscript>

	</div>

</div>

<script defer nomodule src="//play.pokemonshowdown.com/js/lib/ps-polyfill.js"></script>
<script defer src="//play.pokemonshowdown.com/js/lib/preact.min.js"></script>

<script defer src="//play.pokemonshowdown.com/config/config.js?2bddbc15"></script>
<script defer src="//play.pokemonshowdown.com/js/lib/jquery-1.11.0.min.js"></script>
<script defer src="//play.pokemonshowdown.com/js/lib/html-sanitizer-minified.js"></script>
<script defer src="//play.pokemonshowdown.com/js/battle-sound.js"></script>
<script defer src="//play.pokemonshowdown.com/js/battledata.js?0.7209276989879541"></script>
<script defer src="//play.pokemonshowdown.com/data/pokedex-mini.js?0.6111056340867951"></script>
<script defer src="//play.pokemonshowdown.com/data/pokedex-mini-bw.js?0.3532142036491459"></script>
<script defer src="//play.pokemonshowdown.com/data/graphics.js?0.24223875632456182"></script>
<script defer src="//play.pokemonshowdown.com/data/pokedex.js?0.38839984266356864"></script>
<script defer src="//play.pokemonshowdown.com/data/moves.js?0.21866028504024015"></script>
<script defer src="//play.pokemonshowdown.com/data/abilities.js?0.2005157953846628"></script>
<script defer src="//play.pokemonshowdown.com/data/items.js?0.9894211263848525"></script>
<script defer src="//play.pokemonshowdown.com/data/teambuilder-tables.js?0.6008791140282215"></script>
<script defer src="//play.pokemonshowdown.com/js/battle-tooltips.js?0.7580118955022959"></script>
<script defer src="//play.pokemonshowdown.com/js/battle.js?0.6057722274234274"></script>

<script defer src="js/utils.js?e31f9a17"></script>
<script defer src="js/replays-battle.js?7008c182"></script>

<!-- don't scrape this data! just add .json or .log after the URL!
Full API docs: https://github.com/smogon/pokemon-showdown-client/blob/master/WEB-API.md -->
<script type="text/plain" class="log" id="replaylog-smogtours-gen3ou-804968">
|inactive|Battle timer is ON: inactive players will automatically lose when time's up.
|t:|1730861402
|gametype|singles
|player|p1|Oskari SOSA|giovanni|
|player|p2|stypur|swimmerf|
|teamsize|p1|6
|teamsize|p2|6
|gen|3
|tier|[Gen 3] OU
|rule|Sleep Clause Mod: Limit one foe put to sleep
|rule|Switch Priority Clause Mod: Faster Pokémon switch first
|rule|Species Clause: Limit one of each Pokémon
|rule|OHKO Clause: OHKO moves are banned
|rule|Evasion Items Clause: Evasion items are banned
|rule|Evasion Moves Clause: Evasion moves are banned
|rule|Endless Battle Clause: Forcing endless battles is banned
|rule|HP Percentage Mod: HP is shown in percentages
|rule|One Boost Passer Clause: Limit one Baton Passer that has a way to boost its stats
|rule|Freeze Clause Mod: Limit one foe frozen
|
|t:|1730861402
|start
|switch|p1a: Metagross|Metagross|100/100
|switch|p2a: Regirock|Regirock|100/100
|turn|1
|
|t:|1730861427
|switch|p2a: Magneton|Magneton|100/100
|move|p1a: Metagross|Meteor Mash|p2a: Magneton
|-resisted|p2a: Magneton
|-damage|p2a: Magneton|83/100
|
|upkeep
|turn|2
|
|t:|1730861437
|switch|p2a: Suicune|Suicune|100/100
|move|p1a: Metagross|Earthquake|p2a: Suicune
|-damage|p2a: Suicune|76/100
|
|-heal|p2a: Suicune|83/100|[from] item: Leftovers
|upkeep
|turn|3
|
|t:|1730861452
|switch|p2a: Regirock|Regirock|100/100
|switch|p1a: Suicune|Suicune|100/100
|
|upkeep
|turn|4
|
|t:|1730861461
|switch|p1a: Metagross|Metagross|100/100
|move|p2a: Regirock|Thunder Wave|p1a: Metagross
|-status|p1a: Metagross|par
|
|upkeep
|turn|5
|
|t:|1730861481
|move|p2a: Regirock|Earthquake|p1a: Metagross
|-supereffective|p1a: Metagross
|-damage|p1a: Metagross|62/100 par
|move|p1a: Metagross|Earthquake|p2a: Regirock
|-supereffective|p2a: Regirock
|-damage|p2a: Regirock|67/100
|
|-heal|p2a: Regirock|73/100|[from] item: Leftovers
|-heal|p1a: Metagross|68/100 par|[from] item: Leftovers
|upkeep
|turn|6
|
|t:|1730861501
|switch|p2a: Metagross|Metagross|100/100
|cant|p1a: Metagross|par
|
|-heal|p1a: Metagross|75/100 par|[from] item: Leftovers
|upkeep
|turn|7
|
|t:|1730861508
|move|p1a: Metagross|Protect|p1a: Metagross
|-singleturn|p1a: Metagross|Protect
|move|p2a: Metagross|Earthquake|p1a: Metagross
|-activate|p1a: Metagross|Protect
|
|-heal|p1a: Metagross|81/100 par|[from] item: Leftovers
|upkeep
|turn|8
|
|t:|1730861515
|switch|p1a: Suicune|Suicune|100/100
|move|p2a: Metagross|Explosion|p1a: Suicune
|-damage|p1a: Suicune|0 fnt
|faint|p2a: Metagross
|faint|p1a: Suicune
|
|t:|1730861524
|switch|p2a: Regirock|Regirock|73/100
|switch|p1a: Metagross|Metagross|81/100 par
|
|-heal|p2a: Regirock|79/100|[from] item: Leftovers
|-heal|p1a: Metagross|87/100 par|[from] item: Leftovers
|upkeep
|turn|9
|
|t:|1730861528
|move|p2a: Regirock|Earthquake|p1a: Metagross
|-supereffective|p1a: Metagross
|-damage|p1a: Metagross|52/100 par
|move|p1a: Metagross|Meteor Mash|p2a: Regirock
|-supereffective|p2a: Regirock
|-damage|p2a: Regirock|28/100
|
|-heal|p2a: Regirock|34/100|[from] item: Leftovers
|-heal|p1a: Metagross|58/100 par|[from] item: Leftovers
|upkeep
|turn|10
|
|t:|1730861536
|move|p2a: Regirock|Earthquake|p1a: Metagross
|-supereffective|p1a: Metagross
|-damage|p1a: Metagross|18/100 par
|move|p1a: Metagross|Earthquake|p2a: Regirock
|-supereffective|p2a: Regirock
|-damage|p2a: Regirock|4/100
|
|-heal|p2a: Regirock|10/100|[from] item: Leftovers
|-heal|p1a: Metagross|24/100 par|[from] item: Leftovers
|upkeep
|turn|11
|
|t:|1730861543
|switch|p1a: Claydol|Claydol|100/100
|move|p2a: Regirock|Earthquake|p1a: Claydol
|-immune|p1a: Claydol
|
|-heal|p2a: Regirock|16/100|[from] item: Leftovers
|upkeep
|turn|12
|
|t:|1730861548
|switch|p2a: Salamence|Salamence, F|100/100
|-ability|p2a: Salamence|Intimidate|boost
|-unboost|p1a: Claydol|atk|1
|move|p1a: Claydol|Earthquake|p2a: Salamence
|-immune|p2a: Salamence
|
|upkeep
|turn|13
|
|t:|1730861556
|switch|p2a: Regirock|Regirock|16/100
|switch|p1a: Blissey|Blissey, F|100/100
|
|-heal|p2a: Regirock|22/100|[from] item: Leftovers
|upkeep
|turn|14
|
|t:|1730861565
|switch|p1a: Metagross|Metagross|24/100 par
|move|p2a: Regirock|Explosion|p1a: Metagross
|-resisted|p1a: Metagross
|-damage|p1a: Metagross|0 fnt
|faint|p2a: Regirock
|faint|p1a: Metagross
|
|t:|1730861576
|switch|p1a: Blissey|Blissey, F|100/100
|switch|p2a: Snorlax|Snorlax, F|100/100
|
|upkeep
|turn|15
|
|t:|1730861589
|switch|p1a: Skarmory|Skarmory, M|100/100
|move|p2a: Snorlax|Curse|p2a: Snorlax
|-unboost|p2a: Snorlax|spe|1
|-boost|p2a: Snorlax|atk|1
|-boost|p2a: Snorlax|def|1
|
|upkeep
|turn|16
|
|t:|1730861593
|switch|p2a: Magneton|Magneton|83/100
|move|p1a: Skarmory|Spikes|p2a: Magneton
|-sidestart|p2: stypur|Spikes
|
|upkeep
|turn|17
|
|t:|1730861599
|move|p2a: Magneton|Thunderbolt|p1a: Skarmory
|-supereffective|p1a: Skarmory
|-damage|p1a: Skarmory|4/100
|move|p1a: Skarmory|Spikes|p2a: Magneton
|-sidestart|p2: stypur|Spikes
|
|-heal|p1a: Skarmory|10/100|[from] item: Leftovers
|upkeep
|turn|18
|
|t:|1730861603
|move|p2a: Magneton|Thunderbolt|p1a: Skarmory
|-supereffective|p1a: Skarmory
|-damage|p1a: Skarmory|0 fnt
|faint|p1a: Skarmory
|
|t:|1730861605
|switch|p1a: Blissey|Blissey, F|100/100
|
|upkeep
|turn|19
|
|t:|1730861612
|move|p2a: Magneton|Toxic|p1a: Blissey|[miss]
|-miss|p2a: Magneton|p1a: Blissey
|move|p1a: Blissey|Seismic Toss|p2a: Magneton
|-damage|p2a: Magneton|42/100
|
|upkeep
|turn|20
|
|t:|1730861620
|switch|p1a: Magneton|Magneton|100/100
|move|p2a: Magneton|Toxic|p1a: Magneton
|-immune|p1a: Magneton
|
|upkeep
|turn|21
|
|t:|1730861624
|move|p1a: Magneton|Hidden Power|p2a: Magneton
|-supereffective|p2a: Magneton
|-crit|p2a: Magneton
|-damage|p2a: Magneton|0 fnt
|faint|p2a: Magneton
|
|t:|1730861627
|switch|p2a: Snorlax|Snorlax, F|100/100
|-damage|p2a: Snorlax|84/100|[from] Spikes
|
|-heal|p2a: Snorlax|90/100|[from] item: Leftovers
|upkeep
|turn|22
|
|t:|1730861630
|switch|p1a: Claydol|Claydol|100/100
|move|p2a: Snorlax|Curse|p2a: Snorlax
|-unboost|p2a: Snorlax|spe|1
|-boost|p2a: Snorlax|atk|1
|-boost|p2a: Snorlax|def|1
|
|-heal|p2a: Snorlax|96/100|[from] item: Leftovers
|upkeep
|turn|23
|
|t:|1730861636
|move|p1a: Claydol|Earthquake|p2a: Snorlax
|-damage|p2a: Snorlax|80/100
|move|p2a: Snorlax|Curse|p2a: Snorlax
|-unboost|p2a: Snorlax|spe|1
|-boost|p2a: Snorlax|atk|1
|-boost|p2a: Snorlax|def|1
|
|-heal|p2a: Snorlax|86/100|[from] item: Leftovers
|upkeep
|turn|24
|
|t:|1730861642
|move|p1a: Claydol|Explosion|p2a: Snorlax
|-damage|p2a: Snorlax|49/100
|faint|p1a: Claydol
|
|t:|1730861646
|switch|p1a: Magneton|Magneton|100/100
|
|-heal|p2a: Snorlax|55/100|[from] item: Leftovers
|upkeep
|turn|25
|
|t:|1730861648
|move|p1a: Magneton|Thunderbolt|p2a: Snorlax
|-crit|p2a: Snorlax
|-damage|p2a: Snorlax|1/100
|move|p2a: Snorlax|Earthquake|p1a: Magneton
|-supereffective|p1a: Magneton
|-damage|p1a: Magneton|0 fnt
|faint|p1a: Magneton
|
|t:|1730861652
|switch|p1a: Blissey|Blissey, F|100/100
|
|-heal|p2a: Snorlax|7/100|[from] item: Leftovers
|upkeep
|turn|26
|
|t:|1730861655
|move|p1a: Blissey|Seismic Toss|p2a: Snorlax
|-damage|p2a: Snorlax|0 fnt
|faint|p2a: Snorlax
|
|t:|1730861664
|switch|p2a: Salamence|Salamence, F|100/100
|-ability|p2a: Salamence|Intimidate|boost
|-unboost|p1a: Blissey|atk|1
|
|upkeep
|turn|27
|
|t:|1730861671
|move|p2a: Salamence|Hidden Power|p1a: Blissey
|-damage|p1a: Blissey|58/100
|move|p1a: Blissey|Ice Beam|p2a: Salamence
|-supereffective|p2a: Salamence
|-damage|p2a: Salamence|2/100
|
|-heal|p2a: Salamence|8/100|[from] item: Leftovers
|-heal|p1a: Blissey|64/100|[from] item: Leftovers
|upkeep
|turn|28
|
|t:|1730861679
|move|p2a: Salamence|Hidden Power|p1a: Blissey
|-damage|p1a: Blissey|28/100
|move|p1a: Blissey|Soft-Boiled|p1a: Blissey
|-heal|p1a: Blissey|77/100
|
|-heal|p2a: Salamence|14/100|[from] item: Leftovers
|-heal|p1a: Blissey|84/100|[from] item: Leftovers
|upkeep
|turn|29
|
|t:|1730861684
|move|p2a: Salamence|Hidden Power|p1a: Blissey
|-damage|p1a: Blissey|45/100
|move|p1a: Blissey|Ice Beam|p2a: Salamence
|-supereffective|p2a: Salamence
|-damage|p2a: Salamence|0 fnt
|faint|p2a: Salamence
|
|t:|1730861686
|switch|p2a: Suicune|Suicune|83/100
|-damage|p2a: Suicune|66/100|[from] Spikes
|
|-heal|p2a: Suicune|72/100|[from] item: Leftovers
|-heal|p1a: Blissey|51/100|[from] item: Leftovers
|upkeep
|turn|30
|
|t:|1730861689
|move|p2a: Suicune|Calm Mind|p2a: Suicune
|-boost|p2a: Suicune|spa|1
|-boost|p2a: Suicune|spd|1
|move|p1a: Blissey|Soft-Boiled|p1a: Blissey
|-heal|p1a: Blissey|100/100
|
|-heal|p2a: Suicune|79/100|[from] item: Leftovers
|upkeep
|turn|31
|
|t:|1730861691
|move|p2a: Suicune|Calm Mind|p2a: Suicune
|-boost|p2a: Suicune|spa|1
|-boost|p2a: Suicune|spd|1
|move|p1a: Blissey|Seismic Toss|p2a: Suicune
|-damage|p2a: Suicune|54/100
|
|-heal|p2a: Suicune|60/100|[from] item: Leftovers
|upkeep
|turn|32
|
|t:|1730861693
|move|p2a: Suicune|Calm Mind|p2a: Suicune
|-boost|p2a: Suicune|spa|1
|-boost|p2a: Suicune|spd|1
|move|p1a: Blissey|Seismic Toss|p2a: Suicune
|-damage|p2a: Suicune|35/100
|
|-heal|p2a: Suicune|41/100|[from] item: Leftovers
|upkeep
|turn|33
|
|t:|1730861697
|move|p2a: Suicune|Rest|p2a: Suicune
|-status|p2a: Suicune|slp|[from] move: Rest
|-heal|p2a: Suicune|100/100 slp|[silent]
|move|p1a: Blissey|Seismic Toss|p2a: Suicune
|-damage|p2a: Suicune|76/100 slp
|
|-heal|p2a: Suicune|82/100 slp|[from] item: Leftovers
|upkeep
|turn|34
|
|t:|1730861700
|cant|p2a: Suicune|slp
|move|p2a: Suicune|Sleep Talk|p2a: Suicune
|move|p2a: Suicune|Calm Mind|p2a: Suicune|[from]Sleep Talk
|-boost|p2a: Suicune|spa|1
|-boost|p2a: Suicune|spd|1
|move|p1a: Blissey|Seismic Toss|p2a: Suicune
|-damage|p2a: Suicune|57/100 slp
|
|-heal|p2a: Suicune|63/100 slp|[from] item: Leftovers
|upkeep
|turn|35
|c|☆Oskari SOSA|gg
|-message|Oskari SOSA forfeited.
|
|win|stypur
|c|☆stypur|gg

</script>
<script type="application/json" class="data" id="replaydata-smogtours-gen3ou-804968">
{"id":"smogtours-gen3ou-804968","format":"[Gen 3] OU","players":["Oskari SOSA","stypur"],"uploadtime":1730861705,"views":34,"formatid":"gen3ou","rating":null,"private":0,"password":null}
</script>

<script defer src="js/replays.js?9d40a366"></script>
