<!DOCTYPE html>
<meta charset="utf-8" />
<meta name="viewport" content="width=device-width" />

<title>[Gen 3] OU: fanofthecats27 vs. Pak - Replays - Pok&eacute;mon Showdown!</title>

<meta name="description" content="Watch a replay of a Pok&eacute;mon battle between fanofthecats27 and Pak! Format: [Gen 3] OU; Date: Nov 17, 2024" />
<!--

Hey, you! Looking in the source for the replay log?

You can find them in JSON format, just add `.json` at the end of a replay URL.

https://replay.pokemonshowdown.com/gen7randomdoublesbattle-865046831.json

Or, if you only need the log itself, add `.log` instead:

https://replay.pokemonshowdown.com/gen7randomdoublesbattle-865046831.log

-->

<link rel="stylesheet" href="//pokemonshowdown.com/style/global.css?0.767286132409787" />
<link rel="stylesheet" href="//play.pokemonshowdown.com/style/font-awesome.css?0.9266228007934947" />
<link rel="stylesheet" href="//play.pokemonshowdown.com/style/battle.css?0.7924700842790926" />
<link rel="stylesheet" href="//play.pokemonshowdown.com/style/utilichart.css?0.8777417872839479" />

<!-- Global site tag (gtag.js) - Google Analytics -->
<script async src="https://www.googletagmanager.com/gtag/js?id=UA-26211653-1"></script>
<script>
  window.dataLayer = window.dataLayer || [];
  function gtag(){dataLayer.push(arguments);}
  gtag('js', new Date());

  gtag('config', 'UA-26211653-1');
</script>
<!-- End Google Analytics -->
<!-- Venatus Ad Manager - Install in <HEAD> of page -->
	<script src="https://hb.vntsm.com/v3/live/ad-manager.min.js" type="text/javascript" data-site-id="642aba63ec9a7b11c3c9c1be" data-mode="scan" async></script>
<!-- / Venatus Ad Manager -->

<style>
	@media (max-width:820px) {
		.battle {
			margin: 0 auto;
		}
		.battle-log {
			margin: 7px auto 0;
			max-width: 640px;
			height: 300px;
			position: static;
		}
	}
	.optgroup {
		display: inline-block;
		line-height: 22px;
		font-size: 10pt;
	}
	.optgroup .button {
		height: 25px;
		padding-top: 0;
		padding-bottom: 0;
	}
	.optgroup button.button {
		padding-left: 12px;
		padding-right: 12px;
	}
	.linklist {
		list-style: none;
		margin: 0.5em 0;
		padding: 0;
	}
	.linklist li {
		padding: 2px 0;
	}
	.sidebar {
		float: left;
		width: 320px;
	}
	.bar-wrapper {
		max-width: 1100px;
		margin: 0 auto;
	}
	.bar-wrapper.has-sidebar {
		max-width: 1430px;
	}
	.mainbar {
		margin: 0;
		padding-right: 1px;
	}
	.mainbar.has-sidebar {
		margin-left: 330px;
	}
	@media (min-width: 1511px) {
		.sidebar {
			width: 400px;
		}
		.bar-wrapper.has-sidebar {
			max-width: 1510px;
		}
		.mainbar.has-sidebar {
			margin-left: 410px;
		}
	}
	.section.first-section {
		margin-top: 9px;
	}
	.blocklink small {
		white-space: normal;
	}
	.button {
		vertical-align: middle;
	}
	.replay-controls {
		padding-top: 10px;
	}
	.replay-controls h1 {
		font-size: 16pt;
		font-weight: normal;
		color: #CCC;
	}
	.pagelink {
		text-align: center;
	}
	.pagelink a {
		width: 150px;
	}
	.textbox, .button {
		font-size: 11pt;
		vertical-align: middle;
	}
	@media (max-width: 450px) {
		.button {
			font-size: 9pt;
		}
	}
</style>

<div>

	<header>
		<div class="nav-wrapper"><ul class="nav">
			<li><a class="button nav-first" href="//pokemonshowdown.com/"><img src="//pokemonshowdown.com/images/pokemonshowdownbeta.png" srcset="//pokemonshowdown.com/images/pokemonshowdownbeta.png 1x, //pokemonshowdown.com/images/pokemonshowdownbeta@2x.png 2x" alt="Pok&eacute;mon Showdown" width="146" height="44" /> Home</a></li>
			<li><a class="button" href="//pokemonshowdown.com/dex/">Pok&eacute;dex</a></li>
			<li><a class="button cur" href="/">Replays</a></li>
			<li><a class="button" href="//pokemonshowdown.com/ladder/">Ladder</a></li>
			<li><a class="button nav-last" href="//pokemonshowdown.com/forums/">Forum</a></li>
			<li><a class="button greenbutton nav-first nav-last" href="//play.pokemonshowdown.com/">Play</a></li>
		</ul></div>
	</header>

	<div class="main" id="main">

		<noscript><section class="section">You need to enable JavaScript to use this page; sorry!</section></noscript>

	</div>

</div>

<script defer nomodule src="//play.pokemonshowdown.com/js/lib/ps-polyfill.js"></script>
<script defer src="//play.pokemonshowdown.com/js/lib/preact.min.js"></script>

<script defer src="//play.pokemonshowdown.com/config/config.js?6dec07f6"></script>
<script defer src="//play.pokemonshowdown.com/js/lib/jquery-1.11.0.min.js"></script>
<script defer src="//play.pokemonshowdown.com/js/lib/html-sanitizer-minified.js"></script>
<script defer src="//play.pokemonshowdown.com/js/battle-sound.js"></script>
<script defer src="//play.pokemonshowdown.com/js/battledata.js?0.6315294753075389"></script>
<script defer src="//play.pokemonshowdown.com/data/pokedex-mini.js?0.7603743185311358"></script>
<script defer src="//play.pokemonshowdown.com/data/pokedex-mini-bw.js?0.030888842834281283"></script>
<script defer src="//play.pokemonshowdown.com/data/graphics.js?0.05593094747507488"></script>
<script defer src="//play.pokemonshowdown.com/data/pokedex.js?0.47064822249611904"></script>
<script defer src="//play.pokemonshowdown.com/data/moves.js?0.8583693120512459"></script>
<script defer src="//play.pokemonshowdown.com/data/abilities.js?0.16017181182386842"></script>
<script defer src="//play.pokemonshowdown.com/data/items.js?0.4163379185673943"></script>
<script defer src="//play.pokemonshowdown.com/data/teambuilder-tables.js?0.31075597372830477"></script>
<script defer src="//play.pokemonshowdown.com/js/battle-tooltips.js?0.6536193500708172"></script>
<script defer src="//play.pokemonshowdown.com/js/battle.js?0.1916591943277901"></script>

<script defer src="js/utils.js?e31f9a17"></script>
<script defer src="js/replays-battle.js?7008c182"></script>

<!-- don't scrape this data! just add .json or .log after the URL!
Full API docs: https://github.com/smogon/pokemon-showdown-client/blob/master/WEB-API.md -->
<script type="text/plain" class="log" id="replaylog-smogtours-gen3ou-806631">
|inactive|Battle timer is ON: inactive players will automatically lose when time's up.
|t:|1731803054
|gametype|singles
|player|p1|fanofthecats27|bea|
|player|p2|Pak|#pak|
|teamsize|p1|6
|teamsize|p2|6
|gen|3
|tier|[Gen 3] OU
|rule|Sleep Clause Mod: Limit one foe put to sleep
|rule|Switch Priority Clause Mod: Faster Pokémon switch first
|rule|Species Clause: Limit one of each Pokémon
|rule|OHKO Clause: OHKO moves are banned
|rule|Evasion Items Clause: Evasion items are banned
|rule|Evasion Moves Clause: Evasion moves are banned
|rule|Endless Battle Clause: Forcing endless battles is banned
|rule|HP Percentage Mod: HP is shown in percentages
|rule|One Boost Passer Clause: Limit one Baton Passer that has a way to boost its stats
|rule|Freeze Clause Mod: Limit one foe frozen
|
|t:|1731803054
|start
|switch|p1a: THE DOG|Smeargle, M|100/100
|switch|p2a: Salamence|Salamence, M|100/100
|-ability|p2a: Salamence|Intimidate|boost
|-unboost|p1a: THE DOG|atk|1
|turn|1
|c|☆Pak|hf
|c|☆fanofthecats27|Hf!
|c|☆fanofthecats27|/log fanofthecats27 made the replay of this battle unlisted.
|
|t:|1731803074
|switch|p1a: AliceInChains|Gengar, F|100/100
|move|p2a: Salamence|Brick Break|p1a: AliceInChains
|-immune|p1a: AliceInChains
|
|upkeep
|turn|2
|
|t:|1731803080
|move|p1a: AliceInChains|Will-O-Wisp|p2a: Salamence
|-status|p2a: Salamence|brn
|move|p2a: Salamence|Brick Break|p1a: AliceInChains
|-immune|p1a: AliceInChains
|
|-damage|p2a: Salamence|88/100 brn|[from] brn
|upkeep
|turn|3
|
|t:|1731803085
|switch|p1a: THE DOG|Smeargle, M|100/100
|switch|p2a: Tyranitar|Tyranitar, F|100/100
|-weather|Sandstorm|[from] ability: Sand Stream|[of] p2a: Tyranitar
|
|-weather|Sandstorm|[upkeep]
|-damage|p1a: THE DOG|95/100|[from] Sandstorm
|upkeep
|turn|4
|
|t:|1731803089
|switch|p2a: Salamence|Salamence, M|88/100 brn
|-ability|p2a: Salamence|Intimidate|boost
|-unboost|p1a: THE DOG|atk|1
|move|p1a: THE DOG|Spore||[still]
|-fail|p1a: THE DOG
|
|-weather|Sandstorm|[upkeep]
|-damage|p2a: Salamence|82/100 brn|[from] Sandstorm
|-damage|p1a: THE DOG|89/100|[from] Sandstorm
|-heal|p2a: Salamence|88/100 brn|[from] item: Leftovers
|-damage|p2a: Salamence|76/100 brn|[from] brn
|upkeep
|turn|5
|
|t:|1731803093
|move|p2a: Salamence|Brick Break|p1a: THE DOG
|-supereffective|p1a: THE DOG
|-damage|p1a: THE DOG|10/100
|move|p1a: THE DOG|Spikes|p2a: Salamence
|-sidestart|p2: Pak|Spikes
|
|-weather|Sandstorm|[upkeep]
|-damage|p2a: Salamence|70/100 brn|[from] Sandstorm
|-damage|p1a: THE DOG|4/100|[from] Sandstorm
|-heal|p2a: Salamence|76/100 brn|[from] item: Leftovers
|-damage|p2a: Salamence|63/100 brn|[from] brn
|-enditem|p1a: THE DOG|Salac Berry|[eat]
|-boost|p1a: THE DOG|spe|1|[from] item: Salac Berry
|upkeep
|turn|6
|
|t:|1731803100
|switch|p1a: AliceInChains|Gengar, F|100/100
|move|p2a: Salamence|Brick Break|p1a: AliceInChains
|-immune|p1a: AliceInChains
|
|-weather|Sandstorm|[upkeep]
|-damage|p1a: AliceInChains|94/100|[from] Sandstorm
|-damage|p2a: Salamence|57/100 brn|[from] Sandstorm
|-heal|p1a: AliceInChains|100/100|[from] item: Leftovers
|-heal|p2a: Salamence|63/100 brn|[from] item: Leftovers
|-damage|p2a: Salamence|51/100 brn|[from] brn
|upkeep
|turn|7
|
|t:|1731803104
|switch|p2a: Tyranitar|Tyranitar, F|100/100
|-damage|p2a: Tyranitar|88/100|[from] Spikes
|move|p1a: AliceInChains|Will-O-Wisp|p2a: Tyranitar
|-status|p2a: Tyranitar|brn
|
|-weather|Sandstorm|[upkeep]
|-damage|p1a: AliceInChains|94/100|[from] Sandstorm
|-heal|p1a: AliceInChains|100/100|[from] item: Leftovers
|-heal|p2a: Tyranitar|94/100 brn|[from] item: Leftovers
|-damage|p2a: Tyranitar|82/100 brn|[from] brn
|upkeep
|turn|8
|
|t:|1731803117
|move|p1a: AliceInChains|Thunderbolt|p2a: Tyranitar
|-damage|p2a: Tyranitar|60/100 brn
|move|p2a: Tyranitar|Pursuit|p1a: AliceInChains
|-supereffective|p1a: AliceInChains
|-damage|p1a: AliceInChains|47/100
|
|-weather|Sandstorm|[upkeep]
|-damage|p1a: AliceInChains|40/100|[from] Sandstorm
|-heal|p1a: AliceInChains|47/100|[from] item: Leftovers
|-heal|p2a: Tyranitar|66/100 brn|[from] item: Leftovers
|-damage|p2a: Tyranitar|54/100 brn|[from] brn
|upkeep
|turn|9
|
|t:|1731803123
|move|p1a: AliceInChains|Explosion|p2a: Tyranitar
|-resisted|p2a: Tyranitar
|-damage|p2a: Tyranitar|25/100 brn
|faint|p1a: AliceInChains
|
|t:|1731803126
|switch|p1a: HenryHill|Tyranitar, M|100/100
|
|-weather|Sandstorm|[upkeep]
|-heal|p2a: Tyranitar|31/100 brn|[from] item: Leftovers
|-damage|p2a: Tyranitar|19/100 brn|[from] brn
|upkeep
|turn|10
|
|t:|1731803130
|move|p1a: HenryHill|Dragon Dance|p1a: HenryHill
|-boost|p1a: HenryHill|atk|1
|-boost|p1a: HenryHill|spe|1
|move|p2a: Tyranitar|Roar|p1a: HenryHill
|drag|p1a: Metatron|Metagross|100/100
|
|-weather|Sandstorm|[upkeep]
|-heal|p2a: Tyranitar|25/100 brn|[from] item: Leftovers
|-damage|p2a: Tyranitar|13/100 brn|[from] brn
|upkeep
|turn|11
|
|t:|1731803135
|switch|p2a: Skarmory|Skarmory, M|100/100
|move|p1a: Metatron|Meteor Mash|p2a: Skarmory
|-resisted|p2a: Skarmory
|-damage|p2a: Skarmory|78/100
|
|-weather|Sandstorm|[upkeep]
|-heal|p2a: Skarmory|84/100|[from] item: Leftovers
|upkeep
|turn|12
|
|t:|1731803141
|move|p1a: Metatron|Meteor Mash|p2a: Skarmory
|-resisted|p2a: Skarmory
|-damage|p2a: Skarmory|61/100
|move|p2a: Skarmory|Spikes|p1a: Metatron
|-sidestart|p1: fanofthecats27|Spikes
|
|-weather|Sandstorm|[upkeep]
|-heal|p2a: Skarmory|67/100|[from] item: Leftovers
|upkeep
|turn|13
|
|t:|1731803145
|move|p2a: Skarmory|Protect|p2a: Skarmory
|-singleturn|p2a: Skarmory|Protect
|move|p1a: Metatron|Meteor Mash|p2a: Skarmory
|-activate|p2a: Skarmory|Protect
|
|-weather|Sandstorm|[upkeep]
|-heal|p2a: Skarmory|73/100|[from] item: Leftovers
|upkeep
|turn|14
|
|t:|1731803148
|move|p1a: Metatron|Meteor Mash|p2a: Skarmory
|-resisted|p2a: Skarmory
|-damage|p2a: Skarmory|49/100
|move|p2a: Skarmory|Spikes|p1a: Metatron
|-sidestart|p1: fanofthecats27|Spikes
|
|-weather|Sandstorm|[upkeep]
|-heal|p2a: Skarmory|55/100|[from] item: Leftovers
|upkeep
|turn|15
|
|t:|1731803153
|move|p1a: Metatron|Meteor Mash|p2a: Skarmory
|-resisted|p2a: Skarmory
|-crit|p2a: Skarmory
|-damage|p2a: Skarmory|6/100
|move|p2a: Skarmory|Spikes|p1a: Metatron
|-sidestart|p1: fanofthecats27|Spikes
|
|-weather|Sandstorm|[upkeep]
|-heal|p2a: Skarmory|12/100|[from] item: Leftovers
|upkeep
|turn|16
|
|t:|1731803159
|move|p2a: Skarmory|Protect|p2a: Skarmory
|-singleturn|p2a: Skarmory|Protect
|move|p1a: Metatron|Rock Slide|p2a: Skarmory
|-activate|p2a: Skarmory|Protect
|
|-weather|Sandstorm|[upkeep]
|-heal|p2a: Skarmory|18/100|[from] item: Leftovers
|upkeep
|turn|17
|
|t:|1731803169
|move|p2a: Skarmory|Protect||[still]
|-fail|p2a: Skarmory
|move|p1a: Metatron|Meteor Mash|p2a: Skarmory
|-resisted|p2a: Skarmory
|-damage|p2a: Skarmory|0 fnt
|faint|p2a: Skarmory
|
|t:|1731803174
|switch|p2a: Swampert|Swampert, F|100/100
|-damage|p2a: Swampert|88/100|[from] Spikes
|
|-weather|Sandstorm|[upkeep]
|-heal|p2a: Swampert|94/100|[from] item: Leftovers
|upkeep
|turn|18
|
|t:|1731803177
|switch|p1a: THE DOG|Smeargle, M|4/100
|-damage|p1a: THE DOG|0 fnt|[from] Spikes
|faint|p1a: THE DOG
|
|t:|1731803180
|switch|p1a: SEA|Swampert, F|100/100
|-damage|p1a: SEA|76/100|[from] Spikes
|
|-weather|Sandstorm|[upkeep]
|-heal|p2a: Swampert|100/100|[from] item: Leftovers
|upkeep
|turn|19
|
|t:|1731803186
|switch|p2a: Tyranitar|Tyranitar, F|13/100 brn
|-damage|p2a: Tyranitar|0 fnt|[from] Spikes
|faint|p2a: Tyranitar
|
|t:|1731803189
|switch|p2a: Salamence|Salamence, M|51/100 brn
|-ability|p2a: Salamence|Intimidate|boost
|-unboost|p1a: SEA|atk|1
|
|-weather|Sandstorm|[upkeep]
|-damage|p2a: Salamence|45/100 brn|[from] Sandstorm
|-heal|p2a: Salamence|51/100 brn|[from] item: Leftovers
|-damage|p2a: Salamence|39/100 brn|[from] brn
|upkeep
|turn|20
|
|t:|1731803192
|switch|p1a: Zeus|Zapdos|100/100
|move|p2a: Salamence|Hidden Power|p1a: Zeus
|-resisted|p1a: Zeus
|-damage|p1a: Zeus|90/100
|
|-weather|Sandstorm|[upkeep]
|-damage|p2a: Salamence|33/100 brn|[from] Sandstorm
|-damage|p1a: Zeus|84/100|[from] Sandstorm
|-heal|p2a: Salamence|39/100 brn|[from] item: Leftovers
|-damage|p2a: Salamence|26/100 brn|[from] brn
|-heal|p1a: Zeus|90/100|[from] item: Leftovers
|upkeep
|turn|21
|
|t:|1731803200
|switch|p2a: Jirachi|Jirachi|100/100
|-damage|p2a: Jirachi|88/100|[from] Spikes
|move|p1a: Zeus|Substitute|p1a: Zeus
|-start|p1a: Zeus|Substitute
|-damage|p1a: Zeus|65/100
|
|-weather|Sandstorm|[upkeep]
|-damage|p1a: Zeus|59/100|[from] Sandstorm
|-heal|p1a: Zeus|65/100|[from] item: Leftovers
|-heal|p2a: Jirachi|94/100|[from] item: Leftovers
|upkeep
|turn|22
|
|t:|1731803208
|move|p1a: Zeus|Baton Pass|p1a: Zeus
|
|t:|1731803210
|switch|p1a: HenryHill|Tyranitar, M|100/100|[from] Baton Pass
|-damage|p1a: HenryHill|76/100|[from] Spikes
|move|p2a: Jirachi|Wish|p2a: Jirachi
|
|-weather|Sandstorm|[upkeep]
|-heal|p2a: Jirachi|100/100|[from] item: Leftovers
|upkeep
|turn|23
|
|t:|1731803217
|switch|p2a: Swampert|Swampert, F|100/100
|-damage|p2a: Swampert|88/100|[from] Spikes
|move|p1a: HenryHill|Dragon Dance|p1a: HenryHill
|-boost|p1a: HenryHill|atk|1
|-boost|p1a: HenryHill|spe|1
|
|-heal|p2a: Swampert|100/100|[from] move: Wish|[wisher] Jirachi
|-weather|Sandstorm|[upkeep]
|upkeep
|turn|24
|
|t:|1731803220
|move|p1a: HenryHill|Earthquake|p2a: Swampert
|-damage|p2a: Swampert|59/100
|move|p2a: Swampert|Earthquake|p1a: HenryHill
|-supereffective|p1a: HenryHill
|-end|p1a: HenryHill|Substitute
|
|-weather|Sandstorm|[upkeep]
|-heal|p2a: Swampert|65/100|[from] item: Leftovers
|upkeep
|turn|25
|inactive|Pak has 270 seconds left.
|
|t:|1731803267
|move|p2a: Swampert|Protect|p2a: Swampert
|-singleturn|p2a: Swampert|Protect
|move|p1a: HenryHill|Earthquake|p2a: Swampert
|-activate|p2a: Swampert|Protect
|
|-weather|Sandstorm|[upkeep]
|-heal|p2a: Swampert|72/100|[from] item: Leftovers
|upkeep
|turn|26
|
|t:|1731803272
|move|p1a: HenryHill|Earthquake|p2a: Swampert
|-damage|p2a: Swampert|34/100
|move|p2a: Swampert|Hydro Pump|p1a: HenryHill
|-supereffective|p1a: HenryHill
|-damage|p1a: HenryHill|0 fnt
|faint|p1a: HenryHill
|
|t:|1731803280
|switch|p1a: SEA|Swampert, F|76/100
|-damage|p1a: SEA|51/100|[from] Spikes
|
|-weather|Sandstorm|[upkeep]
|-heal|p2a: Swampert|40/100|[from] item: Leftovers
|upkeep
|turn|27
|inactive|Pak has 270 seconds left.
|inactive|Pak has 240 seconds left.
|
|t:|1731803331
|switch|p2a: Salamence|Salamence, M|26/100 brn
|-ability|p2a: Salamence|Intimidate|boost
|-unboost|p1a: SEA|atk|1
|move|p1a: SEA|Substitute|p1a: SEA
|-start|p1a: SEA|Substitute
|-damage|p1a: SEA|26/100
|
|-weather|Sandstorm|[upkeep]
|-damage|p2a: Salamence|20/100 brn|[from] Sandstorm
|-heal|p2a: Salamence|26/100 brn|[from] item: Leftovers
|-damage|p2a: Salamence|14/100 brn|[from] brn
|upkeep
|turn|28
|
|t:|1731803337
|move|p2a: Salamence|Hidden Power|p1a: SEA
|-supereffective|p1a: SEA
|-end|p1a: SEA|Substitute
|move|p1a: SEA|Substitute|p1a: SEA
|-start|p1a: SEA|Substitute
|-damage|p1a: SEA|1/100
|
|-weather|Sandstorm|[upkeep]
|-damage|p2a: Salamence|8/100 brn|[from] Sandstorm
|-heal|p2a: Salamence|14/100 brn|[from] item: Leftovers
|-damage|p2a: Salamence|1/100 brn|[from] brn
|-enditem|p1a: SEA|Salac Berry|[eat]
|-boost|p1a: SEA|spe|1|[from] item: Salac Berry
|upkeep
|turn|29
|
|t:|1731803346
|move|p1a: SEA|Ice Beam|p2a: Salamence
|-supereffective|p2a: Salamence
|-damage|p2a: Salamence|0 fnt
|faint|p2a: Salamence
|
|t:|1731803368
|switch|p2a: Jirachi|Jirachi|100/100
|-damage|p2a: Jirachi|88/100|[from] Spikes
|
|-weather|Sandstorm|[upkeep]
|-heal|p2a: Jirachi|94/100|[from] item: Leftovers
|upkeep
|turn|30
|
|t:|1731803373
|move|p2a: Jirachi|Protect|p2a: Jirachi
|-singleturn|p2a: Jirachi|Protect
|move|p1a: SEA|Endeavor|p2a: Jirachi
|-activate|p2a: Jirachi|Protect
|
|-weather|Sandstorm|[upkeep]
|-heal|p2a: Jirachi|100/100|[from] item: Leftovers
|upkeep
|turn|31
|
|t:|1731803378
|move|p1a: SEA|Endeavor|p2a: Jirachi
|-damage|p2a: Jirachi|1/100
|move|p2a: Jirachi|Wish|p2a: Jirachi
|
|-weather|Sandstorm|[upkeep]
|-heal|p2a: Jirachi|7/100|[from] item: Leftovers
|upkeep
|turn|32
|
|t:|1731803385
|move|p2a: Jirachi|Protect|p2a: Jirachi
|-singleturn|p2a: Jirachi|Protect
|move|p1a: SEA|Ice Beam|p2a: Jirachi
|-activate|p2a: Jirachi|Protect
|
|-heal|p2a: Jirachi|57/100|[from] move: Wish|[wisher] Jirachi
|-weather|Sandstorm|[upkeep]
|-heal|p2a: Jirachi|63/100|[from] item: Leftovers
|upkeep
|turn|33
|
|t:|1731803389
|move|p1a: SEA|Hydro Pump|p2a: Jirachi
|-damage|p2a: Jirachi|13/100
|move|p2a: Jirachi|Wish|p2a: Jirachi
|
|-weather|Sandstorm|[upkeep]
|-heal|p2a: Jirachi|20/100|[from] item: Leftovers
|upkeep
|turn|34
|
|t:|1731803394
|move|p2a: Jirachi|Protect|p2a: Jirachi
|-singleturn|p2a: Jirachi|Protect
|move|p1a: SEA|Ice Beam|p2a: Jirachi
|-activate|p2a: Jirachi|Protect
|
|-heal|p2a: Jirachi|70/100|[from] move: Wish|[wisher] Jirachi
|-weather|Sandstorm|[upkeep]
|-heal|p2a: Jirachi|76/100|[from] item: Leftovers
|upkeep
|turn|35
|
|t:|1731803399
|move|p1a: SEA|Ice Beam|p2a: Jirachi
|-resisted|p2a: Jirachi
|-damage|p2a: Jirachi|68/100
|move|p2a: Jirachi|Wish|p2a: Jirachi
|
|-weather|Sandstorm|[upkeep]
|-heal|p2a: Jirachi|75/100|[from] item: Leftovers
|upkeep
|turn|36
|
|t:|1731803406
|move|p1a: SEA|Hydro Pump|p2a: Jirachi
|-damage|p2a: Jirachi|27/100
|move|p2a: Jirachi|Fire Punch|p1a: SEA
|-resisted|p1a: SEA
|-activate|p1a: SEA|Substitute|[damage]
|
|-heal|p2a: Jirachi|77/100|[from] move: Wish|[wisher] Jirachi
|-weather|Sandstorm|[upkeep]
|-heal|p2a: Jirachi|83/100|[from] item: Leftovers
|upkeep
|turn|37
|
|t:|1731803422
|move|p2a: Jirachi|Protect|p2a: Jirachi
|-singleturn|p2a: Jirachi|Protect
|move|p1a: SEA|Ice Beam|p2a: Jirachi
|-activate|p2a: Jirachi|Protect
|
|-weather|Sandstorm|[upkeep]
|-heal|p2a: Jirachi|90/100|[from] item: Leftovers
|upkeep
|turn|38
|
|t:|1731803425
|move|p1a: SEA|Endeavor|p2a: Jirachi
|-damage|p2a: Jirachi|1/100
|move|p2a: Jirachi|Wish|p2a: Jirachi
|
|-weather|Sandstorm|[upkeep]
|-heal|p2a: Jirachi|7/100|[from] item: Leftovers
|upkeep
|turn|39
|
|t:|1731803436
|move|p2a: Jirachi|Protect|p2a: Jirachi
|-singleturn|p2a: Jirachi|Protect
|move|p1a: SEA|Ice Beam|p2a: Jirachi
|-activate|p2a: Jirachi|Protect
|
|-heal|p2a: Jirachi|57/100|[from] move: Wish|[wisher] Jirachi
|-weather|Sandstorm|[upkeep]
|-heal|p2a: Jirachi|63/100|[from] item: Leftovers
|upkeep
|turn|40
|
|t:|1731803449
|move|p1a: SEA|Hydro Pump|p2a: Jirachi
|-damage|p2a: Jirachi|15/100
|move|p2a: Jirachi|Wish|p2a: Jirachi
|
|-weather|Sandstorm|[upkeep]
|-heal|p2a: Jirachi|21/100|[from] item: Leftovers
|upkeep
|turn|41
|
|t:|1731803455
|move|p2a: Jirachi|Protect|p2a: Jirachi
|-singleturn|p2a: Jirachi|Protect
|move|p1a: SEA|Substitute|p1a: SEA
|-fail|p1a: SEA|move: Substitute
|
|-heal|p2a: Jirachi|71/100|[from] move: Wish|[wisher] Jirachi
|-weather|Sandstorm|[upkeep]
|-heal|p2a: Jirachi|77/100|[from] item: Leftovers
|upkeep
|turn|42
|
|t:|1731803461
|move|p1a: SEA|Endeavor|p2a: Jirachi
|-damage|p2a: Jirachi|1/100
|move|p2a: Jirachi|Wish|p2a: Jirachi
|
|-weather|Sandstorm|[upkeep]
|-heal|p2a: Jirachi|7/100|[from] item: Leftovers
|upkeep
|turn|43
|inactive|fanofthecats27 has 270 seconds left.
|inactive|fanofthecats27 has 240 seconds left.
|inactive|fanofthecats27 has 210 seconds left.
|c|☆fanofthecats27|Test
|
|t:|1731803566
|switch|p1a: Metatron|Metagross|100/100
|-damage|p1a: Metatron|76/100|[from] Spikes
|move|p2a: Jirachi|Protect||[still]
|-fail|p2a: Jirachi
|
|-heal|p2a: Jirachi|57/100|[from] move: Wish|[wisher] Jirachi
|-weather|Sandstorm|[upkeep]
|-heal|p2a: Jirachi|63/100|[from] item: Leftovers
|-heal|p1a: Metatron|82/100|[from] item: Leftovers
|upkeep
|turn|44
|inactive|Pak has 270 seconds left.
|
|t:|1731803604
|move|p2a: Jirachi|Fire Punch|p1a: Metatron
|-supereffective|p1a: Metatron
|-damage|p1a: Metatron|43/100
|-status|p1a: Metatron|brn
|move|p1a: Metatron|Earthquake|p2a: Jirachi
|-supereffective|p2a: Jirachi
|-damage|p2a: Jirachi|34/100
|
|-weather|Sandstorm|[upkeep]
|-heal|p2a: Jirachi|41/100|[from] item: Leftovers
|-heal|p1a: Metatron|49/100 brn|[from] item: Leftovers
|-damage|p1a: Metatron|37/100 brn|[from] brn
|upkeep
|turn|45
|inactive|fanofthecats27 has 210 seconds left.
|inactive|Pak has 270 seconds left.
|c|☆fanofthecats27|Ggs
|
|t:|1731803634
|move|p2a: Jirachi|Protect|p2a: Jirachi
|-singleturn|p2a: Jirachi|Protect
|move|p1a: Metatron|Earthquake|p2a: Jirachi
|-activate|p2a: Jirachi|Protect
|
|-weather|Sandstorm|[upkeep]
|-heal|p2a: Jirachi|47/100|[from] item: Leftovers
|-heal|p1a: Metatron|43/100 brn|[from] item: Leftovers
|-damage|p1a: Metatron|31/100 brn|[from] brn
|upkeep
|turn|46
|
|t:|1731803637
|move|p2a: Jirachi|Wish|p2a: Jirachi
|move|p1a: Metatron|Earthquake|p2a: Jirachi
|-supereffective|p2a: Jirachi
|-damage|p2a: Jirachi|15/100
|
|-weather|Sandstorm|[upkeep]
|-heal|p2a: Jirachi|21/100|[from] item: Leftovers
|-heal|p1a: Metatron|37/100 brn|[from] item: Leftovers
|-damage|p1a: Metatron|24/100 brn|[from] brn
|upkeep
|turn|47
|
|t:|1731803643
|move|p2a: Jirachi|Fire Punch|p1a: Metatron
|-supereffective|p1a: Metatron
|-damage|p1a: Metatron|0 fnt
|faint|p1a: Metatron
|
|t:|1731803644
|switch|p1a: Zeus|Zapdos|65/100
|
|-heal|p2a: Jirachi|71/100|[from] move: Wish|[wisher] Jirachi
|-weather|Sandstorm|[upkeep]
|-damage|p1a: Zeus|59/100|[from] Sandstorm
|-heal|p1a: Zeus|65/100|[from] item: Leftovers
|-heal|p2a: Jirachi|77/100|[from] item: Leftovers
|upkeep
|turn|48
|
|t:|1731803648
|move|p2a: Jirachi|Protect|p2a: Jirachi
|-singleturn|p2a: Jirachi|Protect
|move|p1a: Zeus|Substitute|p1a: Zeus
|-start|p1a: Zeus|Substitute
|-damage|p1a: Zeus|40/100
|
|-weather|Sandstorm|[upkeep]
|-damage|p1a: Zeus|34/100|[from] Sandstorm
|-heal|p1a: Zeus|40/100|[from] item: Leftovers
|-heal|p2a: Jirachi|83/100|[from] item: Leftovers
|upkeep
|turn|49
|
|t:|1731803650
|move|p1a: Zeus|Thunderbolt|p2a: Jirachi
|-damage|p2a: Jirachi|47/100
|move|p2a: Jirachi|Wish|p2a: Jirachi
|
|-weather|Sandstorm|[upkeep]
|-damage|p1a: Zeus|34/100|[from] Sandstorm
|-heal|p1a: Zeus|40/100|[from] item: Leftovers
|-heal|p2a: Jirachi|53/100|[from] item: Leftovers
|upkeep
|turn|50
|inactive|fanofthecats27 has 240 seconds left.
|
|t:|1731803656
|move|p1a: Zeus|Thunderbolt|p2a: Jirachi
|-damage|p2a: Jirachi|19/100
|move|p2a: Jirachi|Fire Punch|p1a: Zeus
|-activate|p1a: Zeus|Substitute|[damage]
|
|-heal|p2a: Jirachi|69/100|[from] move: Wish|[wisher] Jirachi
|-weather|Sandstorm|[upkeep]
|-damage|p1a: Zeus|34/100|[from] Sandstorm
|-heal|p1a: Zeus|40/100|[from] item: Leftovers
|-heal|p2a: Jirachi|75/100|[from] item: Leftovers
|upkeep
|turn|51
|
|t:|1731803662
|move|p2a: Jirachi|Protect|p2a: Jirachi
|-singleturn|p2a: Jirachi|Protect
|move|p1a: Zeus|Thunderbolt|p2a: Jirachi
|-activate|p2a: Jirachi|Protect
|
|-weather|Sandstorm|[upkeep]
|-damage|p1a: Zeus|34/100|[from] Sandstorm
|-heal|p1a: Zeus|40/100|[from] item: Leftovers
|-heal|p2a: Jirachi|81/100|[from] item: Leftovers
|upkeep
|turn|52
|inactive|Pak has 270 seconds left.
|
|t:|1731803696
|move|p1a: Zeus|Thunderbolt|p2a: Jirachi
|-damage|p2a: Jirachi|46/100
|move|p2a: Jirachi|Fire Punch|p1a: Zeus
|-end|p1a: Zeus|Substitute
|
|-weather|Sandstorm|[upkeep]
|-damage|p1a: Zeus|34/100|[from] Sandstorm
|-heal|p1a: Zeus|40/100|[from] item: Leftovers
|-heal|p2a: Jirachi|52/100|[from] item: Leftovers
|upkeep
|turn|53
|
|t:|1731803701
|move|p1a: Zeus|Substitute|p1a: Zeus
|-start|p1a: Zeus|Substitute
|-damage|p1a: Zeus|15/100
|move|p2a: Jirachi|Fire Punch|p1a: Zeus
|-activate|p1a: Zeus|Substitute|[damage]
|
|-weather|Sandstorm|[upkeep]
|-damage|p1a: Zeus|9/100|[from] Sandstorm
|-heal|p1a: Zeus|15/100|[from] item: Leftovers
|-heal|p2a: Jirachi|59/100|[from] item: Leftovers
|upkeep
|turn|54
|
|t:|1731803705
|move|p2a: Jirachi|Protect|p2a: Jirachi
|-singleturn|p2a: Jirachi|Protect
|move|p1a: Zeus|Thunderbolt|p2a: Jirachi
|-activate|p2a: Jirachi|Protect
|
|-weather|Sandstorm|[upkeep]
|-damage|p1a: Zeus|9/100|[from] Sandstorm
|-heal|p1a: Zeus|15/100|[from] item: Leftovers
|-heal|p2a: Jirachi|65/100|[from] item: Leftovers
|upkeep
|turn|55
|
|t:|1731803708
|move|p1a: Zeus|Thunderbolt|p2a: Jirachi
|-damage|p2a: Jirachi|32/100
|move|p2a: Jirachi|Fire Punch|p1a: Zeus
|-end|p1a: Zeus|Substitute
|
|-weather|Sandstorm|[upkeep]
|-damage|p1a: Zeus|9/100|[from] Sandstorm
|-heal|p1a: Zeus|15/100|[from] item: Leftovers
|-heal|p2a: Jirachi|38/100|[from] item: Leftovers
|upkeep
|turn|56
|
|t:|1731803713
|move|p2a: Jirachi|Protect|p2a: Jirachi
|-singleturn|p2a: Jirachi|Protect
|move|p1a: Zeus|Thunderbolt|p2a: Jirachi
|-activate|p2a: Jirachi|Protect
|
|-weather|Sandstorm|[upkeep]
|-damage|p1a: Zeus|9/100|[from] Sandstorm
|-heal|p1a: Zeus|15/100|[from] item: Leftovers
|-heal|p2a: Jirachi|44/100|[from] item: Leftovers
|upkeep
|turn|57
|
|t:|1731803714
|move|p1a: Zeus|Thunderbolt|p2a: Jirachi
|-damage|p2a: Jirachi|12/100
|move|p2a: Jirachi|Fire Punch|p1a: Zeus
|-damage|p1a: Zeus|0 fnt
|faint|p1a: Zeus
|c|☆Pak|ggs
|c|☆fanofthecats27|Whats 6th
|c|☆Pak|ice punch gar
|c|☆fanofthecats27|Ah
|
|t:|1731803734
|switch|p1a: SEA|Swampert, F|1/100
|-damage|p1a: SEA|0 fnt|[from] Spikes
|faint|p1a: SEA
|
|win|Pak

</script>
<script type="application/json" class="data" id="replaydata-smogtours-gen3ou-806631">
{"id":"smogtours-gen3ou-806631","format":"[Gen 3] OU","players":["fanofthecats27","Pak"],"uploadtime":1731803734,"views":41,"formatid":"gen3ou","rating":null,"private":1,"password":null}
</script>

<script defer src="js/replays.js?9d40a366"></script>
