<!DOCTYPE html>
<meta charset="utf-8" />
<meta name="viewport" content="width=device-width" />

<title>[Gen 3] OU: wavyish vs. HeyYa!_Forte - Replays - Pok&eacute;mon Showdown!</title>

<meta name="description" content="Watch a replay of a Pok&eacute;mon battle between wavyish and HeyYa!_Forte! Format: [Gen 3] OU; Date: Oct 10, 2024" />
<!--

Hey, you! Looking in the source for the replay log?

You can find them in JSON format, just add `.json` at the end of a replay URL.

https://replay.pokemonshowdown.com/gen7randomdoublesbattle-865046831.json

Or, if you only need the log itself, add `.log` instead:

https://replay.pokemonshowdown.com/gen7randomdoublesbattle-865046831.log

-->

<link rel="stylesheet" href="//pokemonshowdown.com/style/global.css?0.023195364461161105" />
<link rel="stylesheet" href="//play.pokemonshowdown.com/style/font-awesome.css?0.13261647063804238" />
<link rel="stylesheet" href="//play.pokemonshowdown.com/style/battle.css?0.8753245789963631" />
<link rel="stylesheet" href="//play.pokemonshowdown.com/style/utilichart.css?0.8627959624976733" />

<!-- Global site tag (gtag.js) - Google Analytics -->
<script async src="https://www.googletagmanager.com/gtag/js?id=UA-26211653-1"></script>
<script>
  window.dataLayer = window.dataLayer || [];
  function gtag(){dataLayer.push(arguments);}
  gtag('js', new Date());

  gtag('config', 'UA-26211653-1');
</script>
<!-- End Google Analytics -->
<!-- Venatus Ad Manager - Install in <HEAD> of page -->
	<script src="https://hb.vntsm.com/v3/live/ad-manager.min.js" type="text/javascript" data-site-id="642aba63ec9a7b11c3c9c1be" data-mode="scan" async></script>
<!-- / Venatus Ad Manager -->

<style>
	@media (max-width:820px) {
		.battle {
			margin: 0 auto;
		}
		.battle-log {
			margin: 7px auto 0;
			max-width: 640px;
			height: 300px;
			position: static;
		}
	}
	.optgroup {
		display: inline-block;
		line-height: 22px;
		font-size: 10pt;
	}
	.optgroup .button {
		height: 25px;
		padding-top: 0;
		padding-bottom: 0;
	}
	.optgroup button.button {
		padding-left: 12px;
		padding-right: 12px;
	}
	.linklist {
		list-style: none;
		margin: 0.5em 0;
		padding: 0;
	}
	.linklist li {
		padding: 2px 0;
	}
	.sidebar {
		float: left;
		width: 320px;
	}
	.bar-wrapper {
		max-width: 1100px;
		margin: 0 auto;
	}
	.bar-wrapper.has-sidebar {
		max-width: 1430px;
	}
	.mainbar {
		margin: 0;
		padding-right: 1px;
	}
	.mainbar.has-sidebar {
		margin-left: 330px;
	}
	@media (min-width: 1511px) {
		.sidebar {
			width: 400px;
		}
		.bar-wrapper.has-sidebar {
			max-width: 1510px;
		}
		.mainbar.has-sidebar {
			margin-left: 410px;
		}
	}
	.section.first-section {
		margin-top: 9px;
	}
	.blocklink small {
		white-space: normal;
	}
	.button {
		vertical-align: middle;
	}
	.replay-controls {
		padding-top: 10px;
	}
	.replay-controls h1 {
		font-size: 16pt;
		font-weight: normal;
		color: #CCC;
	}
	.pagelink {
		text-align: center;
	}
	.pagelink a {
		width: 150px;
	}
	.textbox, .button {
		font-size: 11pt;
		vertical-align: middle;
	}
	@media (max-width: 450px) {
		.button {
			font-size: 9pt;
		}
	}
</style>

<div>

	<header>
		<div class="nav-wrapper"><ul class="nav">
			<li><a class="button nav-first" href="//pokemonshowdown.com/"><img src="//pokemonshowdown.com/images/pokemonshowdownbeta.png" srcset="//pokemonshowdown.com/images/pokemonshowdownbeta.png 1x, //pokemonshowdown.com/images/pokemonshowdownbeta@2x.png 2x" alt="Pok&eacute;mon Showdown" width="146" height="44" /> Home</a></li>
			<li><a class="button" href="//pokemonshowdown.com/dex/">Pok&eacute;dex</a></li>
			<li><a class="button cur" href="/">Replays</a></li>
			<li><a class="button" href="//pokemonshowdown.com/ladder/">Ladder</a></li>
			<li><a class="button nav-last" href="//pokemonshowdown.com/forums/">Forum</a></li>
			<li><a class="button greenbutton nav-first nav-last" href="//play.pokemonshowdown.com/">Play</a></li>
		</ul></div>
	</header>

	<div class="main" id="main">

		<noscript><section class="section">You need to enable JavaScript to use this page; sorry!</section></noscript>

	</div>

</div>

<script defer nomodule src="//play.pokemonshowdown.com/js/lib/ps-polyfill.js"></script>
<script defer src="//play.pokemonshowdown.com/js/lib/preact.min.js"></script>

<script defer src="//play.pokemonshowdown.com/config/config.js?2bddbc15"></script>
<script defer src="//play.pokemonshowdown.com/js/lib/jquery-1.11.0.min.js"></script>
<script defer src="//play.pokemonshowdown.com/js/lib/html-sanitizer-minified.js"></script>
<script defer src="//play.pokemonshowdown.com/js/battle-sound.js"></script>
<script defer src="//play.pokemonshowdown.com/js/battledata.js?0.7209276989879541"></script>
<script defer src="//play.pokemonshowdown.com/data/pokedex-mini.js?0.6111056340867951"></script>
<script defer src="//play.pokemonshowdown.com/data/pokedex-mini-bw.js?0.3532142036491459"></script>
<script defer src="//play.pokemonshowdown.com/data/graphics.js?0.24223875632456182"></script>
<script defer src="//play.pokemonshowdown.com/data/pokedex.js?0.38839984266356864"></script>
<script defer src="//play.pokemonshowdown.com/data/moves.js?0.21866028504024015"></script>
<script defer src="//play.pokemonshowdown.com/data/abilities.js?0.2005157953846628"></script>
<script defer src="//play.pokemonshowdown.com/data/items.js?0.9894211263848525"></script>
<script defer src="//play.pokemonshowdown.com/data/teambuilder-tables.js?0.6008791140282215"></script>
<script defer src="//play.pokemonshowdown.com/js/battle-tooltips.js?0.7580118955022959"></script>
<script defer src="//play.pokemonshowdown.com/js/battle.js?0.6057722274234274"></script>

<script defer src="js/utils.js?e31f9a17"></script>
<script defer src="js/replays-battle.js?7008c182"></script>

<!-- don't scrape this data! just add .json or .log after the URL!
Full API docs: https://github.com/smogon/pokemon-showdown-client/blob/master/WEB-API.md -->
<script type="text/plain" class="log" id="replaylog-smogtours-gen3ou-796815">
|inactive|Battle timer is ON: inactive players will automatically lose when time's up.
|t:|1728518524
|gametype|singles
|player|p1|wavyish|akari|
|player|p2|HeyYa!_Forte|101|
|teamsize|p1|6
|teamsize|p2|6
|gen|3
|tier|[Gen 3] OU
|rule|Sleep Clause Mod: Limit one foe put to sleep
|rule|Switch Priority Clause Mod: Faster Pokémon switch first
|rule|Species Clause: Limit one of each Pokémon
|rule|OHKO Clause: OHKO moves are banned
|rule|Evasion Items Clause: Evasion items are banned
|rule|Evasion Moves Clause: Evasion moves are banned
|rule|Endless Battle Clause: Forcing endless battles is banned
|rule|HP Percentage Mod: HP is shown in percentages
|rule|One Boost Passer Clause: Limit one Baton Passer that has a way to boost its stats
|rule|Freeze Clause Mod: Limit one foe frozen
|
|t:|1728518524
|start
|switch|p1a: not a drill|Breloom, F|100/100
|switch|p2a: Medicham|Medicham, M|100/100
|turn|1
|inactive|HeyYa!_Forte has 270 seconds left.
|c|☆wavyish|glhf
|
|t:|1728518574
|switch|p1a: unreleased leak|Zapdos|100/100
|move|p2a: Medicham|Brick Break|p1a: unreleased leak
|-resisted|p1a: unreleased leak
|-damage|p1a: unreleased leak|55/100
|
|-heal|p1a: unreleased leak|61/100|[from] item: Leftovers
|upkeep
|turn|2
|c|☆HeyYa!_Forte|GLHF
|
|t:|1728518590
|switch|p2a: Blissey|Blissey, F|100/100
|move|p1a: unreleased leak|Baton Pass|p1a: unreleased leak
|
|t:|1728518594
|switch|p1a: not a drill|Breloom, F|100/100|[from] Baton Pass
|
|upkeep
|turn|3
|
|t:|1728518613
|switch|p2a: Magneton|Magneton|100/100
|move|p1a: not a drill|Spore|p2a: Magneton
|-status|p2a: Magneton|slp|[from] move: Spore
|
|upkeep
|turn|4
|
|t:|1728518626
|-singleturn|p1a: not a drill|move: Focus Punch
|switch|p2a: Medicham|Medicham, M|100/100
|move|p1a: not a drill|Focus Punch|p2a: Medicham
|-resisted|p2a: Medicham
|-damage|p2a: Medicham|35/100
|
|upkeep
|turn|5
|
|t:|1728518636
|switch|p1a: gangermatic|Charizard, F|100/100
|move|p2a: Medicham|Brick Break|p1a: gangermatic
|-resisted|p1a: gangermatic
|-damage|p1a: gangermatic|43/100
|
|-heal|p1a: gangermatic|49/100|[from] item: Leftovers
|upkeep
|turn|6
|
|t:|1728518647
|-singleturn|p1a: gangermatic|move: Focus Punch
|switch|p2a: Zapdos|Zapdos|100/100
|move|p1a: gangermatic|Focus Punch|p2a: Zapdos
|-resisted|p2a: Zapdos
|-damage|p2a: Zapdos|82/100
|
|-heal|p2a: Zapdos|88/100|[from] item: Leftovers
|-heal|p1a: gangermatic|55/100|[from] item: Leftovers
|upkeep
|turn|7
|
|t:|1728518656
|switch|p1a: gaig|Jirachi|100/100
|move|p2a: Zapdos|Toxic|p1a: gaig
|-immune|p1a: gaig
|
|-heal|p2a: Zapdos|95/100|[from] item: Leftovers
|upkeep
|turn|8
|
|t:|1728518672
|move|p2a: Zapdos|Thunderbolt|p1a: gaig
|-damage|p1a: gaig|71/100
|move|p1a: gaig|Body Slam|p2a: Zapdos
|-damage|p2a: Zapdos|73/100
|-status|p2a: Zapdos|par
|
|-heal|p1a: gaig|77/100|[from] item: Leftovers
|-heal|p2a: Zapdos|79/100 par|[from] item: Leftovers
|upkeep
|turn|9
|
|t:|1728518680
|move|p1a: gaig|Fire Punch|p2a: Zapdos
|-damage|p2a: Zapdos|58/100 par
|move|p2a: Zapdos|Baton Pass|p2a: Zapdos
|
|t:|1728518682
|switch|p2a: Dugtrio|Dugtrio, M|100/100|[from] Baton Pass
|
|-heal|p1a: gaig|83/100|[from] item: Leftovers
|upkeep
|turn|10
|
|t:|1728518686
|move|p1a: gaig|Protect|p1a: gaig
|-singleturn|p1a: gaig|Protect
|move|p2a: Dugtrio|Earthquake|p1a: gaig
|-activate|p1a: gaig|Protect
|
|-heal|p1a: gaig|89/100|[from] item: Leftovers
|upkeep
|turn|11
|
|t:|1728518693
|move|p2a: Dugtrio|Earthquake|p1a: gaig
|-supereffective|p1a: gaig
|-damage|p1a: gaig|0 fnt
|faint|p1a: gaig
|
|t:|1728518700
|switch|p1a: gangermatic|Charizard, F|55/100
|
|-heal|p1a: gangermatic|61/100|[from] item: Leftovers
|upkeep
|turn|12
|
|t:|1728518709
|switch|p2a: Suicune|Suicune|100/100
|move|p1a: gangermatic|Toxic|p2a: Suicune|[miss]
|-miss|p1a: gangermatic|p2a: Suicune
|
|-heal|p1a: gangermatic|68/100|[from] item: Leftovers
|upkeep
|turn|13
|
|t:|1728518718
|switch|p1a: Tyranitar|Tyranitar, F|100/100
|-weather|Sandstorm|[from] ability: Sand Stream|[of] p1a: Tyranitar
|switch|p2a: Zapdos|Zapdos|58/100 par
|
|-weather|Sandstorm|[upkeep]
|-damage|p2a: Zapdos|52/100 par|[from] Sandstorm
|-heal|p2a: Zapdos|58/100 par|[from] item: Leftovers
|upkeep
|turn|14
|
|t:|1728518723
|move|p1a: Tyranitar|Crunch|p2a: Zapdos
|-damage|p2a: Zapdos|17/100 par
|-unboost|p2a: Zapdos|spd|1
|move|p2a: Zapdos|Thunderbolt|p1a: Tyranitar
|-crit|p1a: Tyranitar
|-damage|p1a: Tyranitar|14/100
|
|-weather|Sandstorm|[upkeep]
|-damage|p2a: Zapdos|10/100 par|[from] Sandstorm
|-heal|p1a: Tyranitar|20/100|[from] item: Leftovers
|-heal|p2a: Zapdos|17/100 par|[from] item: Leftovers
|upkeep
|turn|15
|
|t:|1728518729
|move|p1a: Tyranitar|Pursuit|p2a: Zapdos
|-damage|p2a: Zapdos|0 fnt
|faint|p2a: Zapdos
|
|t:|1728518743
|switch|p2a: Medicham|Medicham, M|35/100
|
|-weather|Sandstorm|[upkeep]
|-damage|p2a: Medicham|28/100|[from] Sandstorm
|-heal|p1a: Tyranitar|26/100|[from] item: Leftovers
|upkeep
|turn|16
|
|t:|1728518747
|move|p2a: Medicham|Rock Slide|p1a: Tyranitar
|-damage|p1a: Tyranitar|0 fnt
|faint|p1a: Tyranitar
|
|t:|1728518752
|switch|p1a: lick|Swampert, F|100/100
|
|-weather|Sandstorm|[upkeep]
|-damage|p2a: Medicham|22/100|[from] Sandstorm
|upkeep
|turn|17
|
|t:|1728518756
|-singleturn|p1a: lick|move: Focus Punch
|switch|p2a: Suicune|Suicune|100/100
|move|p1a: lick|Focus Punch|p2a: Suicune
|-damage|p2a: Suicune|83/100
|
|-weather|Sandstorm|[upkeep]
|-damage|p2a: Suicune|77/100|[from] Sandstorm
|-heal|p2a: Suicune|83/100|[from] item: Leftovers
|upkeep
|turn|18
|
|t:|1728518768
|move|p2a: Suicune|Surf|p1a: lick
|-damage|p1a: lick|65/100
|move|p1a: lick|Earthquake|p2a: Suicune
|-damage|p2a: Suicune|64/100
|
|-weather|Sandstorm|[upkeep]
|-damage|p2a: Suicune|58/100|[from] Sandstorm
|-heal|p2a: Suicune|64/100|[from] item: Leftovers
|-heal|p1a: lick|71/100|[from] item: Leftovers
|upkeep
|turn|19
|
|t:|1728518773
|switch|p1a: unreleased leak|Zapdos|61/100
|move|p2a: Suicune|Calm Mind|p2a: Suicune
|-boost|p2a: Suicune|spa|1
|-boost|p2a: Suicune|spd|1
|
|-weather|Sandstorm|[upkeep]
|-damage|p1a: unreleased leak|55/100|[from] Sandstorm
|-damage|p2a: Suicune|58/100|[from] Sandstorm
|-heal|p1a: unreleased leak|61/100|[from] item: Leftovers
|-heal|p2a: Suicune|64/100|[from] item: Leftovers
|upkeep
|turn|20
|
|t:|1728518786
|switch|p2a: Blissey|Blissey, F|100/100
|move|p1a: unreleased leak|Thunderbolt|p2a: Blissey
|-damage|p2a: Blissey|84/100
|
|-weather|Sandstorm|[upkeep]
|-damage|p1a: unreleased leak|55/100|[from] Sandstorm
|-damage|p2a: Blissey|78/100|[from] Sandstorm
|-heal|p1a: unreleased leak|61/100|[from] item: Leftovers
|-heal|p2a: Blissey|84/100|[from] item: Leftovers
|upkeep
|turn|21
|
|t:|1728518803
|move|p1a: unreleased leak|Baton Pass|p1a: unreleased leak
|
|t:|1728518805
|switch|p1a: not a drill|Breloom, F|100/100|[from] Baton Pass
|move|p2a: Blissey|Thunder Wave|p1a: not a drill
|-status|p1a: not a drill|par
|
|-weather|Sandstorm|[upkeep]
|-damage|p2a: Blissey|78/100|[from] Sandstorm
|-damage|p1a: not a drill|94/100 par|[from] Sandstorm
|-heal|p2a: Blissey|84/100|[from] item: Leftovers
|-heal|p1a: not a drill|100/100 par|[from] item: Leftovers
|upkeep
|turn|22
|
|t:|1728518821
|switch|p2a: Magneton|Magneton|100/100 slp
|switch|p1a: unreleased leak|Zapdos|61/100
|
|-weather|Sandstorm|[upkeep]
|-damage|p1a: unreleased leak|55/100|[from] Sandstorm
|-heal|p1a: unreleased leak|61/100|[from] item: Leftovers
|upkeep
|turn|23
|
|t:|1728518829
|move|p1a: unreleased leak|Baton Pass|p1a: unreleased leak
|
|t:|1728518830
|switch|p1a: gangermatic|Charizard, F|68/100|[from] Baton Pass
|cant|p2a: Magneton|slp
|
|-weather|Sandstorm|[upkeep]
|-damage|p1a: gangermatic|61/100|[from] Sandstorm
|-heal|p1a: gangermatic|68/100|[from] item: Leftovers
|upkeep
|turn|24
|
|t:|1728518840
|move|p1a: gangermatic|Toxic||[still]
|-fail|p1a: gangermatic
|cant|p2a: Magneton|slp
|
|-weather|Sandstorm|[upkeep]
|-damage|p1a: gangermatic|61/100|[from] Sandstorm
|-heal|p1a: gangermatic|68/100|[from] item: Leftovers
|upkeep
|turn|25
|
|t:|1728518867
|move|p1a: gangermatic|Fire Blast|p2a: Magneton
|-supereffective|p2a: Magneton
|-damage|p2a: Magneton|0 fnt
|faint|p2a: Magneton
|inactive|HeyYa!_Forte has 270 seconds left.
|
|t:|1728518878
|switch|p2a: Suicune|Suicune|64/100
|
|-weather|Sandstorm|[upkeep]
|-damage|p1a: gangermatic|61/100|[from] Sandstorm
|-damage|p2a: Suicune|58/100|[from] Sandstorm
|-heal|p1a: gangermatic|68/100|[from] item: Leftovers
|-heal|p2a: Suicune|64/100|[from] item: Leftovers
|upkeep
|turn|26
|
|t:|1728518902
|switch|p1a: unreleased leak|Zapdos|61/100
|move|p2a: Suicune|Surf|p1a: unreleased leak
|-damage|p1a: unreleased leak|26/100
|
|-weather|Sandstorm|[upkeep]
|-damage|p1a: unreleased leak|20/100|[from] Sandstorm
|-damage|p2a: Suicune|58/100|[from] Sandstorm
|-heal|p1a: unreleased leak|26/100|[from] item: Leftovers
|-heal|p2a: Suicune|64/100|[from] item: Leftovers
|upkeep
|turn|27
|
|t:|1728518913
|switch|p2a: Blissey|Blissey, F|84/100
|move|p1a: unreleased leak|Baton Pass|p1a: unreleased leak
|
|t:|1728518916
|switch|p1a: not a drill|Breloom, F|100/100 par|[from] Baton Pass
|
|-weather|Sandstorm|[upkeep]
|-damage|p2a: Blissey|78/100|[from] Sandstorm
|-damage|p1a: not a drill|94/100 par|[from] Sandstorm
|-heal|p2a: Blissey|84/100|[from] item: Leftovers
|-heal|p1a: not a drill|100/100 par|[from] item: Leftovers
|upkeep
|turn|28
|
|t:|1728518919
|move|p2a: Blissey|Ice Beam|p1a: not a drill
|-supereffective|p1a: not a drill
|-damage|p1a: not a drill|35/100 par
|move|p1a: not a drill|Spore|p2a: Blissey
|-status|p2a: Blissey|slp|[from] move: Spore
|
|-weather|Sandstorm|[upkeep]
|-damage|p2a: Blissey|78/100 slp|[from] Sandstorm
|-damage|p1a: not a drill|28/100 par|[from] Sandstorm
|-heal|p2a: Blissey|84/100 slp|[from] item: Leftovers
|-heal|p1a: not a drill|35/100 par|[from] item: Leftovers
|upkeep
|turn|29
|
|t:|1728518932
|-singleturn|p1a: not a drill|move: Focus Punch
|-curestatus|p2a: Blissey|slp|[from] ability: Natural Cure
|switch|p2a: Medicham|Medicham, M|22/100
|move|p1a: not a drill|Focus Punch|p2a: Medicham
|-resisted|p2a: Medicham
|-damage|p2a: Medicham|0 fnt
|faint|p2a: Medicham
|inactive|HeyYa!_Forte has 270 seconds left.
|
|t:|1728518967
|switch|p2a: Dugtrio|Dugtrio, M|100/100
|
|-weather|Sandstorm|[upkeep]
|-damage|p1a: not a drill|28/100 par|[from] Sandstorm
|-heal|p1a: not a drill|35/100 par|[from] item: Leftovers
|upkeep
|turn|30
|
|t:|1728518995
|move|p1a: not a drill|Mach Punch|p2a: Dugtrio
|-damage|p2a: Dugtrio|38/100
|move|p2a: Dugtrio|Aerial Ace|p1a: not a drill
|-supereffective|p1a: not a drill
|-damage|p1a: not a drill|0 fnt
|faint|p1a: not a drill
|
|t:|1728519000
|switch|p1a: lick|Swampert, F|71/100
|
|-weather|Sandstorm|[upkeep]
|-heal|p1a: lick|78/100|[from] item: Leftovers
|upkeep
|turn|31
|
|t:|1728519013
|switch|p2a: Suicune|Suicune|64/100
|move|p1a: lick|Earthquake|p2a: Suicune
|-damage|p2a: Suicune|46/100
|
|-weather|Sandstorm|[upkeep]
|-damage|p2a: Suicune|40/100|[from] Sandstorm
|-heal|p2a: Suicune|46/100|[from] item: Leftovers
|-heal|p1a: lick|84/100|[from] item: Leftovers
|upkeep
|turn|32
|
|t:|1728519024
|move|p2a: Suicune|Calm Mind|p2a: Suicune
|-boost|p2a: Suicune|spa|1
|-boost|p2a: Suicune|spd|1
|move|p1a: lick|Earthquake|p2a: Suicune
|-damage|p2a: Suicune|29/100
|
|-weather|Sandstorm|[upkeep]
|-damage|p2a: Suicune|23/100|[from] Sandstorm
|-heal|p2a: Suicune|29/100|[from] item: Leftovers
|-heal|p1a: lick|90/100|[from] item: Leftovers
|upkeep
|turn|33
|
|t:|1728519032
|move|p2a: Suicune|Rest|p2a: Suicune
|-status|p2a: Suicune|slp|[from] move: Rest
|-heal|p2a: Suicune|100/100 slp|[silent]
|move|p1a: lick|Earthquake|p2a: Suicune
|-damage|p2a: Suicune|82/100 slp
|
|-weather|Sandstorm|[upkeep]
|-damage|p2a: Suicune|75/100 slp|[from] Sandstorm
|-heal|p2a: Suicune|82/100 slp|[from] item: Leftovers
|-heal|p1a: lick|96/100|[from] item: Leftovers
|upkeep
|turn|34
|inactive|HeyYa!_Forte has 270 seconds left.
|
|t:|1728519038
|switch|p1a: unreleased leak|Zapdos|26/100
|cant|p2a: Suicune|slp
|
|-weather|Sandstorm|[upkeep]
|-damage|p1a: unreleased leak|20/100|[from] Sandstorm
|-damage|p2a: Suicune|75/100 slp|[from] Sandstorm
|-heal|p1a: unreleased leak|26/100|[from] item: Leftovers
|-heal|p2a: Suicune|82/100 slp|[from] item: Leftovers
|upkeep
|turn|35
|
|t:|1728519041
|move|p1a: unreleased leak|Thunderbolt|p2a: Suicune
|-supereffective|p2a: Suicune
|-damage|p2a: Suicune|37/100 slp
|cant|p2a: Suicune|slp
|
|-weather|Sandstorm|[upkeep]
|-damage|p1a: unreleased leak|20/100|[from] Sandstorm
|-damage|p2a: Suicune|30/100 slp|[from] Sandstorm
|-heal|p1a: unreleased leak|26/100|[from] item: Leftovers
|-heal|p2a: Suicune|37/100 slp|[from] item: Leftovers
|upkeep
|turn|36
|
|t:|1728519057
|move|p1a: unreleased leak|Thunderbolt|p2a: Suicune
|-supereffective|p2a: Suicune
|-damage|p2a: Suicune|0 fnt
|faint|p2a: Suicune
|
|t:|1728519064
|switch|p2a: Dugtrio|Dugtrio, M|38/100
|
|-weather|Sandstorm|[upkeep]
|-damage|p1a: unreleased leak|20/100|[from] Sandstorm
|-heal|p1a: unreleased leak|26/100|[from] item: Leftovers
|upkeep
|turn|37
|
|t:|1728519076
|switch|p1a: lick|Swampert, F|96/100
|move|p2a: Dugtrio|Earthquake|p1a: lick
|-damage|p1a: lick|40/100
|
|-weather|Sandstorm|[upkeep]
|-heal|p1a: lick|46/100|[from] item: Leftovers
|upkeep
|turn|38
|
|t:|1728519087
|move|p2a: Dugtrio|Earthquake|p1a: lick
|-damage|p1a: lick|0 fnt
|faint|p1a: lick
|
|t:|1728519089
|switch|p1a: gangermatic|Charizard, F|68/100
|
|-weather|Sandstorm|[upkeep]
|-damage|p1a: gangermatic|61/100|[from] Sandstorm
|-heal|p1a: gangermatic|68/100|[from] item: Leftovers
|upkeep
|turn|39
|
|t:|1728519102
|-singleturn|p1a: gangermatic|move: Focus Punch
|switch|p2a: Blissey|Blissey, F|84/100
|move|p1a: gangermatic|Focus Punch|p2a: Blissey
|-supereffective|p2a: Blissey
|-damage|p2a: Blissey|28/100
|
|-weather|Sandstorm|[upkeep]
|-damage|p1a: gangermatic|61/100|[from] Sandstorm
|-damage|p2a: Blissey|22/100|[from] Sandstorm
|-heal|p1a: gangermatic|68/100|[from] item: Leftovers
|-heal|p2a: Blissey|28/100|[from] item: Leftovers
|upkeep
|turn|40
|
|t:|1728519110
|move|p1a: gangermatic|Toxic|p2a: Blissey
|-status|p2a: Blissey|tox
|move|p2a: Blissey|Soft-Boiled|p2a: Blissey
|-heal|p2a: Blissey|78/100 tox
|
|-weather|Sandstorm|[upkeep]
|-damage|p1a: gangermatic|61/100|[from] Sandstorm
|-damage|p2a: Blissey|72/100 tox|[from] Sandstorm
|-heal|p1a: gangermatic|68/100|[from] item: Leftovers
|-heal|p2a: Blissey|78/100 tox|[from] item: Leftovers
|-damage|p2a: Blissey|72/100 tox|[from] psn
|upkeep
|turn|41
|
|t:|1728519120
|move|p1a: gangermatic|Fire Blast|p2a: Blissey
|-damage|p2a: Blissey|52/100 tox
|move|p2a: Blissey|Seismic Toss|p1a: gangermatic
|-damage|p1a: gangermatic|34/100
|
|-weather|Sandstorm|[upkeep]
|-damage|p1a: gangermatic|28/100|[from] Sandstorm
|-damage|p2a: Blissey|45/100 tox|[from] Sandstorm
|-heal|p1a: gangermatic|34/100|[from] item: Leftovers
|-heal|p2a: Blissey|52/100 tox|[from] item: Leftovers
|-damage|p2a: Blissey|39/100 tox|[from] psn
|upkeep
|turn|42
|
|t:|1728519125
|move|p1a: gangermatic|Fire Blast|p2a: Blissey|[miss]
|-miss|p1a: gangermatic|p2a: Blissey
|move|p2a: Blissey|Seismic Toss|p1a: gangermatic
|-damage|p1a: gangermatic|0 fnt
|faint|p1a: gangermatic
|
|t:|1728519128
|switch|p1a: unreleased leak|Zapdos|26/100
|
|-weather|Sandstorm|[upkeep]
|-damage|p1a: unreleased leak|20/100|[from] Sandstorm
|-damage|p2a: Blissey|33/100 tox|[from] Sandstorm
|-heal|p1a: unreleased leak|26/100|[from] item: Leftovers
|-heal|p2a: Blissey|39/100 tox|[from] item: Leftovers
|-damage|p2a: Blissey|21/100 tox|[from] psn
|upkeep
|turn|43
|
|t:|1728519132
|move|p1a: unreleased leak|Thunderbolt|p2a: Blissey
|-damage|p2a: Blissey|3/100 tox
|move|p2a: Blissey|Seismic Toss|p1a: unreleased leak
|-damage|p1a: unreleased leak|0 fnt
|faint|p1a: unreleased leak
|
|win|HeyYa!_Forte
|c|☆HeyYa!_Forte|ggs
|c|☆wavyish|ggs

</script>
<script type="application/json" class="data" id="replaydata-smogtours-gen3ou-796815">
{"id":"smogtours-gen3ou-796815","format":"[Gen 3] OU","players":["wavyish","HeyYa!_Forte"],"uploadtime":1728519132,"views":157,"formatid":"gen3ou","rating":null,"private":0,"password":null}
</script>

<script defer src="js/replays.js?9d40a366"></script>
