<!DOCTYPE html>
<meta charset="utf-8" />
<meta name="viewport" content="width=device-width" />

<title>[Gen 3] OU: Donly Phans vs. FunkyCop1998 - Replays - Pok&eacute;mon Showdown!</title>

<meta name="description" content="Watch a replay of a Pok&eacute;mon battle between Donly Phans and FunkyCop1998! Format: [Gen 3] OU; Date: Oct 6, 2024" />
<!--

Hey, you! Looking in the source for the replay log?

You can find them in JSON format, just add `.json` at the end of a replay URL.

https://replay.pokemonshowdown.com/gen7randomdoublesbattle-865046831.json

Or, if you only need the log itself, add `.log` instead:

https://replay.pokemonshowdown.com/gen7randomdoublesbattle-865046831.log

-->

<link rel="stylesheet" href="//pokemonshowdown.com/style/global.css?0.023195364461161105" />
<link rel="stylesheet" href="//play.pokemonshowdown.com/style/font-awesome.css?0.13261647063804238" />
<link rel="stylesheet" href="//play.pokemonshowdown.com/style/battle.css?0.8753245789963631" />
<link rel="stylesheet" href="//play.pokemonshowdown.com/style/utilichart.css?0.8627959624976733" />

<!-- Global site tag (gtag.js) - Google Analytics -->
<script async src="https://www.googletagmanager.com/gtag/js?id=UA-26211653-1"></script>
<script>
  window.dataLayer = window.dataLayer || [];
  function gtag(){dataLayer.push(arguments);}
  gtag('js', new Date());

  gtag('config', 'UA-26211653-1');
</script>
<!-- End Google Analytics -->
<!-- Venatus Ad Manager - Install in <HEAD> of page -->
	<script src="https://hb.vntsm.com/v3/live/ad-manager.min.js" type="text/javascript" data-site-id="642aba63ec9a7b11c3c9c1be" data-mode="scan" async></script>
<!-- / Venatus Ad Manager -->

<style>
	@media (max-width:820px) {
		.battle {
			margin: 0 auto;
		}
		.battle-log {
			margin: 7px auto 0;
			max-width: 640px;
			height: 300px;
			position: static;
		}
	}
	.optgroup {
		display: inline-block;
		line-height: 22px;
		font-size: 10pt;
	}
	.optgroup .button {
		height: 25px;
		padding-top: 0;
		padding-bottom: 0;
	}
	.optgroup button.button {
		padding-left: 12px;
		padding-right: 12px;
	}
	.linklist {
		list-style: none;
		margin: 0.5em 0;
		padding: 0;
	}
	.linklist li {
		padding: 2px 0;
	}
	.sidebar {
		float: left;
		width: 320px;
	}
	.bar-wrapper {
		max-width: 1100px;
		margin: 0 auto;
	}
	.bar-wrapper.has-sidebar {
		max-width: 1430px;
	}
	.mainbar {
		margin: 0;
		padding-right: 1px;
	}
	.mainbar.has-sidebar {
		margin-left: 330px;
	}
	@media (min-width: 1511px) {
		.sidebar {
			width: 400px;
		}
		.bar-wrapper.has-sidebar {
			max-width: 1510px;
		}
		.mainbar.has-sidebar {
			margin-left: 410px;
		}
	}
	.section.first-section {
		margin-top: 9px;
	}
	.blocklink small {
		white-space: normal;
	}
	.button {
		vertical-align: middle;
	}
	.replay-controls {
		padding-top: 10px;
	}
	.replay-controls h1 {
		font-size: 16pt;
		font-weight: normal;
		color: #CCC;
	}
	.pagelink {
		text-align: center;
	}
	.pagelink a {
		width: 150px;
	}
	.textbox, .button {
		font-size: 11pt;
		vertical-align: middle;
	}
	@media (max-width: 450px) {
		.button {
			font-size: 9pt;
		}
	}
</style>

<div>

	<header>
		<div class="nav-wrapper"><ul class="nav">
			<li><a class="button nav-first" href="//pokemonshowdown.com/"><img src="//pokemonshowdown.com/images/pokemonshowdownbeta.png" srcset="//pokemonshowdown.com/images/pokemonshowdownbeta.png 1x, //pokemonshowdown.com/images/pokemonshowdownbeta@2x.png 2x" alt="Pok&eacute;mon Showdown" width="146" height="44" /> Home</a></li>
			<li><a class="button" href="//pokemonshowdown.com/dex/">Pok&eacute;dex</a></li>
			<li><a class="button cur" href="/">Replays</a></li>
			<li><a class="button" href="//pokemonshowdown.com/ladder/">Ladder</a></li>
			<li><a class="button nav-last" href="//pokemonshowdown.com/forums/">Forum</a></li>
			<li><a class="button greenbutton nav-first nav-last" href="//play.pokemonshowdown.com/">Play</a></li>
		</ul></div>
	</header>

	<div class="main" id="main">

		<noscript><section class="section">You need to enable JavaScript to use this page; sorry!</section></noscript>

	</div>

</div>

<script defer nomodule src="//play.pokemonshowdown.com/js/lib/ps-polyfill.js"></script>
<script defer src="//play.pokemonshowdown.com/js/lib/preact.min.js"></script>

<script defer src="//play.pokemonshowdown.com/config/config.js?2bddbc15"></script>
<script defer src="//play.pokemonshowdown.com/js/lib/jquery-1.11.0.min.js"></script>
<script defer src="//play.pokemonshowdown.com/js/lib/html-sanitizer-minified.js"></script>
<script defer src="//play.pokemonshowdown.com/js/battle-sound.js"></script>
<script defer src="//play.pokemonshowdown.com/js/battledata.js?0.7209276989879541"></script>
<script defer src="//play.pokemonshowdown.com/data/pokedex-mini.js?0.6111056340867951"></script>
<script defer src="//play.pokemonshowdown.com/data/pokedex-mini-bw.js?0.3532142036491459"></script>
<script defer src="//play.pokemonshowdown.com/data/graphics.js?0.24223875632456182"></script>
<script defer src="//play.pokemonshowdown.com/data/pokedex.js?0.38839984266356864"></script>
<script defer src="//play.pokemonshowdown.com/data/moves.js?0.21866028504024015"></script>
<script defer src="//play.pokemonshowdown.com/data/abilities.js?0.2005157953846628"></script>
<script defer src="//play.pokemonshowdown.com/data/items.js?0.9894211263848525"></script>
<script defer src="//play.pokemonshowdown.com/data/teambuilder-tables.js?0.6008791140282215"></script>
<script defer src="//play.pokemonshowdown.com/js/battle-tooltips.js?0.7580118955022959"></script>
<script defer src="//play.pokemonshowdown.com/js/battle.js?0.6057722274234274"></script>

<script defer src="js/utils.js?e31f9a17"></script>
<script defer src="js/replays-battle.js?7008c182"></script>

<!-- don't scrape this data! just add .json or .log after the URL!
Full API docs: https://github.com/smogon/pokemon-showdown-client/blob/master/WEB-API.md -->
<script type="text/plain" class="log" id="replaylog-smogtours-gen3ou-795951">
|inactive|Battle timer is ON: inactive players will automatically lose when time's up.
|t:|1728245847
|gametype|singles
|player|p1|Donly Phans|noland-gen3|
|player|p2|FunkyCop1998|266|
|teamsize|p1|6
|teamsize|p2|6
|gen|3
|tier|[Gen 3] OU
|rule|Sleep Clause Mod: Limit one foe put to sleep
|rule|Switch Priority Clause Mod: Faster Pokémon switch first
|rule|Species Clause: Limit one of each Pokémon
|rule|OHKO Clause: OHKO moves are banned
|rule|Evasion Items Clause: Evasion items are banned
|rule|Evasion Moves Clause: Evasion moves are banned
|rule|Endless Battle Clause: Forcing endless battles is banned
|rule|HP Percentage Mod: HP is shown in percentages
|rule|One Boost Passer Clause: Limit one Baton Passer that has a way to boost its stats
|rule|Freeze Clause Mod: Limit one foe frozen
|
|t:|1728245847
|start
|switch|p1a: Vaporeon|Vaporeon, M|100/100
|switch|p2a: Popo|Slaking, M|100/100
|turn|1
|inactive|Donly Phans has 270 seconds left.
|
|t:|1728245883
|switch|p2a: Skarmory|Skarmory, M|100/100
|move|p1a: Vaporeon|Substitute|p1a: Vaporeon
|-start|p1a: Vaporeon|Substitute
|-damage|p1a: Vaporeon|76/100
|
|upkeep
|turn|2
|
|t:|1728245888
|move|p1a: Vaporeon|Hydro Pump|p2a: Skarmory|[miss]
|-miss|p1a: Vaporeon|p2a: Skarmory
|move|p2a: Skarmory|Roar|p1a: Vaporeon
|drag|p1a: Metagross|Metagross|100/100
|
|upkeep
|turn|3
|
|t:|1728245904
|switch|p2a: Flygon|Flygon, M|100/100
|move|p1a: Metagross|Thunder Punch|p2a: Flygon
|-immune|p2a: Flygon
|
|upkeep
|turn|4
|
|t:|1728245919
|move|p2a: Flygon|Protect|p2a: Flygon
|-singleturn|p2a: Flygon|Protect
|move|p1a: Metagross|Hidden Power|p2a: Flygon
|-activate|p2a: Flygon|Protect
|
|upkeep
|turn|5
|inactive|Donly Phans has 270 seconds left.
|
|t:|1728245955
|switch|p2a: Jirachi|Jirachi|100/100
|move|p1a: Metagross|Explosion|p2a: Jirachi
|-resisted|p2a: Jirachi
|-damage|p2a: Jirachi|57/100
|faint|p1a: Metagross
|inactive|Donly Phans has 270 seconds left.
|
|t:|1728245970
|switch|p1a: Smeargle|Smeargle, F|100/100
|
|-heal|p2a: Jirachi|63/100|[from] item: Leftovers
|upkeep
|turn|6
|
|t:|1728245983
|move|p2a: Jirachi|Protect|p2a: Jirachi
|-singleturn|p2a: Jirachi|Protect
|move|p1a: Smeargle|Spore|p2a: Jirachi
|-activate|p2a: Jirachi|Protect
|
|-heal|p2a: Jirachi|69/100|[from] item: Leftovers
|upkeep
|turn|7
|
|t:|1728246005
|switch|p2a: Blastoise|Blastoise, M|100/100
|move|p1a: Smeargle|Spore|p2a: Blastoise
|-status|p2a: Blastoise|slp|[from] move: Spore
|
|upkeep
|turn|8
|inactive|Donly Phans has 270 seconds left.
|
|t:|1728246024
|move|p1a: Smeargle|Spikes|p2a: Blastoise
|-sidestart|p2: FunkyCop1998|Spikes
|cant|p2a: Blastoise|slp
|
|upkeep
|turn|9
|inactive|Donly Phans has 270 seconds left.
|
|t:|1728246043
|switch|p1a: Vaporeon|Vaporeon, M|76/100
|-curestatus|p2a: Blastoise|slp|[msg]
|move|p2a: Blastoise|Hydro Pump|p1a: Vaporeon
|-heal|p1a: Vaporeon|100/100|[from] ability: Water Absorb|[of] p2a: Blastoise
|
|upkeep
|turn|10
|inactive|Donly Phans has 270 seconds left.
|
|t:|1728246049
|move|p1a: Vaporeon|Substitute|p1a: Vaporeon
|-start|p1a: Vaporeon|Substitute
|-damage|p1a: Vaporeon|76/100
|move|p2a: Blastoise|Roar|p1a: Vaporeon
|drag|p1a: Aerodactyl|Aerodactyl, M|100/100
|
|upkeep
|turn|11
|inactive|Donly Phans has 270 seconds left.
|
|t:|1728246082
|move|p1a: Aerodactyl|Rock Slide|p2a: Blastoise
|-damage|p2a: Blastoise|53/100
|move|p2a: Blastoise|Rapid Spin|p1a: Aerodactyl
|-resisted|p1a: Aerodactyl
|-damage|p1a: Aerodactyl|98/100
|-sideend|p2: FunkyCop1998|Spikes|[from] move: Rapid Spin|[of] p2a: Blastoise
|
|-heal|p2a: Blastoise|59/100|[from] item: Leftovers
|upkeep
|turn|12
|
|t:|1728246092
|switch|p1a: Vaporeon|Vaporeon, M|76/100
|switch|p2a: Jirachi|Jirachi|69/100
|
|-heal|p2a: Jirachi|75/100|[from] item: Leftovers
|upkeep
|turn|13
|
|t:|1728246104
|move|p1a: Vaporeon|Substitute|p1a: Vaporeon
|-start|p1a: Vaporeon|Substitute
|-damage|p1a: Vaporeon|51/100
|move|p2a: Jirachi|Wish|p2a: Jirachi
|
|-heal|p2a: Jirachi|81/100|[from] item: Leftovers
|upkeep
|turn|14
|
|t:|1728246117
|switch|p2a: Blastoise|Blastoise, M|59/100
|move|p1a: Vaporeon|Baton Pass|p1a: Vaporeon
|
|t:|1728246120
|switch|p1a: Tyranitar|Tyranitar, M|100/100|[from] Baton Pass
|-weather|Sandstorm|[from] ability: Sand Stream|[of] p1a: Tyranitar
|
|-heal|p2a: Blastoise|100/100|[from] move: Wish|[wisher] Jirachi
|-weather|Sandstorm|[upkeep]
|-damage|p2a: Blastoise|94/100|[from] Sandstorm
|-heal|p2a: Blastoise|100/100|[from] item: Leftovers
|upkeep
|turn|15
|
|t:|1728246143
|move|p1a: Tyranitar|Rock Slide|p2a: Blastoise
|-damage|p2a: Blastoise|66/100
|move|p2a: Blastoise|Roar|p1a: Tyranitar
|drag|p1a: Gengar|Gengar, F|100/100
|
|-weather|Sandstorm|[upkeep]
|-damage|p1a: Gengar|94/100|[from] Sandstorm
|-damage|p2a: Blastoise|60/100|[from] Sandstorm
|-heal|p1a: Gengar|100/100|[from] item: Leftovers
|-heal|p2a: Blastoise|66/100|[from] item: Leftovers
|upkeep
|turn|16
|inactive|Donly Phans has 240 seconds left.
|
|t:|1728246174
|switch|p1a: Smeargle|Smeargle, F|100/100
|switch|p2a: Blissey|Blissey, F|100/100
|
|-weather|Sandstorm|[upkeep]
|-damage|p1a: Smeargle|95/100|[from] Sandstorm
|-damage|p2a: Blissey|94/100|[from] Sandstorm
|-heal|p2a: Blissey|100/100|[from] item: Leftovers
|upkeep
|turn|17
|
|t:|1728246192
|switch|p2a: Blastoise|Blastoise, M|66/100
|move|p1a: Smeargle|Spore|p2a: Blastoise
|-status|p2a: Blastoise|slp|[from] move: Spore
|
|-weather|Sandstorm|[upkeep]
|-damage|p1a: Smeargle|89/100|[from] Sandstorm
|-damage|p2a: Blastoise|60/100 slp|[from] Sandstorm
|-heal|p2a: Blastoise|66/100 slp|[from] item: Leftovers
|upkeep
|turn|18
|
|t:|1728246225
|move|p1a: Smeargle|Spikes|p2a: Blastoise
|-sidestart|p2: FunkyCop1998|Spikes
|cant|p2a: Blastoise|slp
|
|-weather|Sandstorm|[upkeep]
|-damage|p1a: Smeargle|83/100|[from] Sandstorm
|-damage|p2a: Blastoise|60/100 slp|[from] Sandstorm
|-heal|p2a: Blastoise|66/100 slp|[from] item: Leftovers
|upkeep
|turn|19
|inactive|Donly Phans has 210 seconds left.
|
|t:|1728246265
|switch|p1a: Gengar|Gengar, F|100/100
|cant|p2a: Blastoise|slp
|
|-weather|Sandstorm|[upkeep]
|-damage|p1a: Gengar|94/100|[from] Sandstorm
|-damage|p2a: Blastoise|60/100 slp|[from] Sandstorm
|-heal|p1a: Gengar|100/100|[from] item: Leftovers
|-heal|p2a: Blastoise|66/100 slp|[from] item: Leftovers
|upkeep
|turn|20
|
|t:|1728246276
|switch|p2a: Blissey|Blissey, F|100/100
|-damage|p2a: Blissey|88/100|[from] Spikes
|move|p1a: Gengar|Hidden Power|p2a: Blissey
|-damage|p2a: Blissey|79/100
|
|-weather|Sandstorm|[upkeep]
|-damage|p1a: Gengar|94/100|[from] Sandstorm
|-damage|p2a: Blissey|73/100|[from] Sandstorm
|-heal|p1a: Gengar|100/100|[from] item: Leftovers
|-heal|p2a: Blissey|79/100|[from] item: Leftovers
|upkeep
|turn|21
|inactive|Donly Phans has 180 seconds left.
|inactive|FunkyCop1998 has 270 seconds left.
|
|t:|1728246307
|switch|p1a: Smeargle|Smeargle, F|83/100
|move|p2a: Blissey|Thunderbolt|p1a: Smeargle
|-damage|p1a: Smeargle|39/100
|
|-weather|Sandstorm|[upkeep]
|-damage|p1a: Smeargle|33/100|[from] Sandstorm
|-damage|p2a: Blissey|73/100|[from] Sandstorm
|-heal|p2a: Blissey|79/100|[from] item: Leftovers
|upkeep
|turn|22
|inactive|Donly Phans has 180 seconds left.
|
|t:|1728246321
|switch|p2a: Skarmory|Skarmory, M|100/100
|move|p1a: Smeargle|Spikes|p2a: Skarmory
|-sidestart|p2: FunkyCop1998|Spikes
|
|-weather|Sandstorm|[upkeep]
|-damage|p1a: Smeargle|27/100|[from] Sandstorm
|upkeep
|turn|23
|inactive|Donly Phans has 180 seconds left.
|
|t:|1728246331
|move|p1a: Smeargle|Thunder Wave|p2a: Skarmory
|-status|p2a: Skarmory|par
|move|p2a: Skarmory|Taunt|p1a: Smeargle
|-start|p1a: Smeargle|move: Taunt
|
|-weather|Sandstorm|[upkeep]
|-damage|p1a: Smeargle|22/100|[from] Sandstorm
|-enditem|p1a: Smeargle|Salac Berry|[eat]
|-boost|p1a: Smeargle|spe|1|[from] item: Salac Berry
|upkeep
|turn|24
|inactive|Donly Phans has 180 seconds left.
|
|t:|1728246356
|move|p1a: Smeargle|Explosion|p2a: Skarmory
|-resisted|p2a: Skarmory
|-damage|p2a: Skarmory|80/100 par
|faint|p1a: Smeargle
|
|t:|1728246363
|switch|p1a: Tyranitar|Tyranitar, M|100/100
|
|-weather|Sandstorm|[upkeep]
|-heal|p2a: Skarmory|86/100 par|[from] item: Leftovers
|upkeep
|turn|25
|
|t:|1728246366
|move|p1a: Tyranitar|Dragon Dance|p1a: Tyranitar
|-boost|p1a: Tyranitar|atk|1
|-boost|p1a: Tyranitar|spe|1
|move|p2a: Skarmory|Roar|p1a: Tyranitar
|drag|p1a: Aerodactyl|Aerodactyl, M|98/100
|
|-weather|Sandstorm|[upkeep]
|-heal|p2a: Skarmory|92/100 par|[from] item: Leftovers
|upkeep
|turn|26
|
|t:|1728246383
|move|p1a: Aerodactyl|Double-Edge|p2a: Skarmory
|-resisted|p2a: Skarmory
|-damage|p2a: Skarmory|73/100 par
|move|p2a: Skarmory|Spikes|p1a: Aerodactyl
|-sidestart|p1: Donly Phans|Spikes
|
|-weather|Sandstorm|[upkeep]
|-heal|p2a: Skarmory|79/100 par|[from] item: Leftovers
|upkeep
|turn|27
|
|t:|1728246390
|switch|p1a: Vaporeon|Vaporeon, M|51/100
|-damage|p1a: Vaporeon|38/100|[from] Spikes
|move|p2a: Skarmory|Spikes|p1a: Vaporeon
|-sidestart|p1: Donly Phans|Spikes
|
|-weather|Sandstorm|[upkeep]
|-damage|p1a: Vaporeon|32/100|[from] Sandstorm
|-heal|p2a: Skarmory|85/100 par|[from] item: Leftovers
|upkeep
|turn|28
|
|t:|1728246413
|move|p1a: Vaporeon|Hydro Pump|p2a: Skarmory
|-damage|p2a: Skarmory|34/100 par
|move|p2a: Skarmory|Roar|p1a: Vaporeon
|drag|p1a: Tyranitar|Tyranitar, M|100/100
|-damage|p1a: Tyranitar|84/100|[from] Spikes
|
|-weather|Sandstorm|[upkeep]
|-heal|p2a: Skarmory|40/100 par|[from] item: Leftovers
|upkeep
|turn|29
|
|t:|1728246427
|switch|p2a: Flygon|Flygon, M|100/100
|move|p1a: Tyranitar|Rock Slide|p2a: Flygon|[miss]
|-miss|p1a: Tyranitar|p2a: Flygon
|
|-weather|Sandstorm|[upkeep]
|upkeep
|turn|30
|
|t:|1728246444
|switch|p2a: Popo|Slaking, M|100/100
|-damage|p2a: Popo|84/100|[from] Spikes
|switch|p1a: Gengar|Gengar, F|100/100
|
|-weather|Sandstorm|[upkeep]
|-damage|p1a: Gengar|94/100|[from] Sandstorm
|-damage|p2a: Popo|78/100|[from] Sandstorm
|-heal|p1a: Gengar|100/100|[from] item: Leftovers
|upkeep
|turn|31
|inactive|Donly Phans has 150 seconds left.
|inactive|FunkyCop1998 has 270 seconds left.
|
|t:|1728246491
|move|p1a: Gengar|Explosion|p2a: Popo
|-damage|p2a: Popo|20/100
|faint|p1a: Gengar
|
|t:|1728246497
|switch|p1a: Tyranitar|Tyranitar, M|84/100
|-damage|p1a: Tyranitar|67/100|[from] Spikes
|
|-weather|Sandstorm|[upkeep]
|-damage|p2a: Popo|14/100|[from] Sandstorm
|upkeep
|turn|32
|inactive|FunkyCop1998 has 270 seconds left.
|inactive|FunkyCop1998 has 240 seconds left.
|inactive|FunkyCop1998 has 210 seconds left.
|inactive|FunkyCop1998 has 180 seconds left.
|inactive|FunkyCop1998 disconnected and has 300 seconds to reconnect!
|player|p2|
|inactive|FunkyCop1998 reconnected and has 165 seconds left.
|player|p2|FunkyCop1998|266|
|
|t:|1728246627
|switch|p2a: Flygon|Flygon, M|100/100
|move|p1a: Tyranitar|Dragon Dance|p1a: Tyranitar
|-boost|p1a: Tyranitar|atk|1
|-boost|p1a: Tyranitar|spe|1
|
|-weather|Sandstorm|[upkeep]
|upkeep
|turn|33
|inactive|Donly Phans has 120 seconds left.
|
|t:|1728246673
|move|p1a: Tyranitar|Dragon Dance|p1a: Tyranitar
|-boost|p1a: Tyranitar|atk|1
|-boost|p1a: Tyranitar|spe|1
|move|p2a: Flygon|Earthquake|p1a: Tyranitar
|-supereffective|p1a: Tyranitar
|-damage|p1a: Tyranitar|9/100
|
|-weather|Sandstorm|[upkeep]
|upkeep
|turn|34
|
|t:|1728246687
|move|p1a: Tyranitar|Rock Slide|p2a: Flygon|[miss]
|-miss|p1a: Tyranitar|p2a: Flygon
|move|p2a: Flygon|Earthquake|p1a: Tyranitar
|-supereffective|p1a: Tyranitar
|-damage|p1a: Tyranitar|0 fnt
|faint|p1a: Tyranitar
|inactive|Donly Phans has 90 seconds left.
|
|t:|1728246703
|switch|p1a: Aerodactyl|Aerodactyl, M|98/100
|
|-weather|Sandstorm|[upkeep]
|upkeep
|turn|35
|
|t:|1728246712
|move|p2a: Flygon|Protect|p2a: Flygon
|-singleturn|p2a: Flygon|Protect
|move|p1a: Aerodactyl|Double-Edge|p2a: Flygon
|-activate|p2a: Flygon|Protect
|
|-weather|Sandstorm|[upkeep]
|upkeep
|turn|36
|inactive|FunkyCop1998 has 180 seconds left.
|
|t:|1728246724
|switch|p1a: Vaporeon|Vaporeon, M|32/100
|-damage|p1a: Vaporeon|16/100|[from] Spikes
|move|p2a: Flygon|Toxic|p1a: Vaporeon
|-status|p1a: Vaporeon|tox
|
|-weather|Sandstorm|[upkeep]
|-damage|p1a: Vaporeon|9/100 tox|[from] Sandstorm
|-enditem|p1a: Vaporeon|Salac Berry|[eat]
|-boost|p1a: Vaporeon|spe|1|[from] item: Salac Berry
|-damage|p1a: Vaporeon|3/100 tox|[from] psn
|upkeep
|turn|37
|
|t:|1728246742
|move|p2a: Flygon|Protect|p2a: Flygon
|-singleturn|p2a: Flygon|Protect
|move|p1a: Vaporeon|Ice Beam|p2a: Flygon
|-activate|p2a: Flygon|Protect
|
|-weather|Sandstorm|[upkeep]
|-damage|p1a: Vaporeon|0 fnt|[from] Sandstorm
|faint|p1a: Vaporeon
|upkeep
|
|t:|1728246746
|switch|p1a: Aerodactyl|Aerodactyl, M|98/100
|turn|38
|
|t:|1728246748
|move|p1a: Aerodactyl|Rock Slide|p2a: Flygon
|-resisted|p2a: Flygon
|-damage|p2a: Flygon|78/100
|move|p2a: Flygon|Toxic|p1a: Aerodactyl
|-status|p1a: Aerodactyl|tox
|
|-weather|Sandstorm|[upkeep]
|-damage|p1a: Aerodactyl|92/100 tox|[from] psn
|-heal|p2a: Flygon|84/100|[from] item: Leftovers
|upkeep
|turn|39
|inactive|Donly Phans has 120 seconds left.
|
|t:|1728246758
|move|p1a: Aerodactyl|Rock Slide|p2a: Flygon
|-resisted|p2a: Flygon
|-damage|p2a: Flygon|64/100
|cant|p2a: Flygon|flinch
|
|-weather|Sandstorm|[upkeep]
|-damage|p1a: Aerodactyl|80/100 tox|[from] psn
|-heal|p2a: Flygon|70/100|[from] item: Leftovers
|upkeep
|turn|40
|
|t:|1728246763
|move|p1a: Aerodactyl|Rock Slide|p2a: Flygon
|-resisted|p2a: Flygon
|-damage|p2a: Flygon|48/100
|move|p2a: Flygon|Fire Blast|p1a: Aerodactyl|[miss]
|-miss|p2a: Flygon|p1a: Aerodactyl
|
|-weather|Sandstorm|[upkeep]
|-damage|p1a: Aerodactyl|62/100 tox|[from] psn
|-heal|p2a: Flygon|54/100|[from] item: Leftovers
|upkeep
|turn|41
|
|t:|1728246771
|move|p1a: Aerodactyl|Rock Slide|p2a: Flygon
|-resisted|p2a: Flygon
|-damage|p2a: Flygon|35/100
|move|p2a: Flygon|Fire Blast|p1a: Aerodactyl
|-resisted|p1a: Aerodactyl
|-damage|p1a: Aerodactyl|48/100 tox
|
|-weather|Sandstorm|[upkeep]
|-damage|p1a: Aerodactyl|24/100 tox|[from] psn
|-heal|p2a: Flygon|41/100|[from] item: Leftovers
|upkeep
|turn|42
|
|t:|1728246782
|move|p1a: Aerodactyl|Rock Slide|p2a: Flygon
|-resisted|p2a: Flygon
|-damage|p2a: Flygon|20/100
|move|p2a: Flygon|Fire Blast|p1a: Aerodactyl
|-resisted|p1a: Aerodactyl
|-damage|p1a: Aerodactyl|11/100 tox
|
|-weather|Sandstorm|[upkeep]
|-damage|p1a: Aerodactyl|0 fnt|[from] psn
|faint|p1a: Aerodactyl
|
|win|FunkyCop1998
|upkeep
|c|☆FunkyCop1998|wp
|c|☆Donly Phans|gg
|c|☆FunkyCop1998|gg

</script>
<script type="application/json" class="data" id="replaydata-smogtours-gen3ou-795951">
{"id":"smogtours-gen3ou-795951","format":"[Gen 3] OU","players":["Donly Phans","FunkyCop1998"],"uploadtime":1728246782,"views":66,"formatid":"gen3ou","rating":null,"private":0,"password":null}
</script>

<script defer src="js/replays.js?9d40a366"></script>
