<!DOCTYPE html>
<meta charset="utf-8" />
<meta name="viewport" content="width=device-width" />

<title>[Gen 3] OU: Justblamehax vs. Olliert - Replays - Pok&eacute;mon Showdown!</title>

<meta name="description" content="Watch a replay of a Pok&eacute;mon battle between Justblamehax and Olliert! Format: [Gen 3] OU; Date: Oct 21, 2024" />
<!--

Hey, you! Looking in the source for the replay log?

You can find them in JSON format, just add `.json` at the end of a replay URL.

https://replay.pokemonshowdown.com/gen7randomdoublesbattle-865046831.json

Or, if you only need the log itself, add `.log` instead:

https://replay.pokemonshowdown.com/gen7randomdoublesbattle-865046831.log

-->

<link rel="stylesheet" href="//pokemonshowdown.com/style/global.css?0.767286132409787" />
<link rel="stylesheet" href="//play.pokemonshowdown.com/style/font-awesome.css?0.9266228007934947" />
<link rel="stylesheet" href="//play.pokemonshowdown.com/style/battle.css?0.7924700842790926" />
<link rel="stylesheet" href="//play.pokemonshowdown.com/style/utilichart.css?0.8777417872839479" />

<!-- Global site tag (gtag.js) - Google Analytics -->
<script async src="https://www.googletagmanager.com/gtag/js?id=UA-26211653-1"></script>
<script>
  window.dataLayer = window.dataLayer || [];
  function gtag(){dataLayer.push(arguments);}
  gtag('js', new Date());

  gtag('config', 'UA-26211653-1');
</script>
<!-- End Google Analytics -->
<!-- Venatus Ad Manager - Install in <HEAD> of page -->
	<script src="https://hb.vntsm.com/v3/live/ad-manager.min.js" type="text/javascript" data-site-id="642aba63ec9a7b11c3c9c1be" data-mode="scan" async></script>
<!-- / Venatus Ad Manager -->

<style>
	@media (max-width:820px) {
		.battle {
			margin: 0 auto;
		}
		.battle-log {
			margin: 7px auto 0;
			max-width: 640px;
			height: 300px;
			position: static;
		}
	}
	.optgroup {
		display: inline-block;
		line-height: 22px;
		font-size: 10pt;
	}
	.optgroup .button {
		height: 25px;
		padding-top: 0;
		padding-bottom: 0;
	}
	.optgroup button.button {
		padding-left: 12px;
		padding-right: 12px;
	}
	.linklist {
		list-style: none;
		margin: 0.5em 0;
		padding: 0;
	}
	.linklist li {
		padding: 2px 0;
	}
	.sidebar {
		float: left;
		width: 320px;
	}
	.bar-wrapper {
		max-width: 1100px;
		margin: 0 auto;
	}
	.bar-wrapper.has-sidebar {
		max-width: 1430px;
	}
	.mainbar {
		margin: 0;
		padding-right: 1px;
	}
	.mainbar.has-sidebar {
		margin-left: 330px;
	}
	@media (min-width: 1511px) {
		.sidebar {
			width: 400px;
		}
		.bar-wrapper.has-sidebar {
			max-width: 1510px;
		}
		.mainbar.has-sidebar {
			margin-left: 410px;
		}
	}
	.section.first-section {
		margin-top: 9px;
	}
	.blocklink small {
		white-space: normal;
	}
	.button {
		vertical-align: middle;
	}
	.replay-controls {
		padding-top: 10px;
	}
	.replay-controls h1 {
		font-size: 16pt;
		font-weight: normal;
		color: #CCC;
	}
	.pagelink {
		text-align: center;
	}
	.pagelink a {
		width: 150px;
	}
	.textbox, .button {
		font-size: 11pt;
		vertical-align: middle;
	}
	@media (max-width: 450px) {
		.button {
			font-size: 9pt;
		}
	}
</style>

<div>

	<header>
		<div class="nav-wrapper"><ul class="nav">
			<li><a class="button nav-first" href="//pokemonshowdown.com/"><img src="//pokemonshowdown.com/images/pokemonshowdownbeta.png" srcset="//pokemonshowdown.com/images/pokemonshowdownbeta.png 1x, //pokemonshowdown.com/images/pokemonshowdownbeta@2x.png 2x" alt="Pok&eacute;mon Showdown" width="146" height="44" /> Home</a></li>
			<li><a class="button" href="//pokemonshowdown.com/dex/">Pok&eacute;dex</a></li>
			<li><a class="button cur" href="/">Replays</a></li>
			<li><a class="button" href="//pokemonshowdown.com/ladder/">Ladder</a></li>
			<li><a class="button nav-last" href="//pokemonshowdown.com/forums/">Forum</a></li>
			<li><a class="button greenbutton nav-first nav-last" href="//play.pokemonshowdown.com/">Play</a></li>
		</ul></div>
	</header>

	<div class="main" id="main">

		<noscript><section class="section">You need to enable JavaScript to use this page; sorry!</section></noscript>

	</div>

</div>

<script defer nomodule src="//play.pokemonshowdown.com/js/lib/ps-polyfill.js"></script>
<script defer src="//play.pokemonshowdown.com/js/lib/preact.min.js"></script>

<script defer src="//play.pokemonshowdown.com/config/config.js?6dec07f6"></script>
<script defer src="//play.pokemonshowdown.com/js/lib/jquery-1.11.0.min.js"></script>
<script defer src="//play.pokemonshowdown.com/js/lib/html-sanitizer-minified.js"></script>
<script defer src="//play.pokemonshowdown.com/js/battle-sound.js"></script>
<script defer src="//play.pokemonshowdown.com/js/battledata.js?0.6315294753075389"></script>
<script defer src="//play.pokemonshowdown.com/data/pokedex-mini.js?0.7603743185311358"></script>
<script defer src="//play.pokemonshowdown.com/data/pokedex-mini-bw.js?0.030888842834281283"></script>
<script defer src="//play.pokemonshowdown.com/data/graphics.js?0.05593094747507488"></script>
<script defer src="//play.pokemonshowdown.com/data/pokedex.js?0.47064822249611904"></script>
<script defer src="//play.pokemonshowdown.com/data/moves.js?0.8583693120512459"></script>
<script defer src="//play.pokemonshowdown.com/data/abilities.js?0.16017181182386842"></script>
<script defer src="//play.pokemonshowdown.com/data/items.js?0.4163379185673943"></script>
<script defer src="//play.pokemonshowdown.com/data/teambuilder-tables.js?0.31075597372830477"></script>
<script defer src="//play.pokemonshowdown.com/js/battle-tooltips.js?0.6536193500708172"></script>
<script defer src="//play.pokemonshowdown.com/js/battle.js?0.1916591943277901"></script>

<script defer src="js/utils.js?e31f9a17"></script>
<script defer src="js/replays-battle.js?7008c182"></script>

<!-- don't scrape this data! just add .json or .log after the URL!
Full API docs: https://github.com/smogon/pokemon-showdown-client/blob/master/WEB-API.md -->
<script type="text/plain" class="log" id="replaylog-smogtours-gen3ou-800980">
|inactive|Battle timer is ON: inactive players will automatically lose when time's up.
|t:|1729468730
|gametype|singles
|player|p1|Justblamehax|170|
|player|p2|Olliert|102|
|teamsize|p1|6
|teamsize|p2|6
|gen|3
|tier|[Gen 3] OU
|rule|Sleep Clause Mod: Limit one foe put to sleep
|rule|Switch Priority Clause Mod: Faster Pokémon switch first
|rule|Species Clause: Limit one of each Pokémon
|rule|OHKO Clause: OHKO moves are banned
|rule|Evasion Items Clause: Evasion items are banned
|rule|Evasion Moves Clause: Evasion moves are banned
|rule|Endless Battle Clause: Forcing endless battles is banned
|rule|HP Percentage Mod: HP is shown in percentages
|rule|One Boost Passer Clause: Limit one Baton Passer that has a way to boost its stats
|rule|Freeze Clause Mod: Limit one foe frozen
|
|t:|1729468730
|start
|switch|p1a: Jynx|Jynx, F|100/100
|switch|p2a: Metagross|Metagross|100/100
|turn|1
|c|☆Justblamehax|glhf
|c|☆Olliert|glhf!
|inactive|Olliert has 270 seconds left.
|
|t:|1729468761
|switch|p2a: Magneton|Magneton|100/100
|move|p1a: Jynx|Lovely Kiss|p2a: Magneton|[miss]
|-miss|p1a: Jynx|p2a: Magneton
|
|upkeep
|turn|2
|
|t:|1729468770
|move|p1a: Jynx|Lovely Kiss|p2a: Magneton|[miss]
|-miss|p1a: Jynx|p2a: Magneton
|move|p2a: Magneton|Hidden Power|p1a: Jynx
|-damage|p1a: Jynx|65/100
|
|upkeep
|turn|3
|
|t:|1729468776
|move|p1a: Jynx|Lovely Kiss|p2a: Magneton
|-status|p2a: Magneton|slp|[from] move: Lovely Kiss
|cant|p2a: Magneton|slp
|
|upkeep
|turn|4
|
|t:|1729468784
|switch|p1a: Dugtrio|Dugtrio, M, shiny|100/100
|switch|p2a: Blissey|Blissey, F, shiny|100/100
|
|upkeep
|turn|5
|
|t:|1729468796
|move|p1a: Dugtrio|Earthquake|p2a: Blissey
|-damage|p2a: Blissey|37/100
|move|p2a: Blissey|Ice Beam|p1a: Dugtrio
|-supereffective|p1a: Dugtrio
|-damage|p1a: Dugtrio|0 fnt
|faint|p1a: Dugtrio
|
|t:|1729468804
|switch|p1a: Metagross|Metagross|100/100
|
|-heal|p2a: Blissey|43/100|[from] item: Leftovers
|upkeep
|turn|6
|
|t:|1729468818
|switch|p2a: Suicune|Suicune, shiny|100/100
|move|p1a: Metagross|Meteor Mash|p2a: Suicune
|-resisted|p2a: Suicune
|-damage|p2a: Suicune|83/100
|
|-heal|p2a: Suicune|89/100|[from] item: Leftovers
|upkeep
|turn|7
|
|t:|1729468830
|switch|p1a: Zapdos|Zapdos|100/100
|move|p2a: Suicune|Surf|p1a: Zapdos
|-damage|p1a: Zapdos|64/100
|
|-heal|p1a: Zapdos|70/100|[from] item: Leftovers
|-heal|p2a: Suicune|95/100|[from] item: Leftovers
|upkeep
|turn|8
|
|t:|1729468860
|switch|p2a: Blissey|Blissey, F, shiny|43/100
|move|p1a: Zapdos|Baton Pass|p1a: Zapdos
|
|t:|1729468866
|switch|p1a: Metagross|Metagross|100/100|[from] Baton Pass
|
|-heal|p2a: Blissey|50/100|[from] item: Leftovers
|upkeep
|turn|9
|
|t:|1729468878
|switch|p2a: Suicune|Suicune, shiny|95/100
|move|p1a: Metagross|Meteor Mash|p2a: Suicune|[miss]
|-miss|p1a: Metagross|p2a: Suicune
|
|-heal|p2a: Suicune|100/100|[from] item: Leftovers
|upkeep
|turn|10
|
|t:|1729468886
|switch|p1a: Milotic|Milotic, F|100/100
|move|p2a: Suicune|Surf|p1a: Milotic
|-resisted|p1a: Milotic
|-damage|p1a: Milotic|92/100
|
|-heal|p1a: Milotic|98/100|[from] item: Leftovers
|upkeep
|turn|11
|
|t:|1729468890
|switch|p2a: Blissey|Blissey, F, shiny|50/100
|move|p1a: Milotic|Toxic|p2a: Blissey
|-status|p2a: Blissey|tox
|
|-heal|p1a: Milotic|100/100|[from] item: Leftovers
|-heal|p2a: Blissey|56/100 tox|[from] item: Leftovers
|-damage|p2a: Blissey|50/100 tox|[from] psn
|upkeep
|turn|12
|
|t:|1729468919
|switch|p1a: Jynx|Jynx, F|65/100
|move|p2a: Blissey|Soft-Boiled|p2a: Blissey
|-heal|p2a: Blissey|99/100 tox
|
|-heal|p2a: Blissey|100/100 tox|[from] item: Leftovers
|-damage|p2a: Blissey|88/100 tox|[from] psn
|upkeep
|turn|13
|
|t:|1729468929
|-curestatus|p2a: Blissey|tox|[from] ability: Natural Cure
|switch|p2a: Metagross|Metagross|100/100
|move|p1a: Jynx|Ice Beam|p2a: Metagross
|-resisted|p2a: Metagross
|-damage|p2a: Metagross|76/100
|
|upkeep
|turn|14
|
|t:|1729468944
|switch|p1a: Zapdos|Zapdos|70/100
|move|p2a: Metagross|Meteor Mash|p1a: Zapdos
|-resisted|p1a: Zapdos
|-damage|p1a: Zapdos|35/100
|
|-heal|p1a: Zapdos|41/100|[from] item: Leftovers
|upkeep
|turn|15
|
|t:|1729468962
|switch|p2a: Blissey|Blissey, F, shiny|88/100
|move|p1a: Zapdos|Thunderbolt|p2a: Blissey
|-damage|p2a: Blissey|69/100
|
|-heal|p1a: Zapdos|47/100|[from] item: Leftovers
|-heal|p2a: Blissey|75/100|[from] item: Leftovers
|upkeep
|turn|16
|
|t:|1729468968
|move|p1a: Zapdos|Toxic|p2a: Blissey
|-status|p2a: Blissey|tox
|move|p2a: Blissey|Wish|p2a: Blissey
|
|-heal|p1a: Zapdos|53/100|[from] item: Leftovers
|-heal|p2a: Blissey|81/100 tox|[from] item: Leftovers
|-damage|p2a: Blissey|75/100 tox|[from] psn
|upkeep
|turn|17
|inactive|Justblamehax has 270 seconds left.
|
|t:|1729469003
|move|p1a: Zapdos|Thunderbolt|p2a: Blissey
|-damage|p2a: Blissey|56/100 tox
|move|p2a: Blissey|Seismic Toss|p1a: Zapdos
|-damage|p1a: Zapdos|25/100
|
|-heal|p2a: Blissey|100/100 tox|[from] move: Wish|[wisher] Blissey
|-heal|p1a: Zapdos|31/100|[from] item: Leftovers
|-damage|p2a: Blissey|88/100 tox|[from] psn
|upkeep
|turn|18
|inactive|Justblamehax has 270 seconds left.
|
|t:|1729469021
|move|p1a: Zapdos|Baton Pass|p1a: Zapdos
|inactive|Justblamehax has 270 seconds left.
|
|t:|1729469051
|switch|p1a: Jynx|Jynx, F|65/100|[from] Baton Pass
|move|p2a: Blissey|Ice Beam|p1a: Jynx
|-resisted|p1a: Jynx
|-damage|p1a: Jynx|49/100
|
|-heal|p2a: Blissey|94/100 tox|[from] item: Leftovers
|-damage|p2a: Blissey|76/100 tox|[from] psn
|upkeep
|turn|19
|
|t:|1729469064
|-curestatus|p2a: Blissey|tox|[from] ability: Natural Cure
|switch|p2a: Metagross|Metagross|76/100
|move|p1a: Jynx|Ice Beam|p2a: Metagross
|-resisted|p2a: Metagross
|-damage|p2a: Metagross|49/100
|
|upkeep
|turn|20
|
|t:|1729469082
|switch|p1a: Milotic|Milotic, F|100/100
|move|p2a: Metagross|Hidden Power|p1a: Milotic
|-damage|p1a: Milotic|60/100
|
|-heal|p1a: Milotic|66/100|[from] item: Leftovers
|upkeep
|turn|21
|inactive|Justblamehax has 240 seconds left.
|
|t:|1729469104
|switch|p1a: Metagross|Metagross|100/100
|switch|p2a: Blissey|Blissey, F, shiny|76/100
|
|-heal|p2a: Blissey|82/100|[from] item: Leftovers
|upkeep
|turn|22
|inactive|Justblamehax has 240 seconds left.
|
|t:|1729469114
|switch|p2a: Metagross|Metagross|49/100
|move|p1a: Metagross|Meteor Mash|p2a: Metagross|[miss]
|-miss|p1a: Metagross|p2a: Metagross
|
|upkeep
|turn|23
|
|t:|1729469121
|move|p1a: Metagross|Earthquake|p2a: Metagross
|-supereffective|p2a: Metagross
|-damage|p2a: Metagross|0 fnt
|faint|p2a: Metagross
|
|t:|1729469138
|switch|p2a: Claydol|Claydol, shiny|100/100
|
|upkeep
|turn|24
|
|t:|1729469143
|switch|p1a: Zapdos|Zapdos|31/100
|move|p2a: Claydol|Earthquake|p1a: Zapdos
|-immune|p1a: Zapdos
|
|-heal|p1a: Zapdos|37/100|[from] item: Leftovers
|upkeep
|turn|25
|
|t:|1729469152
|move|p1a: Zapdos|Toxic|p2a: Claydol
|-status|p2a: Claydol|tox
|move|p2a: Claydol|Psychic|p1a: Zapdos
|-damage|p1a: Zapdos|12/100
|
|-heal|p1a: Zapdos|19/100|[from] item: Leftovers
|-damage|p2a: Claydol|94/100 tox|[from] psn
|upkeep
|turn|26
|
|t:|1729469159
|switch|p2a: Magneton|Magneton|100/100 slp
|move|p1a: Zapdos|Baton Pass|p1a: Zapdos
|
|t:|1729469164
|switch|p1a: Metagross|Metagross|100/100|[from] Baton Pass
|
|upkeep
|turn|27
|
|t:|1729469171
|switch|p2a: Suicune|Suicune, shiny|100/100
|move|p1a: Metagross|Earthquake|p2a: Suicune
|-damage|p2a: Suicune|75/100
|
|-heal|p2a: Suicune|81/100|[from] item: Leftovers
|upkeep
|turn|28
|
|t:|1729469178
|switch|p1a: Milotic|Milotic, F|66/100
|move|p2a: Suicune|Calm Mind|p2a: Suicune
|-boost|p2a: Suicune|spa|1
|-boost|p2a: Suicune|spd|1
|
|-heal|p2a: Suicune|87/100|[from] item: Leftovers
|-heal|p1a: Milotic|72/100|[from] item: Leftovers
|upkeep
|turn|29
|
|t:|1729469189
|switch|p2a: Magneton|Magneton|100/100 slp
|move|p1a: Milotic|Toxic||[still]
|-fail|p1a: Milotic
|
|-heal|p1a: Milotic|78/100|[from] item: Leftovers
|upkeep
|turn|30
|
|t:|1729469192
|cant|p2a: Magneton|slp
|move|p1a: Milotic|Surf|p2a: Magneton
|-damage|p2a: Magneton|43/100 slp
|
|-heal|p1a: Milotic|84/100|[from] item: Leftovers
|upkeep
|turn|31
|
|t:|1729469197
|switch|p2a: Blissey|Blissey, F, shiny|82/100
|move|p1a: Milotic|Surf|p2a: Blissey
|-damage|p2a: Blissey|68/100
|
|-heal|p1a: Milotic|90/100|[from] item: Leftovers
|-heal|p2a: Blissey|75/100|[from] item: Leftovers
|upkeep
|turn|32
|
|t:|1729469211
|move|p1a: Milotic|Toxic|p2a: Blissey
|-status|p2a: Blissey|tox
|move|p2a: Blissey|Soft-Boiled|p2a: Blissey
|-heal|p2a: Blissey|100/100 tox
|
|-heal|p1a: Milotic|96/100|[from] item: Leftovers
|-damage|p2a: Blissey|94/100 tox|[from] psn
|upkeep
|turn|33
|
|t:|1729469225
|move|p1a: Milotic|Surf|p2a: Blissey
|-damage|p2a: Blissey|80/100 tox
|move|p2a: Blissey|Wish|p2a: Blissey
|
|-heal|p1a: Milotic|100/100|[from] item: Leftovers
|-heal|p2a: Blissey|86/100 tox|[from] item: Leftovers
|-damage|p2a: Blissey|74/100 tox|[from] psn
|upkeep
|turn|34
|
|t:|1729469230
|-curestatus|p2a: Blissey|tox|[from] ability: Natural Cure
|switch|p2a: Suicune|Suicune, shiny|87/100
|move|p1a: Milotic|Surf|p2a: Suicune
|-resisted|p2a: Suicune
|-damage|p2a: Suicune|76/100
|
|-heal|p2a: Suicune|100/100|[from] move: Wish|[wisher] Blissey
|upkeep
|turn|35
|
|t:|1729469234
|move|p2a: Suicune|Calm Mind|p2a: Suicune
|-boost|p2a: Suicune|spa|1
|-boost|p2a: Suicune|spd|1
|move|p1a: Milotic|Toxic|p2a: Suicune
|-status|p2a: Suicune|tox
|
|-damage|p2a: Suicune|94/100 tox|[from] psn
|upkeep
|turn|36
|
|t:|1729469240
|move|p2a: Suicune|Surf|p1a: Milotic
|-resisted|p1a: Milotic
|-damage|p1a: Milotic|87/100
|move|p1a: Milotic|Surf|p2a: Suicune
|-resisted|p2a: Suicune
|-damage|p2a: Suicune|86/100 tox
|
|-heal|p2a: Suicune|92/100 tox|[from] item: Leftovers
|-damage|p2a: Suicune|80/100 tox|[from] psn
|-heal|p1a: Milotic|93/100|[from] item: Leftovers
|upkeep
|turn|37
|
|t:|1729469245
|move|p2a: Suicune|Calm Mind|p2a: Suicune
|-boost|p2a: Suicune|spa|1
|-boost|p2a: Suicune|spd|1
|move|p1a: Milotic|Surf|p2a: Suicune
|-resisted|p2a: Suicune
|-damage|p2a: Suicune|74/100 tox
|
|-heal|p2a: Suicune|80/100 tox|[from] item: Leftovers
|-damage|p2a: Suicune|61/100 tox|[from] psn
|-heal|p1a: Milotic|99/100|[from] item: Leftovers
|upkeep
|turn|38
|
|t:|1729469248
|move|p2a: Suicune|Rest|p2a: Suicune
|-status|p2a: Suicune|slp|[from] move: Rest
|-heal|p2a: Suicune|100/100 slp|[silent]
|move|p1a: Milotic|Surf|p2a: Suicune
|-resisted|p2a: Suicune
|-damage|p2a: Suicune|94/100 slp
|
|-heal|p2a: Suicune|100/100 slp|[from] item: Leftovers
|-heal|p1a: Milotic|100/100|[from] item: Leftovers
|upkeep
|turn|39
|
|t:|1729469253
|switch|p1a: Jynx|Jynx, F|49/100
|cant|p2a: Suicune|slp
|
|upkeep
|turn|40
|
|t:|1729469256
|move|p1a: Jynx|Perish Song|p1a: Jynx
|-start|p1a: Jynx|perish3|[silent]
|-start|p2a: Suicune|perish3|[silent]
|-fieldactivate|move: Perish Song
|cant|p2a: Suicune|slp
|
|-start|p1a: Jynx|perish3
|-start|p2a: Suicune|perish3
|upkeep
|turn|41
|
|t:|1729469262
|switch|p1a: Milotic|Milotic, F|100/100
|-curestatus|p2a: Suicune|slp|[msg]
|move|p2a: Suicune|Surf|p1a: Milotic
|-resisted|p1a: Milotic
|-damage|p1a: Milotic|83/100
|
|-heal|p1a: Milotic|89/100|[from] item: Leftovers
|-start|p2a: Suicune|perish2
|upkeep
|turn|42
|
|t:|1729469271
|switch|p2a: Blissey|Blissey, F, shiny|74/100
|move|p1a: Milotic|Toxic|p2a: Blissey
|-status|p2a: Blissey|tox
|
|-heal|p1a: Milotic|95/100|[from] item: Leftovers
|-heal|p2a: Blissey|80/100 tox|[from] item: Leftovers
|-damage|p2a: Blissey|74/100 tox|[from] psn
|upkeep
|turn|43
|
|t:|1729469293
|move|p1a: Milotic|Surf|p2a: Blissey
|-damage|p2a: Blissey|61/100 tox
|move|p2a: Blissey|Soft-Boiled|p2a: Blissey
|-heal|p2a: Blissey|100/100 tox
|
|-heal|p1a: Milotic|100/100|[from] item: Leftovers
|-damage|p2a: Blissey|88/100 tox|[from] psn
|upkeep
|turn|44
|inactive|Justblamehax has 270 seconds left.
|
|t:|1729469315
|switch|p1a: Metagross|Metagross|100/100
|-curestatus|p2a: Blissey|tox|[from] ability: Natural Cure
|switch|p2a: Suicune|Suicune, shiny|100/100
|
|upkeep
|turn|45
|
|t:|1729469331
|move|p1a: Metagross|Meteor Mash|p2a: Suicune
|-resisted|p2a: Suicune
|-crit|p2a: Suicune
|-damage|p2a: Suicune|63/100
|-boost|p1a: Metagross|atk|1
|move|p2a: Suicune|Calm Mind|p2a: Suicune
|-boost|p2a: Suicune|spa|1
|-boost|p2a: Suicune|spd|1
|
|-heal|p2a: Suicune|69/100|[from] item: Leftovers
|upkeep
|turn|46
|
|t:|1729469337
|move|p1a: Metagross|Earthquake|p2a: Suicune
|-damage|p2a: Suicune|35/100
|move|p2a: Suicune|Surf|p1a: Metagross
|-damage|p1a: Metagross|39/100
|
|-heal|p1a: Metagross|45/100|[from] item: Leftovers
|-heal|p2a: Suicune|41/100|[from] item: Leftovers
|upkeep
|turn|47
|
|t:|1729469352
|switch|p2a: Claydol|Claydol, shiny|94/100 tox
|move|p1a: Metagross|Rock Slide|p2a: Claydol
|-resisted|p2a: Claydol
|-damage|p2a: Claydol|77/100 tox
|
|-heal|p1a: Metagross|51/100|[from] item: Leftovers
|-heal|p2a: Claydol|83/100 tox|[from] item: Leftovers
|-damage|p2a: Claydol|77/100 tox|[from] psn
|upkeep
|turn|48
|
|t:|1729469364
|move|p1a: Metagross|Meteor Mash|p2a: Claydol
|-crit|p2a: Claydol
|-damage|p2a: Claydol|0 fnt
|-boost|p1a: Metagross|atk|1
|faint|p2a: Claydol
|
|t:|1729469367
|switch|p2a: Salamence|Salamence, M|100/100
|-ability|p2a: Salamence|Intimidate|boost
|-fail|p1a: Metagross|unboost|[from] ability: Clear Body|[of] p1a: Metagross
|
|-heal|p1a: Metagross|57/100|[from] item: Leftovers
|upkeep
|turn|49
|
|t:|1729469384
|switch|p1a: Starmie|Starmie|100/100
|move|p2a: Salamence|Earthquake|p1a: Starmie
|-damage|p1a: Starmie|14/100
|
|-heal|p1a: Starmie|20/100|[from] item: Leftovers
|upkeep
|turn|50
|
|t:|1729469398
|switch|p2a: Blissey|Blissey, F, shiny|88/100
|move|p1a: Starmie|Ice Beam|p2a: Blissey
|-damage|p2a: Blissey|77/100
|
|-heal|p1a: Starmie|26/100|[from] item: Leftovers
|-heal|p2a: Blissey|83/100|[from] item: Leftovers
|upkeep
|turn|51
|
|t:|1729469405
|move|p1a: Starmie|Recover|p1a: Starmie
|-heal|p1a: Starmie|76/100
|move|p2a: Blissey|Wish|p2a: Blissey
|
|-heal|p1a: Starmie|82/100|[from] item: Leftovers
|-heal|p2a: Blissey|90/100|[from] item: Leftovers
|upkeep
|turn|52
|
|t:|1729469417
|switch|p1a: Metagross|Metagross|57/100
|switch|p2a: Suicune|Suicune, shiny|41/100
|
|-heal|p2a: Suicune|91/100|[from] move: Wish|[wisher] Blissey
|-heal|p1a: Metagross|63/100|[from] item: Leftovers
|-heal|p2a: Suicune|97/100|[from] item: Leftovers
|upkeep
|turn|53
|
|t:|1729469426
|move|p1a: Metagross|Meteor Mash|p2a: Suicune
|-resisted|p2a: Suicune
|-damage|p2a: Suicune|78/100
|move|p2a: Suicune|Calm Mind|p2a: Suicune
|-boost|p2a: Suicune|spa|1
|-boost|p2a: Suicune|spd|1
|
|-heal|p1a: Metagross|69/100|[from] item: Leftovers
|-heal|p2a: Suicune|84/100|[from] item: Leftovers
|upkeep
|turn|54
|
|t:|1729469433
|switch|p1a: Milotic|Milotic, F|100/100
|move|p2a: Suicune|Surf|p1a: Milotic
|-resisted|p1a: Milotic
|-damage|p1a: Milotic|88/100
|
|-heal|p2a: Suicune|91/100|[from] item: Leftovers
|-heal|p1a: Milotic|94/100|[from] item: Leftovers
|upkeep
|turn|55
|
|t:|1729469437
|move|p2a: Suicune|Calm Mind|p2a: Suicune
|-boost|p2a: Suicune|spa|1
|-boost|p2a: Suicune|spd|1
|move|p1a: Milotic|Toxic|p2a: Suicune
|-status|p2a: Suicune|tox
|
|-heal|p2a: Suicune|97/100 tox|[from] item: Leftovers
|-damage|p2a: Suicune|91/100 tox|[from] psn
|-heal|p1a: Milotic|100/100|[from] item: Leftovers
|upkeep
|turn|56
|
|t:|1729469449
|move|p2a: Suicune|Calm Mind|p2a: Suicune
|-boost|p2a: Suicune|spa|1
|-boost|p2a: Suicune|spd|1
|move|p1a: Milotic|Recover||[still]
|-fail|p1a: Milotic|heal
|
|-heal|p2a: Suicune|97/100 tox|[from] item: Leftovers
|-damage|p2a: Suicune|84/100 tox|[from] psn
|upkeep
|turn|57
|
|t:|1729469455
|move|p2a: Suicune|Rest|p2a: Suicune
|-status|p2a: Suicune|slp|[from] move: Rest
|-heal|p2a: Suicune|100/100 slp|[silent]
|move|p1a: Milotic|Recover||[still]
|-fail|p1a: Milotic|heal
|
|upkeep
|turn|58
|
|t:|1729469457
|switch|p1a: Jynx|Jynx, F|49/100
|cant|p2a: Suicune|slp
|
|upkeep
|turn|59
|
|t:|1729469463
|move|p1a: Jynx|Perish Song|p1a: Jynx
|-start|p1a: Jynx|perish3|[silent]
|-start|p2a: Suicune|perish3|[silent]
|-fieldactivate|move: Perish Song
|cant|p2a: Suicune|slp
|
|-start|p1a: Jynx|perish3
|-start|p2a: Suicune|perish3
|upkeep
|turn|60
|
|t:|1729469468
|switch|p1a: Milotic|Milotic, F|100/100
|switch|p2a: Blissey|Blissey, F, shiny|90/100
|
|-heal|p2a: Blissey|96/100|[from] item: Leftovers
|upkeep
|turn|61
|
|t:|1729469472
|switch|p2a: Suicune|Suicune, shiny|100/100 slp
|move|p1a: Milotic|Toxic||[still]
|-fail|p1a: Milotic
|
|upkeep
|turn|62
|
|t:|1729469490
|switch|p1a: Zapdos|Zapdos|19/100
|-curestatus|p2a: Suicune|slp|[msg]
|move|p2a: Suicune|Surf|p1a: Zapdos
|-damage|p1a: Zapdos|0 fnt
|faint|p1a: Zapdos
|
|t:|1729469500
|switch|p1a: Jynx|Jynx, F|49/100
|
|upkeep
|turn|63
|
|t:|1729469511
|move|p1a: Jynx|Ice Beam|p2a: Suicune
|-resisted|p2a: Suicune
|-damage|p2a: Suicune|83/100
|move|p2a: Suicune|Surf|p1a: Jynx
|-damage|p1a: Jynx|8/100
|
|-heal|p2a: Suicune|90/100|[from] item: Leftovers
|upkeep
|turn|64
|
|t:|1729469518
|move|p1a: Jynx|Light Screen|p1a: Jynx
|-sidestart|p1: Justblamehax|Light Screen
|move|p2a: Suicune|Surf|p1a: Jynx
|-damage|p1a: Jynx|0 fnt
|faint|p1a: Jynx
|
|t:|1729469522
|switch|p1a: Metagross|Metagross|69/100
|
|-heal|p1a: Metagross|75/100|[from] item: Leftovers
|-heal|p2a: Suicune|96/100|[from] item: Leftovers
|upkeep
|turn|65
|
|t:|1729469534
|switch|p2a: Salamence|Salamence, M|100/100
|-ability|p2a: Salamence|Intimidate|boost
|-fail|p1a: Metagross|unboost|[from] ability: Clear Body|[of] p1a: Metagross
|move|p1a: Metagross|Meteor Mash|p2a: Salamence
|-damage|p2a: Salamence|23/100
|
|-heal|p1a: Metagross|81/100|[from] item: Leftovers
|upkeep
|turn|66
|
|t:|1729469542
|switch|p1a: Starmie|Starmie|82/100
|move|p2a: Salamence|Earthquake|p1a: Starmie
|-damage|p1a: Starmie|0 fnt
|faint|p1a: Starmie
|
|t:|1729469548
|switch|p1a: Milotic|Milotic, F|100/100
|
|upkeep
|turn|67
|
|t:|1729469557
|switch|p2a: Magneton|Magneton|43/100 slp
|move|p1a: Milotic|Surf|p2a: Magneton
|-damage|p2a: Magneton|0 fnt
|faint|p2a: Magneton
|
|t:|1729469559
|switch|p2a: Suicune|Suicune, shiny|96/100
|
|-heal|p2a: Suicune|100/100|[from] item: Leftovers
|upkeep
|turn|68
|
|t:|1729469572
|move|p2a: Suicune|Calm Mind|p2a: Suicune
|-boost|p2a: Suicune|spa|1
|-boost|p2a: Suicune|spd|1
|move|p1a: Milotic|Toxic|p2a: Suicune
|-status|p2a: Suicune|tox
|
|-sideend|p1: Justblamehax|Light Screen
|-damage|p2a: Suicune|94/100 tox|[from] psn
|upkeep
|turn|69
|
|t:|1729469579
|move|p2a: Suicune|Rest|p2a: Suicune
|-status|p2a: Suicune|slp|[from] move: Rest
|-heal|p2a: Suicune|100/100 slp|[silent]
|move|p1a: Milotic|Surf|p2a: Suicune
|-resisted|p2a: Suicune
|-damage|p2a: Suicune|93/100 slp
|
|-heal|p2a: Suicune|99/100 slp|[from] item: Leftovers
|upkeep
|turn|70
|
|t:|1729469582
|switch|p1a: Metagross|Metagross|81/100
|cant|p2a: Suicune|slp
|
|-heal|p1a: Metagross|87/100|[from] item: Leftovers
|-heal|p2a: Suicune|100/100 slp|[from] item: Leftovers
|upkeep
|turn|71
|
|t:|1729469586
|move|p1a: Metagross|Meteor Mash|p2a: Suicune
|-resisted|p2a: Suicune
|-damage|p2a: Suicune|83/100 slp
|cant|p2a: Suicune|slp
|
|-heal|p1a: Metagross|93/100|[from] item: Leftovers
|-heal|p2a: Suicune|89/100 slp|[from] item: Leftovers
|upkeep
|turn|72
|
|t:|1729469594
|move|p1a: Metagross|Meteor Mash|p2a: Suicune
|-resisted|p2a: Suicune
|-damage|p2a: Suicune|69/100 slp
|-curestatus|p2a: Suicune|slp|[msg]
|move|p2a: Suicune|Surf|p1a: Metagross
|-damage|p1a: Metagross|32/100
|
|-heal|p1a: Metagross|38/100|[from] item: Leftovers
|-heal|p2a: Suicune|75/100|[from] item: Leftovers
|upkeep
|turn|73
|
|t:|1729469603
|move|p1a: Metagross|Rock Slide|p2a: Suicune
|-damage|p2a: Suicune|58/100
|move|p2a: Suicune|Surf|p1a: Metagross
|-damage|p1a: Metagross|0 fnt
|faint|p1a: Metagross
|
|t:|1729469609
|switch|p1a: Milotic|Milotic, F|100/100
|
|-heal|p2a: Suicune|64/100|[from] item: Leftovers
|upkeep
|turn|74
|c|☆Justblamehax|gg]
|c|☆Olliert|ggs!
|-message|Justblamehax forfeited.
|
|win|Olliert
|c|☆Olliert|sorry i missed your msg about playing earlier
|c|☆Justblamehax|its no problem 
|player|p2|

</script>
<script type="application/json" class="data" id="replaydata-smogtours-gen3ou-800980">
{"id":"smogtours-gen3ou-800980","format":"[Gen 3] OU","players":["Justblamehax","Olliert"],"uploadtime":1729469625,"views":84,"formatid":"gen3ou","rating":null,"private":0,"password":null}
</script>

<script defer src="js/replays.js?9d40a366"></script>
