<!DOCTYPE html>
<meta charset="utf-8" />
<meta name="viewport" content="width=device-width" />

<title>[Gen 3] OU: kaesespaetzle vs. kolmisilma. - Replays - Pok&eacute;mon Showdown!</title>

<meta name="description" content="Watch a replay of a Pok&eacute;mon battle between kaesespaetzle and kolmisilma.! Format: [Gen 3] OU; Date: Oct 3, 2024" />
<!--

Hey, you! Looking in the source for the replay log?

You can find them in JSON format, just add `.json` at the end of a replay URL.

https://replay.pokemonshowdown.com/gen7randomdoublesbattle-865046831.json

Or, if you only need the log itself, add `.log` instead:

https://replay.pokemonshowdown.com/gen7randomdoublesbattle-865046831.log

-->

<link rel="stylesheet" href="//pokemonshowdown.com/style/global.css?0.767286132409787" />
<link rel="stylesheet" href="//play.pokemonshowdown.com/style/font-awesome.css?0.9266228007934947" />
<link rel="stylesheet" href="//play.pokemonshowdown.com/style/battle.css?0.7924700842790926" />
<link rel="stylesheet" href="//play.pokemonshowdown.com/style/utilichart.css?0.8777417872839479" />

<!-- Global site tag (gtag.js) - Google Analytics -->
<script async src="https://www.googletagmanager.com/gtag/js?id=UA-26211653-1"></script>
<script>
  window.dataLayer = window.dataLayer || [];
  function gtag(){dataLayer.push(arguments);}
  gtag('js', new Date());

  gtag('config', 'UA-26211653-1');
</script>
<!-- End Google Analytics -->
<!-- Venatus Ad Manager - Install in <HEAD> of page -->
	<script src="https://hb.vntsm.com/v3/live/ad-manager.min.js" type="text/javascript" data-site-id="642aba63ec9a7b11c3c9c1be" data-mode="scan" async></script>
<!-- / Venatus Ad Manager -->

<style>
	@media (max-width:820px) {
		.battle {
			margin: 0 auto;
		}
		.battle-log {
			margin: 7px auto 0;
			max-width: 640px;
			height: 300px;
			position: static;
		}
	}
	.optgroup {
		display: inline-block;
		line-height: 22px;
		font-size: 10pt;
	}
	.optgroup .button {
		height: 25px;
		padding-top: 0;
		padding-bottom: 0;
	}
	.optgroup button.button {
		padding-left: 12px;
		padding-right: 12px;
	}
	.linklist {
		list-style: none;
		margin: 0.5em 0;
		padding: 0;
	}
	.linklist li {
		padding: 2px 0;
	}
	.sidebar {
		float: left;
		width: 320px;
	}
	.bar-wrapper {
		max-width: 1100px;
		margin: 0 auto;
	}
	.bar-wrapper.has-sidebar {
		max-width: 1430px;
	}
	.mainbar {
		margin: 0;
		padding-right: 1px;
	}
	.mainbar.has-sidebar {
		margin-left: 330px;
	}
	@media (min-width: 1511px) {
		.sidebar {
			width: 400px;
		}
		.bar-wrapper.has-sidebar {
			max-width: 1510px;
		}
		.mainbar.has-sidebar {
			margin-left: 410px;
		}
	}
	.section.first-section {
		margin-top: 9px;
	}
	.blocklink small {
		white-space: normal;
	}
	.button {
		vertical-align: middle;
	}
	.replay-controls {
		padding-top: 10px;
	}
	.replay-controls h1 {
		font-size: 16pt;
		font-weight: normal;
		color: #CCC;
	}
	.pagelink {
		text-align: center;
	}
	.pagelink a {
		width: 150px;
	}
	.textbox, .button {
		font-size: 11pt;
		vertical-align: middle;
	}
	@media (max-width: 450px) {
		.button {
			font-size: 9pt;
		}
	}
</style>

<div>

	<header>
		<div class="nav-wrapper"><ul class="nav">
			<li><a class="button nav-first" href="//pokemonshowdown.com/"><img src="//pokemonshowdown.com/images/pokemonshowdownbeta.png" srcset="//pokemonshowdown.com/images/pokemonshowdownbeta.png 1x, //pokemonshowdown.com/images/pokemonshowdownbeta@2x.png 2x" alt="Pok&eacute;mon Showdown" width="146" height="44" /> Home</a></li>
			<li><a class="button" href="//pokemonshowdown.com/dex/">Pok&eacute;dex</a></li>
			<li><a class="button cur" href="/">Replays</a></li>
			<li><a class="button" href="//pokemonshowdown.com/ladder/">Ladder</a></li>
			<li><a class="button nav-last" href="//pokemonshowdown.com/forums/">Forum</a></li>
			<li><a class="button greenbutton nav-first nav-last" href="//play.pokemonshowdown.com/">Play</a></li>
		</ul></div>
	</header>

	<div class="main" id="main">

		<noscript><section class="section">You need to enable JavaScript to use this page; sorry!</section></noscript>

	</div>

</div>

<script defer nomodule src="//play.pokemonshowdown.com/js/lib/ps-polyfill.js"></script>
<script defer src="//play.pokemonshowdown.com/js/lib/preact.min.js"></script>

<script defer src="//play.pokemonshowdown.com/config/config.js?6dec07f6"></script>
<script defer src="//play.pokemonshowdown.com/js/lib/jquery-1.11.0.min.js"></script>
<script defer src="//play.pokemonshowdown.com/js/lib/html-sanitizer-minified.js"></script>
<script defer src="//play.pokemonshowdown.com/js/battle-sound.js"></script>
<script defer src="//play.pokemonshowdown.com/js/battledata.js?0.6315294753075389"></script>
<script defer src="//play.pokemonshowdown.com/data/pokedex-mini.js?0.7603743185311358"></script>
<script defer src="//play.pokemonshowdown.com/data/pokedex-mini-bw.js?0.030888842834281283"></script>
<script defer src="//play.pokemonshowdown.com/data/graphics.js?0.05593094747507488"></script>
<script defer src="//play.pokemonshowdown.com/data/pokedex.js?0.47064822249611904"></script>
<script defer src="//play.pokemonshowdown.com/data/moves.js?0.8583693120512459"></script>
<script defer src="//play.pokemonshowdown.com/data/abilities.js?0.16017181182386842"></script>
<script defer src="//play.pokemonshowdown.com/data/items.js?0.4163379185673943"></script>
<script defer src="//play.pokemonshowdown.com/data/teambuilder-tables.js?0.31075597372830477"></script>
<script defer src="//play.pokemonshowdown.com/js/battle-tooltips.js?0.6536193500708172"></script>
<script defer src="//play.pokemonshowdown.com/js/battle.js?0.1916591943277901"></script>

<script defer src="js/utils.js?e31f9a17"></script>
<script defer src="js/replays-battle.js?7008c182"></script>

<!-- don't scrape this data! just add .json or .log after the URL!
Full API docs: https://github.com/smogon/pokemon-showdown-client/blob/master/WEB-API.md -->
<script type="text/plain" class="log" id="replaylog-smogtours-gen3ou-794418">
|inactive|Battle timer is ON: inactive players will automatically lose when time's up.
|t:|1727994270
|gametype|singles
|player|p1|kaesespaetzle|265|
|player|p2|kolmisilma.|pokemonbreeder-gen4|
|teamsize|p1|6
|teamsize|p2|6
|gen|3
|tier|[Gen 3] OU
|rule|Sleep Clause Mod: Limit one foe put to sleep
|rule|Switch Priority Clause Mod: Faster Pokémon switch first
|rule|Species Clause: Limit one of each Pokémon
|rule|OHKO Clause: OHKO moves are banned
|rule|Evasion Items Clause: Evasion items are banned
|rule|Evasion Moves Clause: Evasion moves are banned
|rule|Endless Battle Clause: Forcing endless battles is banned
|rule|HP Percentage Mod: HP is shown in percentages
|rule|One Boost Passer Clause: Limit one Baton Passer that has a way to boost its stats
|rule|Freeze Clause Mod: Limit one foe frozen
|
|t:|1727994270
|start
|switch|p1a: Hariyama|Hariyama, F|100/100
|switch|p2a: Zapdos|Zapdos|100/100
|turn|1
|c|☆kolmisilma.|sorry thought it would ask you first
|inactive|kolmisilma. has 270 seconds left.
|inactive|kaesespaetzle has 270 seconds left.
|
|t:|1727994309
|move|p2a: Zapdos|Hidden Power|p1a: Hariyama
|-damage|p1a: Hariyama|80/100
|move|p1a: Hariyama|Knock Off|p2a: Zapdos
|-damage|p2a: Zapdos|98/100
|-enditem|p2a: Zapdos|Magnet|[from] move: Knock Off|[of] p1a: Hariyama
|-hint|In Gens 3-4, Knock Off only makes the target's item unusable; it cannot obtain a new item.
|
|-heal|p1a: Hariyama|86/100|[from] item: Leftovers
|upkeep
|turn|2
|
|t:|1727994333
|switch|p2a: Politoed|Politoed, M, shiny|100/100
|switch|p1a: Blissey|Blissey, F|100/100
|
|upkeep
|turn|3
|inactive|kaesespaetzle has 270 seconds left.
|
|t:|1727994366
|move|p2a: Politoed|Rain Dance|p2a: Politoed
|-weather|RainDance
|move|p1a: Blissey|Seismic Toss|p2a: Politoed
|-damage|p2a: Politoed|74/100
|
|-weather|RainDance|[upkeep]
|upkeep
|turn|4
|
|t:|1727994381
|move|p2a: Politoed|Hydro Pump|p1a: Blissey
|-damage|p1a: Blissey|67/100
|-heal|p2a: Politoed|81/100|[from] item: Shell Bell|[of] p1a: Blissey
|move|p1a: Blissey|Seismic Toss|p2a: Politoed
|-damage|p2a: Politoed|55/100
|
|-weather|RainDance|[upkeep]
|-heal|p1a: Blissey|73/100|[from] item: Leftovers
|upkeep
|turn|5
|
|t:|1727994392
|move|p2a: Politoed|Hydro Pump|p1a: Blissey
|-damage|p1a: Blissey|39/100
|-heal|p2a: Politoed|62/100|[from] item: Shell Bell|[of] p1a: Blissey
|move|p1a: Blissey|Soft-Boiled|p1a: Blissey
|-heal|p1a: Blissey|89/100
|
|-weather|RainDance|[upkeep]
|-heal|p1a: Blissey|95/100|[from] item: Leftovers
|upkeep
|turn|6
|
|t:|1727994401
|move|p2a: Politoed|Hydro Pump|p1a: Blissey
|-damage|p1a: Blissey|63/100
|-heal|p2a: Politoed|69/100|[from] item: Shell Bell|[of] p1a: Blissey
|move|p1a: Blissey|Seismic Toss|p2a: Politoed
|-damage|p2a: Politoed|43/100
|
|-weather|RainDance|[upkeep]
|-heal|p1a: Blissey|69/100|[from] item: Leftovers
|upkeep
|turn|7
|
|t:|1727994412
|move|p2a: Politoed|Hydro Pump|p1a: Blissey
|-damage|p1a: Blissey|36/100
|-heal|p2a: Politoed|50/100|[from] item: Shell Bell|[of] p1a: Blissey
|move|p1a: Blissey|Soft-Boiled|p1a: Blissey
|-heal|p1a: Blissey|86/100
|
|-weather|none
|-heal|p1a: Blissey|92/100|[from] item: Leftovers
|upkeep
|turn|8
|
|t:|1727994420
|move|p2a: Politoed|Rain Dance|p2a: Politoed
|-weather|RainDance
|move|p1a: Blissey|Seismic Toss|p2a: Politoed
|-damage|p2a: Politoed|24/100
|
|-weather|RainDance|[upkeep]
|-heal|p1a: Blissey|98/100|[from] item: Leftovers
|upkeep
|turn|9
|
|t:|1727994427
|switch|p2a: Zapdos|Zapdos|98/100
|move|p1a: Blissey|Seismic Toss|p2a: Zapdos
|-damage|p2a: Zapdos|67/100
|
|-weather|RainDance|[upkeep]
|-heal|p1a: Blissey|100/100|[from] item: Leftovers
|upkeep
|turn|10
|
|t:|1727994434
|move|p2a: Zapdos|Thunder|p1a: Blissey
|-damage|p1a: Blissey|74/100
|move|p1a: Blissey|Ice Beam|p2a: Zapdos
|-supereffective|p2a: Zapdos
|-damage|p2a: Zapdos|3/100
|
|-weather|RainDance|[upkeep]
|-heal|p1a: Blissey|80/100|[from] item: Leftovers
|upkeep
|turn|11
|
|t:|1727994442
|move|p2a: Zapdos|Thunder|p1a: Blissey
|-damage|p1a: Blissey|55/100
|move|p1a: Blissey|Soft-Boiled|p1a: Blissey
|-heal|p1a: Blissey|100/100
|
|-weather|RainDance|[upkeep]
|upkeep
|turn|12
|
|t:|1727994448
|move|p2a: Zapdos|Thunder|p1a: Blissey
|-damage|p1a: Blissey|74/100
|move|p1a: Blissey|Seismic Toss|p2a: Zapdos
|-damage|p2a: Zapdos|0 fnt
|faint|p2a: Zapdos
|
|t:|1727994463
|switch|p2a: Politoed|Politoed, M, shiny|24/100
|
|-weather|none
|-heal|p1a: Blissey|81/100|[from] item: Leftovers
|upkeep
|turn|13
|c|☆kaesespaetzle|all good i sent you the challenge
|
|t:|1727994484
|move|p2a: Politoed|Bubble Beam|p1a: Blissey
|-damage|p1a: Blissey|69/100
|-heal|p2a: Politoed|26/100|[from] item: Shell Bell|[of] p1a: Blissey
|move|p1a: Blissey|Seismic Toss|p2a: Politoed
|-damage|p2a: Politoed|0 fnt
|faint|p2a: Politoed
|
|t:|1727994494
|switch|p2a: Ludicolo|Ludicolo, F|100/100
|
|-heal|p1a: Blissey|75/100|[from] item: Leftovers
|upkeep
|turn|14
|c|☆kaesespaetzle|you were cooking it seems
|
|t:|1727994510
|move|p2a: Ludicolo|Fake Out|p1a: Blissey
|-damage|p1a: Blissey|69/100
|cant|p1a: Blissey|flinch
|
|-heal|p1a: Blissey|75/100|[from] item: Leftovers
|upkeep
|turn|15
|
|t:|1727994517
|move|p2a: Ludicolo|Leech Seed|p1a: Blissey
|-start|p1a: Blissey|move: Leech Seed
|move|p1a: Blissey|Seismic Toss|p2a: Ludicolo
|-damage|p2a: Ludicolo|73/100
|
|-heal|p2a: Ludicolo|79/100|[from] item: Leftovers
|-heal|p1a: Blissey|81/100|[from] item: Leftovers
|-damage|p1a: Blissey|68/100|[from] Leech Seed|[of] p2a: Ludicolo
|-heal|p2a: Ludicolo|100/100|[silent]
|upkeep
|turn|16
|
|t:|1727994533
|switch|p1a: Hariyama|Hariyama, F|86/100
|move|p2a: Ludicolo|Rain Dance|p2a: Ludicolo
|-weather|RainDance
|
|-weather|RainDance|[upkeep]
|-heal|p1a: Hariyama|92/100|[from] item: Leftovers
|upkeep
|turn|17
|c|☆kolmisilma.|lol i love generation 3
|
|t:|1727994541
|switch|p1a: Blissey|Blissey, F|68/100
|move|p2a: Ludicolo|Leech Seed|p1a: Blissey
|-start|p1a: Blissey|move: Leech Seed
|
|-weather|RainDance|[upkeep]
|-heal|p1a: Blissey|75/100|[from] item: Leftovers
|-damage|p1a: Blissey|62/100|[from] Leech Seed|[of] p2a: Ludicolo
|upkeep
|turn|18
|
|t:|1727994549
|move|p2a: Ludicolo|Hydro Pump|p1a: Blissey
|-damage|p1a: Blissey|39/100
|move|p1a: Blissey|Soft-Boiled|p1a: Blissey
|-heal|p1a: Blissey|89/100
|
|-weather|RainDance|[upkeep]
|-heal|p1a: Blissey|95/100|[from] item: Leftovers
|-damage|p1a: Blissey|83/100|[from] Leech Seed|[of] p2a: Ludicolo
|upkeep
|turn|19
|
|t:|1727994560
|move|p2a: Ludicolo|Hydro Pump|p1a: Blissey
|-damage|p1a: Blissey|59/100
|move|p1a: Blissey|Soft-Boiled|p1a: Blissey
|-heal|p1a: Blissey|100/100
|
|-weather|RainDance|[upkeep]
|-damage|p1a: Blissey|88/100|[from] Leech Seed|[of] p2a: Ludicolo
|upkeep
|turn|20
|
|t:|1727994571
|move|p2a: Ludicolo|Hydro Pump|p1a: Blissey|[miss]
|-miss|p2a: Ludicolo|p1a: Blissey
|move|p1a: Blissey|Seismic Toss|p2a: Ludicolo
|-damage|p2a: Ludicolo|73/100
|
|-weather|none
|-heal|p2a: Ludicolo|79/100|[from] item: Leftovers
|-heal|p1a: Blissey|94/100|[from] item: Leftovers
|-damage|p1a: Blissey|82/100|[from] Leech Seed|[of] p2a: Ludicolo
|-heal|p2a: Ludicolo|100/100|[silent]
|upkeep
|turn|21
|c|☆kaesespaetzle|have you played some gen 3 OU?
|
|t:|1727994580
|switch|p1a: Hariyama|Hariyama, F|92/100
|move|p2a: Ludicolo|Rain Dance|p2a: Ludicolo
|-weather|RainDance
|
|-weather|RainDance|[upkeep]
|-heal|p1a: Hariyama|98/100|[from] item: Leftovers
|upkeep
|turn|22
|
|t:|1727994590
|move|p2a: Ludicolo|Leech Seed|p1a: Hariyama
|-start|p1a: Hariyama|move: Leech Seed
|move|p1a: Hariyama|Knock Off|p2a: Ludicolo
|-damage|p2a: Ludicolo|98/100
|-enditem|p2a: Ludicolo|Leftovers|[from] move: Knock Off|[of] p1a: Hariyama
|
|-weather|RainDance|[upkeep]
|-heal|p1a: Hariyama|100/100|[from] item: Leftovers
|-damage|p1a: Hariyama|88/100|[from] Leech Seed|[of] p2a: Ludicolo
|-heal|p2a: Ludicolo|100/100|[silent]
|upkeep
|turn|23
|
|t:|1727994599
|switch|p2a: Lanturn|Lanturn, F|100/100
|switch|p1a: Blissey|Blissey, F|82/100
|
|-weather|RainDance|[upkeep]
|-heal|p1a: Blissey|88/100|[from] item: Leftovers
|upkeep
|turn|24
|
|t:|1727994611
|move|p2a: Lanturn|Water Pulse|p1a: Blissey
|-damage|p1a: Blissey|72/100
|move|p1a: Blissey|Seismic Toss|p2a: Lanturn
|-damage|p2a: Lanturn|78/100
|
|-weather|RainDance|[upkeep]
|-heal|p1a: Blissey|79/100|[from] item: Leftovers
|upkeep
|turn|25
|
|t:|1727994618
|move|p2a: Lanturn|Thunder|p1a: Blissey
|-damage|p1a: Blissey|59/100
|move|p1a: Blissey|Seismic Toss|p2a: Lanturn
|-damage|p2a: Lanturn|56/100
|
|-weather|none
|-heal|p1a: Blissey|65/100|[from] item: Leftovers
|upkeep
|turn|26
|c|☆kolmisilma.|no first time in a tournament
|
|t:|1727994629
|move|p2a: Lanturn|Water Pulse|p1a: Blissey
|-damage|p1a: Blissey|54/100
|move|p1a: Blissey|Seismic Toss|p2a: Lanturn
|-damage|p2a: Lanturn|34/100
|
|-heal|p1a: Blissey|60/100|[from] item: Leftovers
|upkeep
|turn|27
|
|t:|1727994643
|move|p2a: Lanturn|Blizzard|p1a: Blissey
|-damage|p1a: Blissey|46/100
|move|p1a: Blissey|Seismic Toss|p2a: Lanturn
|-damage|p2a: Lanturn|12/100
|
|-heal|p1a: Blissey|52/100|[from] item: Leftovers
|upkeep
|turn|28
|c|☆kaesespaetzle|Nice
|
|t:|1727994651
|move|p2a: Lanturn|Blizzard|p1a: Blissey|[miss]
|-miss|p2a: Lanturn|p1a: Blissey
|move|p1a: Blissey|Soft-Boiled|p1a: Blissey
|-heal|p1a: Blissey|100/100
|
|upkeep
|turn|29
|
|t:|1727994664
|move|p2a: Lanturn|Water Pulse|p1a: Blissey
|-damage|p1a: Blissey|89/100
|move|p1a: Blissey|Seismic Toss|p2a: Lanturn
|-damage|p2a: Lanturn|0 fnt
|faint|p2a: Lanturn
|c|☆kaesespaetzle|try using some OU mons
|
|t:|1727994670
|switch|p2a: Ludicolo|Ludicolo, F|100/100
|
|-heal|p1a: Blissey|95/100|[from] item: Leftovers
|upkeep
|turn|30
|c|☆kaesespaetzle|or it will be hard to kill blissey
|
|t:|1727994679
|move|p2a: Ludicolo|Rain Dance|p2a: Ludicolo
|-weather|RainDance
|move|p1a: Blissey|Seismic Toss|p2a: Ludicolo
|-damage|p2a: Ludicolo|73/100
|
|-weather|RainDance|[upkeep]
|-heal|p1a: Blissey|100/100|[from] item: Leftovers
|upkeep
|turn|31
|
|t:|1727994688
|move|p2a: Ludicolo|Fake Out|p1a: Blissey
|-hint|Fake Out only works on your first turn out.
|move|p1a: Blissey|Seismic Toss|p2a: Ludicolo
|-damage|p2a: Ludicolo|46/100
|
|-weather|RainDance|[upkeep]
|upkeep
|turn|32
|c|☆kolmisilma.|ugh hyrdo pump is beside
|
|t:|1727994701
|move|p2a: Ludicolo|Hydro Pump|p1a: Blissey
|-damage|p1a: Blissey|76/100
|move|p1a: Blissey|Seismic Toss|p2a: Ludicolo
|-damage|p2a: Ludicolo|18/100
|
|-weather|RainDance|[upkeep]
|-heal|p1a: Blissey|83/100|[from] item: Leftovers
|upkeep
|turn|33
|
|t:|1727994715
|move|p2a: Ludicolo|Hydro Pump|p1a: Blissey
|-damage|p1a: Blissey|61/100
|move|p1a: Blissey|Seismic Toss|p2a: Ludicolo
|-damage|p2a: Ludicolo|0 fnt
|faint|p2a: Ludicolo
|c|☆kolmisilma.|i like weather teams
|
|t:|1727994733
|switch|p2a: Metagross|Metagross|100/100
|
|-weather|RainDance|[upkeep]
|-heal|p1a: Blissey|67/100|[from] item: Leftovers
|upkeep
|turn|34
|
|t:|1727994745
|switch|p1a: Skarmory|Skarmory, M|100/100
|move|p2a: Metagross|Meteor Mash|p1a: Skarmory
|-resisted|p1a: Skarmory
|-damage|p1a: Skarmory|74/100
|
|-weather|none
|-heal|p1a: Skarmory|80/100|[from] item: Leftovers
|upkeep
|turn|35
|
|t:|1727994757
|move|p1a: Skarmory|Protect|p1a: Skarmory
|-singleturn|p1a: Skarmory|Protect
|move|p2a: Metagross|Rock Slide|p1a: Skarmory
|-activate|p1a: Skarmory|Protect
|
|-heal|p1a: Skarmory|86/100|[from] item: Leftovers
|upkeep
|turn|36
|
|t:|1727994768
|move|p1a: Skarmory|Spikes|p2a: Metagross
|-sidestart|p2: kolmisilma.|Spikes
|move|p2a: Metagross|Rock Slide|p1a: Skarmory
|-damage|p1a: Skarmory|65/100
|
|-heal|p1a: Skarmory|71/100|[from] item: Leftovers
|upkeep
|turn|37
|
|t:|1727994775
|move|p1a: Skarmory|Protect|p1a: Skarmory
|-singleturn|p1a: Skarmory|Protect
|move|p2a: Metagross|Rock Slide|p1a: Skarmory
|-activate|p1a: Skarmory|Protect
|
|-heal|p1a: Skarmory|77/100|[from] item: Leftovers
|upkeep
|turn|38
|
|t:|1727994782
|move|p1a: Skarmory|Spikes|p2a: Metagross
|-sidestart|p2: kolmisilma.|Spikes
|move|p2a: Metagross|Rock Slide|p1a: Skarmory
|-damage|p1a: Skarmory|56/100
|
|-heal|p1a: Skarmory|62/100|[from] item: Leftovers
|upkeep
|turn|39
|
|t:|1727994795
|move|p1a: Skarmory|Protect|p1a: Skarmory
|-singleturn|p1a: Skarmory|Protect
|move|p2a: Metagross|Ice Punch|p1a: Skarmory
|-activate|p1a: Skarmory|Protect
|
|-heal|p1a: Skarmory|68/100|[from] item: Leftovers
|upkeep
|turn|40
|
|t:|1727994802
|move|p1a: Skarmory|Spikes|p2a: Metagross
|-sidestart|p2: kolmisilma.|Spikes
|move|p2a: Metagross|Ice Punch|p1a: Skarmory
|-damage|p1a: Skarmory|54/100
|
|-heal|p1a: Skarmory|60/100|[from] item: Leftovers
|upkeep
|turn|41
|
|t:|1727994814
|move|p1a: Skarmory|Protect|p1a: Skarmory
|-singleturn|p1a: Skarmory|Protect
|move|p2a: Metagross|Ice Punch|p1a: Skarmory
|-activate|p1a: Skarmory|Protect
|
|-heal|p1a: Skarmory|66/100|[from] item: Leftovers
|upkeep
|turn|42
|
|t:|1727994820
|move|p2a: Metagross|Rock Slide|p1a: Skarmory
|-damage|p1a: Skarmory|42/100
|move|p1a: Skarmory|Roar|p2a: Metagross
|drag|p2a: Sharpedo|Sharpedo, M|100/100
|-damage|p2a: Sharpedo|76/100|[from] Spikes
|
|-heal|p1a: Skarmory|48/100|[from] item: Leftovers
|upkeep
|turn|43
|
|t:|1727994833
|move|p1a: Skarmory|Protect|p1a: Skarmory
|-singleturn|p1a: Skarmory|Protect
|move|p2a: Sharpedo|Roar|p1a: Skarmory
|-activate|p1a: Skarmory|Protect
|
|-heal|p1a: Skarmory|54/100|[from] item: Leftovers
|upkeep
|turn|44
|
|t:|1727994840
|switch|p1a: Zapdos|Zapdos|100/100
|move|p2a: Sharpedo|Roar|p1a: Zapdos
|drag|p1a: Starmie|Starmie|100/100
|
|upkeep
|turn|45
|
|t:|1727994848
|move|p1a: Starmie|Thunderbolt|p2a: Sharpedo
|-supereffective|p2a: Sharpedo
|-damage|p2a: Sharpedo|0 fnt
|faint|p2a: Sharpedo
|
|t:|1727994852
|switch|p2a: Metagross|Metagross|100/100
|-damage|p2a: Metagross|75/100|[from] Spikes
|
|upkeep
|turn|46
|
|t:|1727994861
|move|p1a: Starmie|Surf|p2a: Metagross
|-damage|p2a: Metagross|32/100
|move|p2a: Metagross|Ice Punch|p1a: Starmie
|-resisted|p1a: Starmie
|-damage|p1a: Starmie|90/100
|
|-heal|p1a: Starmie|96/100|[from] item: Leftovers
|upkeep
|turn|47
|
|t:|1727994869
|move|p1a: Starmie|Surf|p2a: Metagross
|-damage|p2a: Metagross|0 fnt
|faint|p2a: Metagross
|
|win|kaesespaetzle

</script>
<script type="application/json" class="data" id="replaydata-smogtours-gen3ou-794418">
{"id":"smogtours-gen3ou-794418","format":"[Gen 3] OU","players":["kaesespaetzle","kolmisilma."],"uploadtime":1727994869,"views":85,"formatid":"gen3ou","rating":null,"private":0,"password":null}
</script>

<script defer src="js/replays.js?9d40a366"></script>
