<!DOCTYPE html>
<meta charset="utf-8" />
<meta name="viewport" content="width=device-width" />

<title>[Gen 3] OU: crustaceus vs. Ktools - Replays - Pok&eacute;mon Showdown!</title>

<meta name="description" content="Watch a replay of a Pok&eacute;mon battle between crustaceus and Ktools! Format: [Gen 3] OU; Date: Oct 24, 2024" />
<!--

Hey, you! Looking in the source for the replay log?

You can find them in JSON format, just add `.json` at the end of a replay URL.

https://replay.pokemonshowdown.com/gen7randomdoublesbattle-865046831.json

Or, if you only need the log itself, add `.log` instead:

https://replay.pokemonshowdown.com/gen7randomdoublesbattle-865046831.log

-->

<link rel="stylesheet" href="//pokemonshowdown.com/style/global.css?0.023195364461161105" />
<link rel="stylesheet" href="//play.pokemonshowdown.com/style/font-awesome.css?0.13261647063804238" />
<link rel="stylesheet" href="//play.pokemonshowdown.com/style/battle.css?0.8753245789963631" />
<link rel="stylesheet" href="//play.pokemonshowdown.com/style/utilichart.css?0.8627959624976733" />

<!-- Global site tag (gtag.js) - Google Analytics -->
<script async src="https://www.googletagmanager.com/gtag/js?id=UA-26211653-1"></script>
<script>
  window.dataLayer = window.dataLayer || [];
  function gtag(){dataLayer.push(arguments);}
  gtag('js', new Date());

  gtag('config', 'UA-26211653-1');
</script>
<!-- End Google Analytics -->
<!-- Venatus Ad Manager - Install in <HEAD> of page -->
	<script src="https://hb.vntsm.com/v3/live/ad-manager.min.js" type="text/javascript" data-site-id="642aba63ec9a7b11c3c9c1be" data-mode="scan" async></script>
<!-- / Venatus Ad Manager -->

<style>
	@media (max-width:820px) {
		.battle {
			margin: 0 auto;
		}
		.battle-log {
			margin: 7px auto 0;
			max-width: 640px;
			height: 300px;
			position: static;
		}
	}
	.optgroup {
		display: inline-block;
		line-height: 22px;
		font-size: 10pt;
	}
	.optgroup .button {
		height: 25px;
		padding-top: 0;
		padding-bottom: 0;
	}
	.optgroup button.button {
		padding-left: 12px;
		padding-right: 12px;
	}
	.linklist {
		list-style: none;
		margin: 0.5em 0;
		padding: 0;
	}
	.linklist li {
		padding: 2px 0;
	}
	.sidebar {
		float: left;
		width: 320px;
	}
	.bar-wrapper {
		max-width: 1100px;
		margin: 0 auto;
	}
	.bar-wrapper.has-sidebar {
		max-width: 1430px;
	}
	.mainbar {
		margin: 0;
		padding-right: 1px;
	}
	.mainbar.has-sidebar {
		margin-left: 330px;
	}
	@media (min-width: 1511px) {
		.sidebar {
			width: 400px;
		}
		.bar-wrapper.has-sidebar {
			max-width: 1510px;
		}
		.mainbar.has-sidebar {
			margin-left: 410px;
		}
	}
	.section.first-section {
		margin-top: 9px;
	}
	.blocklink small {
		white-space: normal;
	}
	.button {
		vertical-align: middle;
	}
	.replay-controls {
		padding-top: 10px;
	}
	.replay-controls h1 {
		font-size: 16pt;
		font-weight: normal;
		color: #CCC;
	}
	.pagelink {
		text-align: center;
	}
	.pagelink a {
		width: 150px;
	}
	.textbox, .button {
		font-size: 11pt;
		vertical-align: middle;
	}
	@media (max-width: 450px) {
		.button {
			font-size: 9pt;
		}
	}
</style>

<div>

	<header>
		<div class="nav-wrapper"><ul class="nav">
			<li><a class="button nav-first" href="//pokemonshowdown.com/"><img src="//pokemonshowdown.com/images/pokemonshowdownbeta.png" srcset="//pokemonshowdown.com/images/pokemonshowdownbeta.png 1x, //pokemonshowdown.com/images/pokemonshowdownbeta@2x.png 2x" alt="Pok&eacute;mon Showdown" width="146" height="44" /> Home</a></li>
			<li><a class="button" href="//pokemonshowdown.com/dex/">Pok&eacute;dex</a></li>
			<li><a class="button cur" href="/">Replays</a></li>
			<li><a class="button" href="//pokemonshowdown.com/ladder/">Ladder</a></li>
			<li><a class="button nav-last" href="//pokemonshowdown.com/forums/">Forum</a></li>
			<li><a class="button greenbutton nav-first nav-last" href="//play.pokemonshowdown.com/">Play</a></li>
		</ul></div>
	</header>

	<div class="main" id="main">

		<noscript><section class="section">You need to enable JavaScript to use this page; sorry!</section></noscript>

	</div>

</div>

<script defer nomodule src="//play.pokemonshowdown.com/js/lib/ps-polyfill.js"></script>
<script defer src="//play.pokemonshowdown.com/js/lib/preact.min.js"></script>

<script defer src="//play.pokemonshowdown.com/config/config.js?2bddbc15"></script>
<script defer src="//play.pokemonshowdown.com/js/lib/jquery-1.11.0.min.js"></script>
<script defer src="//play.pokemonshowdown.com/js/lib/html-sanitizer-minified.js"></script>
<script defer src="//play.pokemonshowdown.com/js/battle-sound.js"></script>
<script defer src="//play.pokemonshowdown.com/js/battledata.js?0.7209276989879541"></script>
<script defer src="//play.pokemonshowdown.com/data/pokedex-mini.js?0.6111056340867951"></script>
<script defer src="//play.pokemonshowdown.com/data/pokedex-mini-bw.js?0.3532142036491459"></script>
<script defer src="//play.pokemonshowdown.com/data/graphics.js?0.24223875632456182"></script>
<script defer src="//play.pokemonshowdown.com/data/pokedex.js?0.38839984266356864"></script>
<script defer src="//play.pokemonshowdown.com/data/moves.js?0.21866028504024015"></script>
<script defer src="//play.pokemonshowdown.com/data/abilities.js?0.2005157953846628"></script>
<script defer src="//play.pokemonshowdown.com/data/items.js?0.9894211263848525"></script>
<script defer src="//play.pokemonshowdown.com/data/teambuilder-tables.js?0.6008791140282215"></script>
<script defer src="//play.pokemonshowdown.com/js/battle-tooltips.js?0.7580118955022959"></script>
<script defer src="//play.pokemonshowdown.com/js/battle.js?0.6057722274234274"></script>

<script defer src="js/utils.js?e31f9a17"></script>
<script defer src="js/replays-battle.js?7008c182"></script>

<!-- don't scrape this data! just add .json or .log after the URL!
Full API docs: https://github.com/smogon/pokemon-showdown-client/blob/master/WEB-API.md -->
<script type="text/plain" class="log" id="replaylog-smogtours-gen3ou-801627">
|inactive|Battle timer is ON: inactive players will automatically lose when time's up.
|t:|1729800167
|gametype|singles
|player|p1|crustaceus|102|
|player|p2|Ktools|170|
|teamsize|p1|6
|teamsize|p2|6
|gen|3
|tier|[Gen 3] OU
|rule|Sleep Clause Mod: Limit one foe put to sleep
|rule|Switch Priority Clause Mod: Faster Pokémon switch first
|rule|Species Clause: Limit one of each Pokémon
|rule|OHKO Clause: OHKO moves are banned
|rule|Evasion Items Clause: Evasion items are banned
|rule|Evasion Moves Clause: Evasion moves are banned
|rule|Endless Battle Clause: Forcing endless battles is banned
|rule|HP Percentage Mod: HP is shown in percentages
|rule|One Boost Passer Clause: Limit one Baton Passer that has a way to boost its stats
|rule|Freeze Clause Mod: Limit one foe frozen
|
|t:|1729800167
|start
|switch|p1a: Kalni|Tyranitar, M|100/100
|switch|p2a: Jynx|Jynx, F|100/100
|-weather|Sandstorm|[from] ability: Sand Stream|[of] p1a: Kalni
|turn|1
|
|t:|1729800182
|move|p2a: Jynx|Substitute|p2a: Jynx
|-start|p2a: Jynx|Substitute
|-damage|p2a: Jynx|76/100
|move|p1a: Kalni|Rock Slide|p2a: Jynx|[miss]
|-miss|p1a: Kalni|p2a: Jynx
|
|-weather|Sandstorm|[upkeep]
|-damage|p2a: Jynx|70/100|[from] Sandstorm
|-heal|p2a: Jynx|76/100|[from] item: Leftovers
|upkeep
|turn|2
|
|t:|1729800201
|move|p2a: Jynx|Ice Beam|p1a: Kalni
|-damage|p1a: Kalni|57/100
|move|p1a: Kalni|Taunt|p2a: Jynx
|-start|p2a: Jynx|move: Taunt
|
|-weather|Sandstorm|[upkeep]
|-damage|p2a: Jynx|70/100|[from] Sandstorm
|-heal|p2a: Jynx|76/100|[from] item: Leftovers
|upkeep
|turn|3
|
|t:|1729800209
|move|p2a: Jynx|Ice Beam|p1a: Kalni
|-damage|p1a: Kalni|10/100
|move|p1a: Kalni|Rock Slide|p2a: Jynx
|-supereffective|p2a: Jynx
|-crit|p2a: Jynx
|-end|p2a: Jynx|Substitute
|
|-weather|Sandstorm|[upkeep]
|-damage|p2a: Jynx|70/100|[from] Sandstorm
|-heal|p2a: Jynx|76/100|[from] item: Leftovers
|-end|p2a: Jynx|move: Taunt|[silent]
|upkeep
|turn|4
|
|t:|1729800222
|move|p2a: Jynx|Ice Beam|p1a: Kalni
|-damage|p1a: Kalni|0 fnt
|faint|p1a: Kalni
|
|t:|1729800226
|switch|p1a: Zemene|Dugtrio, M|100/100
|
|-weather|Sandstorm|[upkeep]
|-damage|p2a: Jynx|70/100|[from] Sandstorm
|-heal|p2a: Jynx|76/100|[from] item: Leftovers
|upkeep
|turn|5
|
|t:|1729800236
|move|p1a: Zemene|Earthquake|p2a: Jynx
|-damage|p2a: Jynx|0 fnt
|faint|p2a: Jynx
|
|t:|1729800246
|switch|p2a: Heracross|Heracross, M|100/100
|
|-weather|Sandstorm|[upkeep]
|-damage|p2a: Heracross|94/100|[from] Sandstorm
|upkeep
|turn|6
|
|t:|1729800252
|switch|p1a: Dundurs|Skarmory, M|100/100
|move|p2a: Heracross|Substitute|p2a: Heracross
|-start|p2a: Heracross|Substitute
|-damage|p2a: Heracross|69/100
|
|-weather|Sandstorm|[upkeep]
|-damage|p2a: Heracross|63/100|[from] Sandstorm
|upkeep
|turn|7
|
|t:|1729800262
|move|p2a: Heracross|Rock Slide|p1a: Dundurs
|-damage|p1a: Dundurs|80/100
|move|p1a: Dundurs|Roar|p2a: Heracross
|drag|p2a: Swampert|Swampert, M|100/100
|
|-weather|Sandstorm|[upkeep]
|-heal|p1a: Dundurs|86/100|[from] item: Leftovers
|upkeep
|turn|8
|
|t:|1729800265
|switch|p2a: Starmie|Starmie|100/100
|move|p1a: Dundurs|Spikes|p2a: Starmie
|-sidestart|p2: Ktools|Spikes
|
|-weather|Sandstorm|[upkeep]
|-damage|p2a: Starmie|94/100|[from] Sandstorm
|-heal|p2a: Starmie|100/100|[from] item: Leftovers
|-heal|p1a: Dundurs|92/100|[from] item: Leftovers
|upkeep
|turn|9
|
|t:|1729800279
|switch|p1a: Olas|Blissey, F|100/100
|move|p2a: Starmie|Thunder Wave|p1a: Olas
|-status|p1a: Olas|par
|
|-weather|Sandstorm|[upkeep]
|-damage|p2a: Starmie|94/100|[from] Sandstorm
|-damage|p1a: Olas|94/100 par|[from] Sandstorm
|-heal|p2a: Starmie|100/100|[from] item: Leftovers
|-heal|p1a: Olas|100/100 par|[from] item: Leftovers
|upkeep
|turn|10
|
|t:|1729800295
|move|p2a: Starmie|Rapid Spin|p1a: Olas
|-damage|p1a: Olas|98/100 par
|-sideend|p2: Ktools|Spikes|[from] move: Rapid Spin|[of] p2a: Starmie
|move|p1a: Olas|Ice Beam|p2a: Starmie
|-resisted|p2a: Starmie
|-damage|p2a: Starmie|88/100
|
|-weather|Sandstorm|[upkeep]
|-damage|p2a: Starmie|81/100|[from] Sandstorm
|-damage|p1a: Olas|92/100 par|[from] Sandstorm
|-heal|p2a: Starmie|88/100|[from] item: Leftovers
|-heal|p1a: Olas|98/100 par|[from] item: Leftovers
|upkeep
|turn|11
|
|t:|1729800306
|switch|p2a: Jirachi|Jirachi|100/100
|cant|p1a: Olas|par
|
|-weather|Sandstorm|[upkeep]
|-damage|p1a: Olas|92/100 par|[from] Sandstorm
|-heal|p1a: Olas|98/100 par|[from] item: Leftovers
|upkeep
|turn|12
|
|t:|1729800312
|-curestatus|p1a: Olas|par|[from] ability: Natural Cure
|switch|p1a: Bumbas|Claydol|100/100
|move|p2a: Jirachi|Substitute|p2a: Jirachi
|-start|p2a: Jirachi|Substitute
|-damage|p2a: Jirachi|75/100
|
|-weather|Sandstorm|[upkeep]
|-heal|p2a: Jirachi|82/100|[from] item: Leftovers
|upkeep
|turn|13
|
|t:|1729800319
|move|p2a: Jirachi|Calm Mind|p2a: Jirachi
|-boost|p2a: Jirachi|spa|1
|-boost|p2a: Jirachi|spd|1
|move|p1a: Bumbas|Earthquake|p2a: Jirachi
|-supereffective|p2a: Jirachi
|-end|p2a: Jirachi|Substitute
|
|-weather|Sandstorm|[upkeep]
|-heal|p2a: Jirachi|88/100|[from] item: Leftovers
|upkeep
|turn|14
|
|t:|1729800324
|move|p2a: Jirachi|Ice Punch|p1a: Bumbas
|-supereffective|p1a: Bumbas
|-damage|p1a: Bumbas|47/100
|-status|p1a: Bumbas|frz
|cant|p1a: Bumbas|frz
|
|-weather|Sandstorm|[upkeep]
|-heal|p2a: Jirachi|94/100|[from] item: Leftovers
|-heal|p1a: Bumbas|53/100 frz|[from] item: Leftovers
|upkeep
|turn|15
|inactive|crustaceus has 270 seconds left.
|
|t:|1729800363
|switch|p1a: Dundurs|Skarmory, M|92/100
|move|p2a: Jirachi|Substitute|p2a: Jirachi
|-start|p2a: Jirachi|Substitute
|-damage|p2a: Jirachi|69/100
|
|-weather|Sandstorm|[upkeep]
|-heal|p2a: Jirachi|75/100|[from] item: Leftovers
|-heal|p1a: Dundurs|98/100|[from] item: Leftovers
|upkeep
|turn|16
|
|t:|1729800366
|move|p2a: Jirachi|Thunder|p1a: Dundurs|[miss]
|-miss|p2a: Jirachi|p1a: Dundurs
|move|p1a: Dundurs|Roar|p2a: Jirachi
|drag|p2a: Dugtrio|Dugtrio, F|100/100
|
|-weather|Sandstorm|[upkeep]
|-heal|p1a: Dundurs|100/100|[from] item: Leftovers
|upkeep
|turn|17
|
|t:|1729800377
|switch|p2a: Starmie|Starmie|88/100
|move|p1a: Dundurs|Spikes|p2a: Starmie
|-sidestart|p2: Ktools|Spikes
|
|-weather|Sandstorm|[upkeep]
|-damage|p2a: Starmie|81/100|[from] Sandstorm
|-heal|p2a: Starmie|88/100|[from] item: Leftovers
|upkeep
|turn|18
|
|t:|1729800382
|switch|p1a: Olas|Blissey, F|98/100
|move|p2a: Starmie|Thunder Wave|p1a: Olas
|-status|p1a: Olas|par
|
|-weather|Sandstorm|[upkeep]
|-damage|p2a: Starmie|81/100|[from] Sandstorm
|-damage|p1a: Olas|92/100 par|[from] Sandstorm
|-heal|p2a: Starmie|88/100|[from] item: Leftovers
|-heal|p1a: Olas|98/100 par|[from] item: Leftovers
|upkeep
|turn|19
|
|t:|1729800394
|move|p2a: Starmie|Rapid Spin|p1a: Olas
|-damage|p1a: Olas|95/100 par
|-sideend|p2: Ktools|Spikes|[from] move: Rapid Spin|[of] p2a: Starmie
|move|p1a: Olas|Seismic Toss|p2a: Starmie
|-damage|p2a: Starmie|57/100
|
|-weather|Sandstorm|[upkeep]
|-damage|p2a: Starmie|50/100|[from] Sandstorm
|-damage|p1a: Olas|89/100 par|[from] Sandstorm
|-heal|p2a: Starmie|57/100|[from] item: Leftovers
|-heal|p1a: Olas|95/100 par|[from] item: Leftovers
|upkeep
|turn|20
|
|t:|1729800399
|-curestatus|p1a: Olas|par|[from] ability: Natural Cure
|switch|p1a: Zemene|Dugtrio, M|100/100
|move|p2a: Starmie|Recover|p2a: Starmie
|-heal|p2a: Starmie|100/100
|
|-weather|Sandstorm|[upkeep]
|-damage|p2a: Starmie|94/100|[from] Sandstorm
|-heal|p2a: Starmie|100/100|[from] item: Leftovers
|upkeep
|turn|21
|
|t:|1729800408
|switch|p1a: Olas|Blissey, F|95/100
|move|p2a: Starmie|Surf|p1a: Olas
|-damage|p1a: Olas|80/100
|
|-weather|Sandstorm|[upkeep]
|-damage|p2a: Starmie|94/100|[from] Sandstorm
|-damage|p1a: Olas|74/100|[from] Sandstorm
|-heal|p2a: Starmie|100/100|[from] item: Leftovers
|-heal|p1a: Olas|80/100|[from] item: Leftovers
|upkeep
|turn|22
|
|t:|1729800421
|move|p2a: Starmie|Thunder Wave|p1a: Olas
|-status|p1a: Olas|par
|cant|p1a: Olas|par
|
|-weather|Sandstorm|[upkeep]
|-damage|p2a: Starmie|94/100|[from] Sandstorm
|-damage|p1a: Olas|74/100 par|[from] Sandstorm
|-heal|p2a: Starmie|100/100|[from] item: Leftovers
|-heal|p1a: Olas|80/100 par|[from] item: Leftovers
|upkeep
|turn|23
|
|t:|1729800427
|switch|p2a: Heracross|Heracross, M|63/100
|move|p1a: Olas|Ice Beam|p2a: Heracross
|-damage|p2a: Heracross|37/100
|
|-weather|Sandstorm|[upkeep]
|-damage|p2a: Heracross|31/100|[from] Sandstorm
|-damage|p1a: Olas|74/100 par|[from] Sandstorm
|-heal|p1a: Olas|80/100 par|[from] item: Leftovers
|upkeep
|turn|24
|
|t:|1729800438
|switch|p2a: Jirachi|Jirachi|75/100
|-curestatus|p1a: Olas|par|[from] ability: Natural Cure
|switch|p1a: Dundurs|Skarmory, M|100/100
|
|-weather|Sandstorm|[upkeep]
|-heal|p2a: Jirachi|81/100|[from] item: Leftovers
|upkeep
|turn|25
|
|t:|1729800450
|switch|p1a: Olas|Blissey, F|80/100
|move|p2a: Jirachi|Ice Punch|p1a: Olas
|-damage|p1a: Olas|71/100
|
|-weather|Sandstorm|[upkeep]
|-damage|p1a: Olas|65/100|[from] Sandstorm
|-heal|p2a: Jirachi|88/100|[from] item: Leftovers
|-heal|p1a: Olas|71/100|[from] item: Leftovers
|upkeep
|turn|26
|
|t:|1729800461
|move|p2a: Jirachi|Substitute|p2a: Jirachi
|-start|p2a: Jirachi|Substitute
|-damage|p2a: Jirachi|63/100
|move|p1a: Olas|Seismic Toss|p2a: Jirachi
|-activate|p2a: Jirachi|Substitute|[damage]
|
|-weather|Sandstorm|[upkeep]
|-damage|p1a: Olas|65/100|[from] Sandstorm
|-heal|p2a: Jirachi|69/100|[from] item: Leftovers
|-heal|p1a: Olas|71/100|[from] item: Leftovers
|upkeep
|turn|27
|
|t:|1729800466
|move|p2a: Jirachi|Calm Mind|p2a: Jirachi
|-boost|p2a: Jirachi|spa|1
|-boost|p2a: Jirachi|spd|1
|move|p1a: Olas|Seismic Toss|p2a: Jirachi
|-end|p2a: Jirachi|Substitute
|
|-weather|Sandstorm|[upkeep]
|-damage|p1a: Olas|65/100|[from] Sandstorm
|-heal|p2a: Jirachi|75/100|[from] item: Leftovers
|-heal|p1a: Olas|71/100|[from] item: Leftovers
|upkeep
|turn|28
|
|t:|1729800472
|move|p2a: Jirachi|Substitute|p2a: Jirachi
|-start|p2a: Jirachi|Substitute
|-damage|p2a: Jirachi|50/100
|move|p1a: Olas|Ice Beam|p2a: Jirachi
|-resisted|p2a: Jirachi
|-activate|p2a: Jirachi|Substitute|[damage]
|
|-weather|Sandstorm|[upkeep]
|-damage|p1a: Olas|65/100|[from] Sandstorm
|-heal|p2a: Jirachi|56/100|[from] item: Leftovers
|-heal|p1a: Olas|71/100|[from] item: Leftovers
|upkeep
|turn|29
|
|t:|1729800475
|move|p2a: Jirachi|Calm Mind|p2a: Jirachi
|-boost|p2a: Jirachi|spa|1
|-boost|p2a: Jirachi|spd|1
|move|p1a: Olas|Seismic Toss|p2a: Jirachi
|-end|p2a: Jirachi|Substitute
|
|-weather|Sandstorm|[upkeep]
|-damage|p1a: Olas|65/100|[from] Sandstorm
|-heal|p2a: Jirachi|62/100|[from] item: Leftovers
|-heal|p1a: Olas|71/100|[from] item: Leftovers
|upkeep
|turn|30
|
|t:|1729800481
|move|p2a: Jirachi|Substitute|p2a: Jirachi
|-start|p2a: Jirachi|Substitute
|-damage|p2a: Jirachi|37/100
|move|p1a: Olas|Seismic Toss|p2a: Jirachi
|-activate|p2a: Jirachi|Substitute|[damage]
|
|-weather|Sandstorm|[upkeep]
|-damage|p1a: Olas|65/100|[from] Sandstorm
|-heal|p2a: Jirachi|44/100|[from] item: Leftovers
|-heal|p1a: Olas|71/100|[from] item: Leftovers
|upkeep
|turn|31
|
|t:|1729800491
|move|p2a: Jirachi|Thunder|p1a: Olas|[miss]
|-miss|p2a: Jirachi|p1a: Olas
|move|p1a: Olas|Ice Beam|p2a: Jirachi
|-resisted|p2a: Jirachi
|-end|p2a: Jirachi|Substitute
|
|-weather|Sandstorm|[upkeep]
|-damage|p1a: Olas|65/100|[from] Sandstorm
|-heal|p2a: Jirachi|50/100|[from] item: Leftovers
|-heal|p1a: Olas|71/100|[from] item: Leftovers
|upkeep
|turn|32
|
|t:|1729800505
|move|p2a: Jirachi|Substitute|p2a: Jirachi
|-start|p2a: Jirachi|Substitute
|-damage|p2a: Jirachi|25/100
|move|p1a: Olas|Ice Beam|p2a: Jirachi
|-resisted|p2a: Jirachi
|-activate|p2a: Jirachi|Substitute|[damage]
|
|-weather|Sandstorm|[upkeep]
|-damage|p1a: Olas|65/100|[from] Sandstorm
|-heal|p2a: Jirachi|31/100|[from] item: Leftovers
|-heal|p1a: Olas|71/100|[from] item: Leftovers
|upkeep
|turn|33
|
|t:|1729800513
|move|p2a: Jirachi|Thunder|p1a: Olas
|-damage|p1a: Olas|45/100
|-status|p1a: Olas|par
|move|p1a: Olas|Seismic Toss|p2a: Jirachi
|-end|p2a: Jirachi|Substitute
|
|-weather|Sandstorm|[upkeep]
|-damage|p1a: Olas|38/100 par|[from] Sandstorm
|-heal|p2a: Jirachi|37/100|[from] item: Leftovers
|-heal|p1a: Olas|45/100 par|[from] item: Leftovers
|upkeep
|turn|34
|
|t:|1729800519
|move|p2a: Jirachi|Substitute|p2a: Jirachi
|-start|p2a: Jirachi|Substitute
|-damage|p2a: Jirachi|12/100
|move|p1a: Olas|Soft-Boiled|p1a: Olas
|-heal|p1a: Olas|95/100 par
|
|-weather|Sandstorm|[upkeep]
|-damage|p1a: Olas|88/100 par|[from] Sandstorm
|-heal|p2a: Jirachi|18/100|[from] item: Leftovers
|-heal|p1a: Olas|95/100 par|[from] item: Leftovers
|upkeep
|turn|35
|
|t:|1729800538
|move|p2a: Jirachi|Calm Mind|p2a: Jirachi
|-boost|p2a: Jirachi|spa|1
|-boost|p2a: Jirachi|spd|1
|move|p1a: Olas|Seismic Toss|p2a: Jirachi
|-activate|p2a: Jirachi|Substitute|[damage]
|
|-weather|Sandstorm|[upkeep]
|-damage|p1a: Olas|88/100 par|[from] Sandstorm
|-heal|p2a: Jirachi|25/100|[from] item: Leftovers
|-heal|p1a: Olas|95/100 par|[from] item: Leftovers
|upkeep
|turn|36
|
|t:|1729800547
|move|p2a: Jirachi|Thunder|p1a: Olas
|-damage|p1a: Olas|59/100 par
|move|p1a: Olas|Seismic Toss|p2a: Jirachi
|-end|p2a: Jirachi|Substitute
|
|-weather|Sandstorm|[upkeep]
|-damage|p1a: Olas|53/100 par|[from] Sandstorm
|-heal|p2a: Jirachi|31/100|[from] item: Leftovers
|-heal|p1a: Olas|59/100 par|[from] item: Leftovers
|upkeep
|turn|37
|
|t:|1729800554
|move|p2a: Jirachi|Substitute|p2a: Jirachi
|-start|p2a: Jirachi|Substitute
|-damage|p2a: Jirachi|6/100
|move|p1a: Olas|Seismic Toss|p2a: Jirachi
|-activate|p2a: Jirachi|Substitute|[damage]
|
|-weather|Sandstorm|[upkeep]
|-damage|p1a: Olas|53/100 par|[from] Sandstorm
|-heal|p2a: Jirachi|12/100|[from] item: Leftovers
|-heal|p1a: Olas|59/100 par|[from] item: Leftovers
|upkeep
|turn|38
|
|t:|1729800572
|move|p2a: Jirachi|Ice Punch|p1a: Olas
|-damage|p1a: Olas|38/100 par
|move|p1a: Olas|Ice Beam|p2a: Jirachi
|-resisted|p2a: Jirachi
|-end|p2a: Jirachi|Substitute
|
|-weather|Sandstorm|[upkeep]
|-damage|p1a: Olas|32/100 par|[from] Sandstorm
|-heal|p2a: Jirachi|18/100|[from] item: Leftovers
|-heal|p1a: Olas|38/100 par|[from] item: Leftovers
|upkeep
|turn|39
|
|t:|1729800576
|-curestatus|p1a: Olas|par|[from] ability: Natural Cure
|switch|p1a: Bumbas|Claydol|53/100 frz
|move|p2a: Jirachi|Thunder|p1a: Bumbas
|-immune|p1a: Bumbas
|
|-weather|Sandstorm|[upkeep]
|-heal|p2a: Jirachi|24/100|[from] item: Leftovers
|-heal|p1a: Bumbas|60/100 frz|[from] item: Leftovers
|upkeep
|turn|40
|
|t:|1729800583
|move|p2a: Jirachi|Ice Punch|p1a: Bumbas
|-supereffective|p1a: Bumbas
|-crit|p1a: Bumbas
|-damage|p1a: Bumbas|0 fnt
|faint|p1a: Bumbas
|
|t:|1729800586
|switch|p1a: Zemene|Dugtrio, M|100/100
|
|-weather|Sandstorm|[upkeep]
|-heal|p2a: Jirachi|30/100|[from] item: Leftovers
|upkeep
|turn|41
|c|☆Ktools|ah i inted
|
|t:|1729800596
|move|p1a: Zemene|Earthquake|p2a: Jirachi
|-supereffective|p2a: Jirachi
|-damage|p2a: Jirachi|0 fnt
|faint|p2a: Jirachi
|c|☆crustaceus|yeah that jirachi was scary
|
|t:|1729800620
|switch|p2a: Dugtrio|Dugtrio, F|100/100
|
|-weather|Sandstorm|[upkeep]
|upkeep
|turn|42
|
|t:|1729800628
|move|p2a: Dugtrio|Earthquake|p1a: Zemene
|-damage|p1a: Zemene|0 fnt
|faint|p1a: Zemene
|c|☆Ktools|mb
|c|☆crustaceus|np
|
|t:|1729800638
|switch|p1a: Dundurs|Skarmory, M|100/100
|
|-weather|Sandstorm|[upkeep]
|upkeep
|turn|43
|
|t:|1729800649
|switch|p2a: Starmie|Starmie|100/100
|move|p1a: Dundurs|Spikes|p2a: Starmie
|-sidestart|p2: Ktools|Spikes
|
|-weather|Sandstorm|[upkeep]
|-damage|p2a: Starmie|94/100|[from] Sandstorm
|-heal|p2a: Starmie|100/100|[from] item: Leftovers
|upkeep
|turn|44
|
|t:|1729800660
|switch|p2a: Dugtrio|Dugtrio, F|100/100
|-damage|p2a: Dugtrio|88/100|[from] Spikes
|switch|p1a: Olas|Blissey, F|38/100
|
|-weather|Sandstorm|[upkeep]
|-damage|p1a: Olas|32/100|[from] Sandstorm
|-heal|p1a: Olas|38/100|[from] item: Leftovers
|upkeep
|turn|45
|c|☆crustaceus|nice
|
|t:|1729800667
|move|p2a: Dugtrio|Earthquake|p1a: Olas
|-damage|p1a: Olas|0 fnt
|faint|p1a: Olas
|
|t:|1729800671
|switch|p1a: Dundurs|Skarmory, M|100/100
|
|-weather|Sandstorm|[upkeep]
|upkeep
|turn|46
|
|t:|1729800675
|switch|p2a: Starmie|Starmie|100/100
|-damage|p2a: Starmie|88/100|[from] Spikes
|move|p1a: Dundurs|Roar|p2a: Starmie
|drag|p2a: Heracross|Heracross, M|31/100
|-damage|p2a: Heracross|19/100|[from] Spikes
|
|-weather|Sandstorm|[upkeep]
|-damage|p2a: Heracross|13/100|[from] Sandstorm
|-enditem|p2a: Heracross|Salac Berry|[eat]
|-boost|p2a: Heracross|spe|1|[from] item: Salac Berry
|upkeep
|turn|47
|
|t:|1729800686
|move|p2a: Heracross|Rock Slide|p1a: Dundurs
|-damage|p1a: Dundurs|80/100
|cant|p1a: Dundurs|flinch
|
|-weather|Sandstorm|[upkeep]
|-damage|p2a: Heracross|7/100|[from] Sandstorm
|-heal|p1a: Dundurs|86/100|[from] item: Leftovers
|upkeep
|turn|48
|
|t:|1729800690
|move|p2a: Heracross|Rock Slide|p1a: Dundurs
|-damage|p1a: Dundurs|65/100
|cant|p1a: Dundurs|flinch
|
|-weather|Sandstorm|[upkeep]
|-damage|p2a: Heracross|1/100|[from] Sandstorm
|-heal|p1a: Dundurs|71/100|[from] item: Leftovers
|upkeep
|turn|49
|
|t:|1729800696
|move|p2a: Heracross|Rock Slide|p1a: Dundurs
|-damage|p1a: Dundurs|51/100
|move|p1a: Dundurs|Roar|p2a: Heracross
|drag|p2a: Dugtrio|Dugtrio, F|88/100
|-damage|p2a: Dugtrio|76/100|[from] Spikes
|
|-weather|Sandstorm|[upkeep]
|-heal|p1a: Dundurs|57/100|[from] item: Leftovers
|upkeep
|turn|50
|
|t:|1729800702
|switch|p2a: Starmie|Starmie|88/100
|-damage|p2a: Starmie|76/100|[from] Spikes
|move|p1a: Dundurs|Drill Peck|p2a: Starmie
|-damage|p2a: Starmie|46/100
|
|-weather|Sandstorm|[upkeep]
|-damage|p2a: Starmie|39/100|[from] Sandstorm
|-heal|p2a: Starmie|46/100|[from] item: Leftovers
|-heal|p1a: Dundurs|63/100|[from] item: Leftovers
|upkeep
|turn|51
|
|t:|1729800715
|move|p1a: Dundurs|Protect|p1a: Dundurs
|-singleturn|p1a: Dundurs|Protect
|move|p2a: Starmie|Thunder Wave|p1a: Dundurs
|-activate|p1a: Dundurs|Protect
|
|-weather|Sandstorm|[upkeep]
|-damage|p2a: Starmie|39/100|[from] Sandstorm
|-heal|p2a: Starmie|46/100|[from] item: Leftovers
|-heal|p1a: Dundurs|69/100|[from] item: Leftovers
|upkeep
|turn|52
|
|t:|1729800725
|move|p2a: Starmie|Thunder Wave|p1a: Dundurs
|-status|p1a: Dundurs|par
|move|p1a: Dundurs|Roar|p2a: Starmie
|drag|p2a: Dugtrio|Dugtrio, F|76/100
|-damage|p2a: Dugtrio|64/100|[from] Spikes
|
|-weather|Sandstorm|[upkeep]
|-heal|p1a: Dundurs|75/100 par|[from] item: Leftovers
|upkeep
|turn|53
|
|t:|1729800731
|switch|p2a: Heracross|Heracross, M|1/100
|-damage|p2a: Heracross|0 fnt|[from] Spikes
|faint|p2a: Heracross
|
|t:|1729800734
|switch|p2a: Starmie|Starmie|46/100
|-damage|p2a: Starmie|33/100|[from] Spikes
|
|-weather|Sandstorm|[upkeep]
|-damage|p2a: Starmie|27/100|[from] Sandstorm
|-heal|p2a: Starmie|33/100|[from] item: Leftovers
|-heal|p1a: Dundurs|81/100 par|[from] item: Leftovers
|upkeep
|turn|54
|
|t:|1729800756
|switch|p1a: Juras|Milotic, F|100/100
|move|p2a: Starmie|Recover|p2a: Starmie
|-heal|p2a: Starmie|83/100
|
|-weather|Sandstorm|[upkeep]
|-damage|p2a: Starmie|77/100|[from] Sandstorm
|-damage|p1a: Juras|94/100|[from] Sandstorm
|-heal|p2a: Starmie|83/100|[from] item: Leftovers
|-heal|p1a: Juras|100/100|[from] item: Leftovers
|upkeep
|turn|55
|
|t:|1729800773
|move|p2a: Starmie|Rapid Spin|p1a: Juras
|-damage|p1a: Juras|98/100
|-sideend|p2: Ktools|Spikes|[from] move: Rapid Spin|[of] p2a: Starmie
|move|p1a: Juras|Toxic|p2a: Starmie
|-status|p2a: Starmie|tox
|
|-weather|Sandstorm|[upkeep]
|-damage|p2a: Starmie|77/100 tox|[from] Sandstorm
|-damage|p1a: Juras|92/100|[from] Sandstorm
|-heal|p2a: Starmie|83/100 tox|[from] item: Leftovers
|-damage|p2a: Starmie|77/100 tox|[from] psn
|-heal|p1a: Juras|98/100|[from] item: Leftovers
|upkeep
|turn|56
|inactive|Ktools has 270 seconds left.
|inactive|crustaceus has 270 seconds left.
|
|t:|1729800809
|switch|p1a: Dundurs|Skarmory, M|81/100 par
|move|p2a: Starmie|Thunder Wave|p1a: Dundurs
|-fail|p1a: Dundurs|par
|
|-weather|Sandstorm|[upkeep]
|-damage|p2a: Starmie|71/100 tox|[from] Sandstorm
|-heal|p2a: Starmie|77/100 tox|[from] item: Leftovers
|-damage|p2a: Starmie|65/100 tox|[from] psn
|-heal|p1a: Dundurs|87/100 par|[from] item: Leftovers
|upkeep
|turn|57
|
|t:|1729800817
|-curestatus|p2a: Starmie|tox|[from] ability: Natural Cure
|switch|p2a: Swampert|Swampert, M|100/100
|cant|p1a: Dundurs|par
|
|-weather|Sandstorm|[upkeep]
|-heal|p1a: Dundurs|93/100 par|[from] item: Leftovers
|upkeep
|turn|58
|
|t:|1729800827
|move|p2a: Swampert|Ice Beam|p1a: Dundurs
|-damage|p1a: Dundurs|76/100 par
|cant|p1a: Dundurs|par
|
|-weather|Sandstorm|[upkeep]
|-heal|p1a: Dundurs|82/100 par|[from] item: Leftovers
|upkeep
|turn|59
|
|t:|1729800836
|move|p2a: Swampert|Surf|p1a: Dundurs
|-damage|p1a: Dundurs|56/100 par
|move|p1a: Dundurs|Spikes|p2a: Swampert
|-sidestart|p2: Ktools|Spikes
|
|-weather|Sandstorm|[upkeep]
|-heal|p1a: Dundurs|62/100 par|[from] item: Leftovers
|upkeep
|turn|60
|
|t:|1729800845
|switch|p1a: Juras|Milotic, F|98/100
|move|p2a: Swampert|Surf|p1a: Juras
|-resisted|p1a: Juras
|-damage|p1a: Juras|88/100
|
|-weather|Sandstorm|[upkeep]
|-damage|p1a: Juras|81/100|[from] Sandstorm
|-heal|p1a: Juras|88/100|[from] item: Leftovers
|upkeep
|turn|61
|
|t:|1729800851
|move|p2a: Swampert|Protect|p2a: Swampert
|-singleturn|p2a: Swampert|Protect
|move|p1a: Juras|Toxic|p2a: Swampert
|-activate|p2a: Swampert|Protect
|
|-weather|Sandstorm|[upkeep]
|-damage|p1a: Juras|81/100|[from] Sandstorm
|-heal|p1a: Juras|88/100|[from] item: Leftovers
|upkeep
|turn|62
|
|t:|1729800857
|switch|p2a: Starmie|Starmie|65/100
|-damage|p2a: Starmie|52/100|[from] Spikes
|move|p1a: Juras|Toxic|p2a: Starmie
|-status|p2a: Starmie|tox
|
|-weather|Sandstorm|[upkeep]
|-damage|p2a: Starmie|46/100 tox|[from] Sandstorm
|-damage|p1a: Juras|81/100|[from] Sandstorm
|-heal|p2a: Starmie|52/100 tox|[from] item: Leftovers
|-damage|p2a: Starmie|46/100 tox|[from] psn
|-heal|p1a: Juras|88/100|[from] item: Leftovers
|upkeep
|turn|63
|
|t:|1729800862
|move|p2a: Starmie|Rapid Spin|p1a: Juras
|-damage|p1a: Juras|85/100
|-sideend|p2: Ktools|Spikes|[from] move: Rapid Spin|[of] p2a: Starmie
|move|p1a: Juras|Surf|p2a: Starmie
|-resisted|p2a: Starmie
|-damage|p2a: Starmie|26/100 tox
|
|-weather|Sandstorm|[upkeep]
|-damage|p2a: Starmie|20/100 tox|[from] Sandstorm
|-damage|p1a: Juras|79/100|[from] Sandstorm
|-heal|p2a: Starmie|26/100 tox|[from] item: Leftovers
|-damage|p2a: Starmie|14/100 tox|[from] psn
|-heal|p1a: Juras|85/100|[from] item: Leftovers
|upkeep
|turn|64
|
|t:|1729800870
|move|p2a: Starmie|Recover|p2a: Starmie
|-heal|p2a: Starmie|64/100 tox
|move|p1a: Juras|Surf|p2a: Starmie
|-resisted|p2a: Starmie
|-damage|p2a: Starmie|43/100 tox
|
|-weather|Sandstorm|[upkeep]
|-damage|p2a: Starmie|37/100 tox|[from] Sandstorm
|-damage|p1a: Juras|79/100|[from] Sandstorm
|-heal|p2a: Starmie|43/100 tox|[from] item: Leftovers
|-damage|p2a: Starmie|25/100 tox|[from] psn
|-heal|p1a: Juras|85/100|[from] item: Leftovers
|upkeep
|turn|65
|
|t:|1729800874
|-curestatus|p2a: Starmie|tox|[from] ability: Natural Cure
|switch|p2a: Swampert|Swampert, M|100/100
|move|p1a: Juras|Surf|p2a: Swampert
|-damage|p2a: Swampert|71/100
|
|-weather|Sandstorm|[upkeep]
|-damage|p1a: Juras|79/100|[from] Sandstorm
|-heal|p1a: Juras|85/100|[from] item: Leftovers
|-heal|p2a: Swampert|78/100|[from] item: Leftovers
|upkeep
|turn|66
|
|t:|1729800878
|move|p2a: Swampert|Protect|p2a: Swampert
|-singleturn|p2a: Swampert|Protect
|move|p1a: Juras|Toxic|p2a: Swampert
|-activate|p2a: Swampert|Protect
|
|-weather|Sandstorm|[upkeep]
|-damage|p1a: Juras|79/100|[from] Sandstorm
|-heal|p1a: Juras|85/100|[from] item: Leftovers
|-heal|p2a: Swampert|84/100|[from] item: Leftovers
|upkeep
|turn|67
|
|t:|1729800888
|switch|p2a: Starmie|Starmie|25/100
|move|p1a: Juras|Toxic|p2a: Starmie
|-status|p2a: Starmie|tox
|
|-weather|Sandstorm|[upkeep]
|-damage|p2a: Starmie|19/100 tox|[from] Sandstorm
|-damage|p1a: Juras|79/100|[from] Sandstorm
|-heal|p2a: Starmie|25/100 tox|[from] item: Leftovers
|-damage|p2a: Starmie|19/100 tox|[from] psn
|-heal|p1a: Juras|85/100|[from] item: Leftovers
|upkeep
|turn|68
|
|t:|1729800894
|move|p2a: Starmie|Recover|p2a: Starmie
|-heal|p2a: Starmie|69/100 tox
|move|p1a: Juras|Surf|p2a: Starmie
|-resisted|p2a: Starmie
|-damage|p2a: Starmie|50/100 tox
|
|-weather|Sandstorm|[upkeep]
|-damage|p2a: Starmie|43/100 tox|[from] Sandstorm
|-damage|p1a: Juras|79/100|[from] Sandstorm
|-heal|p2a: Starmie|50/100 tox|[from] item: Leftovers
|-damage|p2a: Starmie|37/100 tox|[from] psn
|-heal|p1a: Juras|85/100|[from] item: Leftovers
|upkeep
|turn|69
|
|t:|1729800907
|-curestatus|p2a: Starmie|tox|[from] ability: Natural Cure
|switch|p2a: Dugtrio|Dugtrio, F|64/100
|move|p1a: Juras|Surf|p2a: Dugtrio
|-supereffective|p2a: Dugtrio
|-damage|p2a: Dugtrio|0 fnt
|faint|p2a: Dugtrio
|
|t:|1729800910
|switch|p2a: Starmie|Starmie|37/100
|
|-weather|Sandstorm|[upkeep]
|-damage|p2a: Starmie|31/100|[from] Sandstorm
|-damage|p1a: Juras|79/100|[from] Sandstorm
|-heal|p2a: Starmie|37/100|[from] item: Leftovers
|-heal|p1a: Juras|85/100|[from] item: Leftovers
|upkeep
|turn|70
|
|t:|1729800915
|move|p2a: Starmie|Recover|p2a: Starmie
|-heal|p2a: Starmie|87/100
|move|p1a: Juras|Toxic|p2a: Starmie
|-status|p2a: Starmie|tox
|
|-weather|Sandstorm|[upkeep]
|-damage|p2a: Starmie|81/100 tox|[from] Sandstorm
|-damage|p1a: Juras|79/100|[from] Sandstorm
|-heal|p2a: Starmie|87/100 tox|[from] item: Leftovers
|-damage|p2a: Starmie|81/100 tox|[from] psn
|-heal|p1a: Juras|85/100|[from] item: Leftovers
|upkeep
|turn|71
|
|t:|1729800923
|move|p2a: Starmie|Thunder Wave|p1a: Juras
|-status|p1a: Juras|par
|move|p1a: Juras|Surf|p2a: Starmie
|-resisted|p2a: Starmie
|-damage|p2a: Starmie|61/100 tox
|
|-weather|Sandstorm|[upkeep]
|-damage|p2a: Starmie|55/100 tox|[from] Sandstorm
|-damage|p1a: Juras|79/100 par|[from] Sandstorm
|-heal|p2a: Starmie|61/100 tox|[from] item: Leftovers
|-damage|p2a: Starmie|48/100 tox|[from] psn
|-heal|p1a: Juras|85/100 par|[from] item: Leftovers
|upkeep
|turn|72
|
|t:|1729800933
|-curestatus|p2a: Starmie|tox|[from] ability: Natural Cure
|switch|p2a: Swampert|Swampert, M|84/100
|move|p1a: Juras|Refresh|p1a: Juras
|-curestatus|p1a: Juras|par|[msg]
|
|-weather|Sandstorm|[upkeep]
|-damage|p1a: Juras|79/100|[from] Sandstorm
|-heal|p1a: Juras|85/100|[from] item: Leftovers
|-heal|p2a: Swampert|90/100|[from] item: Leftovers
|upkeep
|turn|73
|
|t:|1729800946
|switch|p1a: Dundurs|Skarmory, M|62/100 par
|move|p2a: Swampert|Protect||[still]
|-fail|p2a: Swampert
|
|-weather|Sandstorm|[upkeep]
|-heal|p2a: Swampert|96/100|[from] item: Leftovers
|-heal|p1a: Dundurs|68/100 par|[from] item: Leftovers
|upkeep
|turn|74
|
|t:|1729800962
|switch|p2a: Starmie|Starmie|48/100
|move|p1a: Dundurs|Spikes|p2a: Starmie
|-sidestart|p2: Ktools|Spikes
|
|-weather|Sandstorm|[upkeep]
|-damage|p2a: Starmie|42/100|[from] Sandstorm
|-heal|p2a: Starmie|48/100|[from] item: Leftovers
|-heal|p1a: Dundurs|74/100 par|[from] item: Leftovers
|upkeep
|turn|75
|
|t:|1729800966
|move|p2a: Starmie|Recover|p2a: Starmie
|-heal|p2a: Starmie|98/100
|cant|p1a: Dundurs|par
|
|-weather|Sandstorm|[upkeep]
|-damage|p2a: Starmie|92/100|[from] Sandstorm
|-heal|p2a: Starmie|98/100|[from] item: Leftovers
|-heal|p1a: Dundurs|80/100 par|[from] item: Leftovers
|upkeep
|turn|76
|
|t:|1729800975
|switch|p1a: Juras|Milotic, F|85/100
|move|p2a: Starmie|Rapid Spin|p1a: Juras
|-damage|p1a: Juras|83/100
|-sideend|p2: Ktools|Spikes|[from] move: Rapid Spin|[of] p2a: Starmie
|
|-weather|Sandstorm|[upkeep]
|-damage|p2a: Starmie|92/100|[from] Sandstorm
|-damage|p1a: Juras|77/100|[from] Sandstorm
|-heal|p2a: Starmie|98/100|[from] item: Leftovers
|-heal|p1a: Juras|83/100|[from] item: Leftovers
|upkeep
|turn|77
|
|t:|1729800981
|move|p2a: Starmie|Rapid Spin|p1a: Juras
|-damage|p1a: Juras|80/100
|move|p1a: Juras|Toxic|p2a: Starmie
|-status|p2a: Starmie|tox
|
|-weather|Sandstorm|[upkeep]
|-damage|p2a: Starmie|92/100 tox|[from] Sandstorm
|-damage|p1a: Juras|74/100|[from] Sandstorm
|-heal|p2a: Starmie|98/100 tox|[from] item: Leftovers
|-damage|p2a: Starmie|92/100 tox|[from] psn
|-heal|p1a: Juras|80/100|[from] item: Leftovers
|upkeep
|turn|78
|
|t:|1729800990
|switch|p1a: Dundurs|Skarmory, M|80/100 par
|move|p2a: Starmie|Thunder Wave|p1a: Dundurs
|-fail|p1a: Dundurs|par
|
|-weather|Sandstorm|[upkeep]
|-damage|p2a: Starmie|86/100 tox|[from] Sandstorm
|-heal|p2a: Starmie|92/100 tox|[from] item: Leftovers
|-damage|p2a: Starmie|80/100 tox|[from] psn
|-heal|p1a: Dundurs|86/100 par|[from] item: Leftovers
|upkeep
|turn|79
|
|t:|1729800995
|-curestatus|p2a: Starmie|tox|[from] ability: Natural Cure
|switch|p2a: Swampert|Swampert, M|96/100
|move|p1a: Dundurs|Drill Peck|p2a: Swampert
|-damage|p2a: Swampert|82/100
|
|-weather|Sandstorm|[upkeep]
|-heal|p2a: Swampert|88/100|[from] item: Leftovers
|-heal|p1a: Dundurs|92/100 par|[from] item: Leftovers
|upkeep
|turn|80
|
|t:|1729801000
|move|p2a: Swampert|Surf|p1a: Dundurs
|-damage|p1a: Dundurs|66/100 par
|move|p1a: Dundurs|Spikes|p2a: Swampert
|-sidestart|p2: Ktools|Spikes
|
|-weather|Sandstorm|[upkeep]
|-heal|p2a: Swampert|94/100|[from] item: Leftovers
|-heal|p1a: Dundurs|72/100 par|[from] item: Leftovers
|upkeep
|turn|81
|
|t:|1729801015
|move|p2a: Swampert|Surf|p1a: Dundurs
|-damage|p1a: Dundurs|46/100 par
|cant|p1a: Dundurs|par
|
|-weather|Sandstorm|[upkeep]
|-heal|p2a: Swampert|99/100|[from] item: Leftovers
|-heal|p1a: Dundurs|52/100 par|[from] item: Leftovers
|upkeep
|turn|82
|
|t:|1729801020
|switch|p1a: Juras|Milotic, F|80/100
|move|p2a: Swampert|Surf|p1a: Juras
|-resisted|p1a: Juras
|-damage|p1a: Juras|69/100
|
|-weather|Sandstorm|[upkeep]
|-damage|p1a: Juras|63/100|[from] Sandstorm
|-heal|p1a: Juras|69/100|[from] item: Leftovers
|-heal|p2a: Swampert|100/100|[from] item: Leftovers
|upkeep
|turn|83
|
|t:|1729801024
|move|p2a: Swampert|Protect|p2a: Swampert
|-singleturn|p2a: Swampert|Protect
|move|p1a: Juras|Recover|p1a: Juras
|-heal|p1a: Juras|100/100
|
|-weather|Sandstorm|[upkeep]
|-damage|p1a: Juras|94/100|[from] Sandstorm
|-heal|p1a: Juras|100/100|[from] item: Leftovers
|upkeep
|turn|84
|
|t:|1729801030
|switch|p2a: Starmie|Starmie|80/100
|-damage|p2a: Starmie|67/100|[from] Spikes
|move|p1a: Juras|Toxic|p2a: Starmie
|-status|p2a: Starmie|tox
|
|-weather|Sandstorm|[upkeep]
|-damage|p2a: Starmie|61/100 tox|[from] Sandstorm
|-damage|p1a: Juras|94/100|[from] Sandstorm
|-heal|p2a: Starmie|67/100 tox|[from] item: Leftovers
|-damage|p2a: Starmie|61/100 tox|[from] psn
|-heal|p1a: Juras|100/100|[from] item: Leftovers
|upkeep
|turn|85
|
|t:|1729801034
|move|p2a: Starmie|Rapid Spin|p1a: Juras
|-damage|p1a: Juras|98/100
|-sideend|p2: Ktools|Spikes|[from] move: Rapid Spin|[of] p2a: Starmie
|move|p1a: Juras|Surf|p2a: Starmie
|-resisted|p2a: Starmie
|-damage|p2a: Starmie|40/100 tox
|
|-weather|Sandstorm|[upkeep]
|-damage|p2a: Starmie|34/100 tox|[from] Sandstorm
|-damage|p1a: Juras|92/100|[from] Sandstorm
|-heal|p2a: Starmie|40/100 tox|[from] item: Leftovers
|-damage|p2a: Starmie|28/100 tox|[from] psn
|-heal|p1a: Juras|98/100|[from] item: Leftovers
|upkeep
|turn|86
|
|t:|1729801045
|-curestatus|p2a: Starmie|tox|[from] ability: Natural Cure
|switch|p2a: Swampert|Swampert, M|100/100
|move|p1a: Juras|Surf|p2a: Swampert
|-damage|p2a: Swampert|74/100
|
|-weather|Sandstorm|[upkeep]
|-damage|p1a: Juras|92/100|[from] Sandstorm
|-heal|p1a: Juras|98/100|[from] item: Leftovers
|-heal|p2a: Swampert|80/100|[from] item: Leftovers
|upkeep
|turn|87
|
|t:|1729801051
|move|p2a: Swampert|Protect|p2a: Swampert
|-singleturn|p2a: Swampert|Protect
|move|p1a: Juras|Refresh||[still]
|-fail|p1a: Juras
|
|-weather|Sandstorm|[upkeep]
|-damage|p1a: Juras|92/100|[from] Sandstorm
|-heal|p1a: Juras|98/100|[from] item: Leftovers
|-heal|p2a: Swampert|86/100|[from] item: Leftovers
|upkeep
|turn|88
|
|t:|1729801060
|move|p2a: Swampert|Protect|p2a: Swampert
|-singleturn|p2a: Swampert|Protect
|move|p1a: Juras|Surf|p2a: Swampert
|-activate|p2a: Swampert|Protect
|
|-weather|Sandstorm|[upkeep]
|-damage|p1a: Juras|92/100|[from] Sandstorm
|-heal|p1a: Juras|98/100|[from] item: Leftovers
|-heal|p2a: Swampert|93/100|[from] item: Leftovers
|upkeep
|turn|89
|
|t:|1729801068
|switch|p2a: Starmie|Starmie|28/100
|move|p1a: Juras|Surf|p2a: Starmie
|-resisted|p2a: Starmie
|-damage|p2a: Starmie|6/100
|
|-weather|Sandstorm|[upkeep]
|-damage|p2a: Starmie|0 fnt|[from] Sandstorm
|-damage|p1a: Juras|92/100|[from] Sandstorm
|faint|p2a: Starmie
|-heal|p1a: Juras|98/100|[from] item: Leftovers
|upkeep
|
|t:|1729801073
|switch|p2a: Swampert|Swampert, M|93/100
|turn|90
|
|t:|1729801077
|move|p1a: Juras|Surf|p2a: Swampert
|-damage|p2a: Swampert|64/100
|move|p2a: Swampert|Earthquake|p1a: Juras
|-damage|p1a: Juras|69/100
|
|-weather|Sandstorm|[upkeep]
|-damage|p1a: Juras|63/100|[from] Sandstorm
|-heal|p1a: Juras|69/100|[from] item: Leftovers
|-heal|p2a: Swampert|70/100|[from] item: Leftovers
|upkeep
|turn|91
|c|☆Ktools|ggs
|
|t:|1729801085
|move|p2a: Swampert|Protect|p2a: Swampert
|-singleturn|p2a: Swampert|Protect
|move|p1a: Juras|Surf|p2a: Swampert
|-activate|p2a: Swampert|Protect
|
|-weather|Sandstorm|[upkeep]
|-damage|p1a: Juras|63/100|[from] Sandstorm
|-heal|p1a: Juras|69/100|[from] item: Leftovers
|-heal|p2a: Swampert|77/100|[from] item: Leftovers
|upkeep
|turn|92
|
|t:|1729801088
|move|p1a: Juras|Toxic|p2a: Swampert
|-status|p2a: Swampert|tox
|move|p2a: Swampert|Earthquake|p1a: Juras
|-damage|p1a: Juras|42/100
|
|-weather|Sandstorm|[upkeep]
|-damage|p1a: Juras|36/100|[from] Sandstorm
|-heal|p1a: Juras|42/100|[from] item: Leftovers
|-heal|p2a: Swampert|83/100 tox|[from] item: Leftovers
|-damage|p2a: Swampert|77/100 tox|[from] psn
|upkeep
|turn|93
|
|t:|1729801092
|move|p1a: Juras|Recover|p1a: Juras
|-heal|p1a: Juras|92/100
|move|p2a: Swampert|Earthquake|p1a: Juras
|-damage|p1a: Juras|65/100
|
|-weather|Sandstorm|[upkeep]
|-damage|p1a: Juras|59/100|[from] Sandstorm
|-heal|p1a: Juras|65/100|[from] item: Leftovers
|-heal|p2a: Swampert|83/100 tox|[from] item: Leftovers
|-damage|p2a: Swampert|70/100 tox|[from] psn
|upkeep
|turn|94
|c|☆crustaceus|gg
|
|t:|1729801103
|move|p1a: Juras|Recover|p1a: Juras
|-heal|p1a: Juras|100/100
|move|p2a: Swampert|Earthquake|p1a: Juras
|-damage|p1a: Juras|72/100
|
|-weather|Sandstorm|[upkeep]
|-damage|p1a: Juras|66/100|[from] Sandstorm
|-heal|p1a: Juras|72/100|[from] item: Leftovers
|-heal|p2a: Swampert|77/100 tox|[from] item: Leftovers
|-damage|p2a: Swampert|58/100 tox|[from] psn
|upkeep
|turn|95
|
|t:|1729801116
|move|p1a: Juras|Surf|p2a: Swampert
|-damage|p2a: Swampert|29/100 tox
|move|p2a: Swampert|Earthquake|p1a: Juras
|-damage|p1a: Juras|45/100
|
|-weather|Sandstorm|[upkeep]
|-damage|p1a: Juras|39/100|[from] Sandstorm
|-heal|p1a: Juras|45/100|[from] item: Leftovers
|-heal|p2a: Swampert|35/100 tox|[from] item: Leftovers
|-damage|p2a: Swampert|10/100 tox|[from] psn
|upkeep
|turn|96
|
|t:|1729801120
|move|p1a: Juras|Recover|p1a: Juras
|-heal|p1a: Juras|95/100
|move|p2a: Swampert|Earthquake|p1a: Juras
|-damage|p1a: Juras|68/100
|
|-weather|Sandstorm|[upkeep]
|-damage|p1a: Juras|62/100|[from] Sandstorm
|-heal|p1a: Juras|68/100|[from] item: Leftovers
|-heal|p2a: Swampert|16/100 tox|[from] item: Leftovers
|-damage|p2a: Swampert|0 fnt|[from] psn
|faint|p2a: Swampert
|
|win|crustaceus
|upkeep
|player|p2|

</script>
<script type="application/json" class="data" id="replaydata-smogtours-gen3ou-801627">
{"id":"smogtours-gen3ou-801627","format":"[Gen 3] OU","players":["crustaceus","Ktools"],"uploadtime":1729801120,"views":92,"formatid":"gen3ou","rating":null,"private":0,"password":null}
</script>

<script defer src="js/replays.js?9d40a366"></script>
