<!DOCTYPE html>
<meta charset="utf-8" />
<meta name="viewport" content="width=device-width" />

<title>[Gen 3] OU: TheLargestLad vs. AirPan - Replays - Pok&eacute;mon Showdown!</title>

<meta name="description" content="Watch a replay of a Pok&eacute;mon battle between TheLargestLad and AirPan! Format: [Gen 3] OU; Date: Nov 2, 2024" />
<!--

Hey, you! Looking in the source for the replay log?

You can find them in JSON format, just add `.json` at the end of a replay URL.

https://replay.pokemonshowdown.com/gen7randomdoublesbattle-865046831.json

Or, if you only need the log itself, add `.log` instead:

https://replay.pokemonshowdown.com/gen7randomdoublesbattle-865046831.log

-->

<link rel="stylesheet" href="//pokemonshowdown.com/style/global.css?0.023195364461161105" />
<link rel="stylesheet" href="//play.pokemonshowdown.com/style/font-awesome.css?0.13261647063804238" />
<link rel="stylesheet" href="//play.pokemonshowdown.com/style/battle.css?0.8753245789963631" />
<link rel="stylesheet" href="//play.pokemonshowdown.com/style/utilichart.css?0.8627959624976733" />

<!-- Global site tag (gtag.js) - Google Analytics -->
<script async src="https://www.googletagmanager.com/gtag/js?id=UA-26211653-1"></script>
<script>
  window.dataLayer = window.dataLayer || [];
  function gtag(){dataLayer.push(arguments);}
  gtag('js', new Date());

  gtag('config', 'UA-26211653-1');
</script>
<!-- End Google Analytics -->
<!-- Venatus Ad Manager - Install in <HEAD> of page -->
	<script src="https://hb.vntsm.com/v3/live/ad-manager.min.js" type="text/javascript" data-site-id="642aba63ec9a7b11c3c9c1be" data-mode="scan" async></script>
<!-- / Venatus Ad Manager -->

<style>
	@media (max-width:820px) {
		.battle {
			margin: 0 auto;
		}
		.battle-log {
			margin: 7px auto 0;
			max-width: 640px;
			height: 300px;
			position: static;
		}
	}
	.optgroup {
		display: inline-block;
		line-height: 22px;
		font-size: 10pt;
	}
	.optgroup .button {
		height: 25px;
		padding-top: 0;
		padding-bottom: 0;
	}
	.optgroup button.button {
		padding-left: 12px;
		padding-right: 12px;
	}
	.linklist {
		list-style: none;
		margin: 0.5em 0;
		padding: 0;
	}
	.linklist li {
		padding: 2px 0;
	}
	.sidebar {
		float: left;
		width: 320px;
	}
	.bar-wrapper {
		max-width: 1100px;
		margin: 0 auto;
	}
	.bar-wrapper.has-sidebar {
		max-width: 1430px;
	}
	.mainbar {
		margin: 0;
		padding-right: 1px;
	}
	.mainbar.has-sidebar {
		margin-left: 330px;
	}
	@media (min-width: 1511px) {
		.sidebar {
			width: 400px;
		}
		.bar-wrapper.has-sidebar {
			max-width: 1510px;
		}
		.mainbar.has-sidebar {
			margin-left: 410px;
		}
	}
	.section.first-section {
		margin-top: 9px;
	}
	.blocklink small {
		white-space: normal;
	}
	.button {
		vertical-align: middle;
	}
	.replay-controls {
		padding-top: 10px;
	}
	.replay-controls h1 {
		font-size: 16pt;
		font-weight: normal;
		color: #CCC;
	}
	.pagelink {
		text-align: center;
	}
	.pagelink a {
		width: 150px;
	}
	.textbox, .button {
		font-size: 11pt;
		vertical-align: middle;
	}
	@media (max-width: 450px) {
		.button {
			font-size: 9pt;
		}
	}
</style>

<div>

	<header>
		<div class="nav-wrapper"><ul class="nav">
			<li><a class="button nav-first" href="//pokemonshowdown.com/"><img src="//pokemonshowdown.com/images/pokemonshowdownbeta.png" srcset="//pokemonshowdown.com/images/pokemonshowdownbeta.png 1x, //pokemonshowdown.com/images/pokemonshowdownbeta@2x.png 2x" alt="Pok&eacute;mon Showdown" width="146" height="44" /> Home</a></li>
			<li><a class="button" href="//pokemonshowdown.com/dex/">Pok&eacute;dex</a></li>
			<li><a class="button cur" href="/">Replays</a></li>
			<li><a class="button" href="//pokemonshowdown.com/ladder/">Ladder</a></li>
			<li><a class="button nav-last" href="//pokemonshowdown.com/forums/">Forum</a></li>
			<li><a class="button greenbutton nav-first nav-last" href="//play.pokemonshowdown.com/">Play</a></li>
		</ul></div>
	</header>

	<div class="main" id="main">

		<noscript><section class="section">You need to enable JavaScript to use this page; sorry!</section></noscript>

	</div>

</div>

<script defer nomodule src="//play.pokemonshowdown.com/js/lib/ps-polyfill.js"></script>
<script defer src="//play.pokemonshowdown.com/js/lib/preact.min.js"></script>

<script defer src="//play.pokemonshowdown.com/config/config.js?2bddbc15"></script>
<script defer src="//play.pokemonshowdown.com/js/lib/jquery-1.11.0.min.js"></script>
<script defer src="//play.pokemonshowdown.com/js/lib/html-sanitizer-minified.js"></script>
<script defer src="//play.pokemonshowdown.com/js/battle-sound.js"></script>
<script defer src="//play.pokemonshowdown.com/js/battledata.js?0.7209276989879541"></script>
<script defer src="//play.pokemonshowdown.com/data/pokedex-mini.js?0.6111056340867951"></script>
<script defer src="//play.pokemonshowdown.com/data/pokedex-mini-bw.js?0.3532142036491459"></script>
<script defer src="//play.pokemonshowdown.com/data/graphics.js?0.24223875632456182"></script>
<script defer src="//play.pokemonshowdown.com/data/pokedex.js?0.38839984266356864"></script>
<script defer src="//play.pokemonshowdown.com/data/moves.js?0.21866028504024015"></script>
<script defer src="//play.pokemonshowdown.com/data/abilities.js?0.2005157953846628"></script>
<script defer src="//play.pokemonshowdown.com/data/items.js?0.9894211263848525"></script>
<script defer src="//play.pokemonshowdown.com/data/teambuilder-tables.js?0.6008791140282215"></script>
<script defer src="//play.pokemonshowdown.com/js/battle-tooltips.js?0.7580118955022959"></script>
<script defer src="//play.pokemonshowdown.com/js/battle.js?0.6057722274234274"></script>

<script defer src="js/utils.js?e31f9a17"></script>
<script defer src="js/replays-battle.js?7008c182"></script>

<!-- don't scrape this data! just add .json or .log after the URL!
Full API docs: https://github.com/smogon/pokemon-showdown-client/blob/master/WEB-API.md -->
<script type="text/plain" class="log" id="replaylog-smogtours-gen3ou-804074">
|inactive|Battle timer is ON: inactive players will automatically lose when time's up.
|t:|1730574777
|gametype|singles
|player|p1|TheLargestLad|wattson|
|player|p2|AirPan|mars|
|teamsize|p1|6
|teamsize|p2|6
|gen|3
|tier|[Gen 3] OU
|rule|Sleep Clause Mod: Limit one foe put to sleep
|rule|Switch Priority Clause Mod: Faster Pokémon switch first
|rule|Species Clause: Limit one of each Pokémon
|rule|OHKO Clause: OHKO moves are banned
|rule|Evasion Items Clause: Evasion items are banned
|rule|Evasion Moves Clause: Evasion moves are banned
|rule|Endless Battle Clause: Forcing endless battles is banned
|rule|HP Percentage Mod: HP is shown in percentages
|rule|One Boost Passer Clause: Limit one Baton Passer that has a way to boost its stats
|rule|Freeze Clause Mod: Limit one foe frozen
|
|t:|1730574777
|start
|switch|p1a: SogDog|Suicune|100/100
|switch|p2a: Suicune|Suicune|100/100
|turn|1
|
|t:|1730574795
|move|p2a: Suicune|Roar|p1a: SogDog
|drag|p1a: The Onyon|Celebi|100/100
|
|upkeep
|turn|2
|
|t:|1730574814
|switch|p2a: Metagross|Metagross|100/100
|move|p1a: The Onyon|Calm Mind|p1a: The Onyon
|-boost|p1a: The Onyon|spa|1
|-boost|p1a: The Onyon|spd|1
|
|upkeep
|turn|3
|
|t:|1730574825
|move|p1a: The Onyon|Baton Pass|p1a: The Onyon
|
|t:|1730574827
|switch|p1a: SogDog|Suicune|100/100|[from] Baton Pass
|move|p2a: Metagross|Meteor Mash|p1a: SogDog
|-resisted|p1a: SogDog
|-damage|p1a: SogDog|65/100
|-boost|p2a: Metagross|atk|1
|
|-heal|p1a: SogDog|71/100|[from] item: Leftovers
|upkeep
|turn|4
|
|t:|1730574856
|move|p1a: SogDog|Surf|p2a: Metagross
|-damage|p2a: Metagross|34/100
|move|p2a: Metagross|Meteor Mash|p1a: SogDog
|-resisted|p1a: SogDog
|-damage|p1a: SogDog|16/100
|
|-heal|p1a: SogDog|22/100|[from] item: Leftovers
|upkeep
|turn|5
|
|t:|1730574864
|move|p1a: SogDog|Surf|p2a: Metagross
|-damage|p2a: Metagross|0 fnt
|faint|p2a: Metagross
|
|t:|1730574868
|switch|p2a: Raikou|Raikou|100/100
|
|-heal|p1a: SogDog|28/100|[from] item: Leftovers
|upkeep
|turn|6
|
|t:|1730574874
|switch|p1a: The Onyon|Celebi|100/100
|move|p2a: Raikou|Thunderbolt|p1a: The Onyon
|-resisted|p1a: The Onyon
|-damage|p1a: The Onyon|80/100
|
|-heal|p1a: The Onyon|87/100|[from] item: Leftovers
|upkeep
|turn|7
|
|t:|1730574878
|switch|p1a: Venus|Cradily, F, shiny|100/100
|move|p2a: Raikou|Substitute|p2a: Raikou
|-start|p2a: Raikou|Substitute
|-damage|p2a: Raikou|76/100
|
|-heal|p2a: Raikou|82/100|[from] item: Leftovers
|upkeep
|turn|8
|
|t:|1730574881
|move|p2a: Raikou|Calm Mind|p2a: Raikou
|-boost|p2a: Raikou|spa|1
|-boost|p2a: Raikou|spd|1
|move|p1a: Venus|Giga Drain|p2a: Raikou
|-activate|p2a: Raikou|Substitute|[damage]
|
|-heal|p2a: Raikou|88/100|[from] item: Leftovers
|upkeep
|turn|9
|
|t:|1730574883
|move|p2a: Raikou|Calm Mind|p2a: Raikou
|-boost|p2a: Raikou|spa|1
|-boost|p2a: Raikou|spd|1
|move|p1a: Venus|Giga Drain|p2a: Raikou
|-end|p2a: Raikou|Substitute
|
|-heal|p2a: Raikou|94/100|[from] item: Leftovers
|upkeep
|turn|10
|
|t:|1730574885
|move|p2a: Raikou|Substitute|p2a: Raikou
|-start|p2a: Raikou|Substitute
|-damage|p2a: Raikou|69/100
|move|p1a: Venus|Toxic||[still]
|-fail|p1a: Venus
|
|-heal|p2a: Raikou|76/100|[from] item: Leftovers
|upkeep
|turn|11
|
|t:|1730574890
|switch|p1a: Gamerchair|Swampert, M|100/100
|move|p2a: Raikou|Calm Mind|p2a: Raikou
|-boost|p2a: Raikou|spa|1
|-boost|p2a: Raikou|spd|1
|
|-heal|p2a: Raikou|82/100|[from] item: Leftovers
|upkeep
|turn|12
|
|t:|1730574892
|move|p2a: Raikou|Hidden Power|p1a: Gamerchair
|-damage|p1a: Gamerchair|50/100
|move|p1a: Gamerchair|Earthquake|p2a: Raikou
|-supereffective|p2a: Raikou
|-end|p2a: Raikou|Substitute
|
|-heal|p2a: Raikou|88/100|[from] item: Leftovers
|-heal|p1a: Gamerchair|56/100|[from] item: Leftovers
|upkeep
|turn|13
|
|t:|1730574899
|switch|p2a: Celebi|Celebi|100/100
|move|p1a: Gamerchair|Earthquake|p2a: Celebi
|-resisted|p2a: Celebi
|-damage|p2a: Celebi|86/100
|
|-heal|p2a: Celebi|93/100|[from] item: Leftovers
|-heal|p1a: Gamerchair|62/100|[from] item: Leftovers
|upkeep
|turn|14
|
|t:|1730574904
|switch|p1a: The Onyon|Celebi|87/100
|move|p2a: Celebi|Leech Seed|p1a: The Onyon
|-immune|p1a: The Onyon
|
|-heal|p1a: The Onyon|93/100|[from] item: Leftovers
|-heal|p2a: Celebi|99/100|[from] item: Leftovers
|upkeep
|turn|15
|
|t:|1730574907
|move|p1a: The Onyon|Calm Mind|p1a: The Onyon
|-boost|p1a: The Onyon|spa|1
|-boost|p1a: The Onyon|spd|1
|move|p2a: Celebi|Perish Song|p2a: Celebi
|-start|p1a: The Onyon|perish3|[silent]
|-start|p2a: Celebi|perish3|[silent]
|-fieldactivate|move: Perish Song
|
|-heal|p1a: The Onyon|99/100|[from] item: Leftovers
|-heal|p2a: Celebi|100/100|[from] item: Leftovers
|-start|p1a: The Onyon|perish3
|-start|p2a: Celebi|perish3
|upkeep
|turn|16
|
|t:|1730574912
|switch|p2a: Porygon2|Porygon2|100/100
|-ability|p2a: Porygon2|Natural Cure|[from] ability: Trace|[of] p1a: The Onyon
|move|p1a: The Onyon|Hidden Power|p2a: Porygon2
|-damage|p2a: Porygon2|76/100
|
|-heal|p1a: The Onyon|100/100|[from] item: Leftovers
|-heal|p2a: Porygon2|82/100|[from] item: Leftovers
|-start|p1a: The Onyon|perish2
|upkeep
|turn|17
|
|t:|1730574917
|switch|p1a: Starbaby|Jirachi|100/100
|move|p2a: Porygon2|Thunder Wave|p1a: Starbaby
|-status|p1a: Starbaby|par
|
|-heal|p2a: Porygon2|88/100|[from] item: Leftovers
|upkeep
|turn|18
|
|t:|1730574921
|switch|p2a: Celebi|Celebi|100/100
|move|p1a: Starbaby|Calm Mind|p1a: Starbaby
|-boost|p1a: Starbaby|spa|1
|-boost|p1a: Starbaby|spd|1
|
|upkeep
|turn|19
|
|t:|1730574923
|move|p2a: Celebi|Leech Seed|p1a: Starbaby
|-start|p1a: Starbaby|move: Leech Seed
|move|p1a: Starbaby|Ice Punch|p2a: Celebi
|-supereffective|p2a: Celebi
|-damage|p2a: Celebi|56/100
|-status|p2a: Celebi|frz
|
|-heal|p2a: Celebi|62/100 frz|[from] item: Leftovers
|-damage|p1a: Starbaby|88/100 par|[from] Leech Seed|[of] p2a: Celebi
|-heal|p2a: Celebi|75/100 frz|[silent]
|upkeep
|turn|20
|
|t:|1730574934
|-curestatus|p2a: Celebi|frz|[from] ability: Natural Cure
|switch|p2a: Jirachi|Jirachi|100/100
|move|p1a: Starbaby|Ice Punch|p2a: Jirachi
|-resisted|p2a: Jirachi
|-damage|p2a: Jirachi|87/100
|-status|p2a: Jirachi|frz
|
|-heal|p2a: Jirachi|93/100 frz|[from] item: Leftovers
|-heal|p1a: Starbaby|94/100 par|[from] item: Leftovers
|-damage|p1a: Starbaby|82/100 par|[from] Leech Seed|[of] p2a: Jirachi
|-heal|p2a: Jirachi|100/100 frz|[silent]
|upkeep
|turn|21
|
|t:|1730574941
|switch|p1a: Gamerchair|Swampert, M|62/100
|cant|p2a: Jirachi|frz
|
|-heal|p1a: Gamerchair|68/100|[from] item: Leftovers
|upkeep
|turn|22
|
|t:|1730574950
|switch|p2a: Celebi|Celebi|75/100
|move|p1a: Gamerchair|Earthquake|p2a: Celebi
|-resisted|p2a: Celebi
|-damage|p2a: Celebi|60/100
|
|-heal|p2a: Celebi|67/100|[from] item: Leftovers
|-heal|p1a: Gamerchair|74/100|[from] item: Leftovers
|upkeep
|turn|23
|
|t:|1730574957
|switch|p1a: The Onyon|Celebi|100/100
|move|p2a: Celebi|Hidden Power|p1a: The Onyon
|-resisted|p1a: The Onyon
|-crit|p1a: The Onyon
|-damage|p1a: The Onyon|78/100
|
|-heal|p1a: The Onyon|84/100|[from] item: Leftovers
|-heal|p2a: Celebi|73/100|[from] item: Leftovers
|upkeep
|turn|24
|
|t:|1730574964
|switch|p2a: Jirachi|Jirachi|100/100 frz
|move|p1a: The Onyon|Hidden Power|p2a: Jirachi
|-supereffective|p2a: Jirachi
|-damage|p2a: Jirachi|64/100 frz
|
|-heal|p2a: Jirachi|70/100 frz|[from] item: Leftovers
|-heal|p1a: The Onyon|90/100|[from] item: Leftovers
|upkeep
|turn|25
|
|t:|1730574967
|cant|p2a: Jirachi|frz
|move|p1a: The Onyon|Calm Mind|p1a: The Onyon
|-boost|p1a: The Onyon|spa|1
|-boost|p1a: The Onyon|spd|1
|
|-heal|p2a: Jirachi|76/100 frz|[from] item: Leftovers
|-heal|p1a: The Onyon|97/100|[from] item: Leftovers
|upkeep
|turn|26
|
|t:|1730574970
|switch|p2a: Celebi|Celebi|73/100
|move|p1a: The Onyon|Calm Mind|p1a: The Onyon
|-boost|p1a: The Onyon|spa|1
|-boost|p1a: The Onyon|spd|1
|
|-heal|p1a: The Onyon|100/100|[from] item: Leftovers
|-heal|p2a: Celebi|79/100|[from] item: Leftovers
|upkeep
|turn|27
|
|t:|1730574974
|move|p1a: The Onyon|Hidden Power|p2a: Celebi
|-supereffective|p2a: Celebi
|-damage|p2a: Celebi|30/100
|move|p2a: Celebi|Perish Song|p2a: Celebi
|-start|p1a: The Onyon|perish3|[silent]
|-start|p2a: Celebi|perish3|[silent]
|-fieldactivate|move: Perish Song
|
|-heal|p2a: Celebi|36/100|[from] item: Leftovers
|-start|p1a: The Onyon|perish3
|-start|p2a: Celebi|perish3
|upkeep
|turn|28
|
|t:|1730574981
|switch|p2a: Porygon2|Porygon2|88/100
|-ability|p2a: Porygon2|Natural Cure|[from] ability: Trace|[of] p1a: The Onyon
|move|p1a: The Onyon|Hidden Power|p2a: Porygon2
|-damage|p2a: Porygon2|56/100
|
|-heal|p2a: Porygon2|62/100|[from] item: Leftovers
|-start|p1a: The Onyon|perish2
|upkeep
|turn|29
|
|t:|1730574985
|switch|p1a: Starbaby|Jirachi|82/100 par
|move|p2a: Porygon2|Recover|p2a: Porygon2
|-heal|p2a: Porygon2|100/100
|
|-heal|p1a: Starbaby|88/100 par|[from] item: Leftovers
|upkeep
|turn|30
|
|t:|1730574988
|move|p2a: Porygon2|Thunderbolt|p1a: Starbaby
|-damage|p1a: Starbaby|70/100 par
|move|p1a: Starbaby|Substitute|p1a: Starbaby
|-start|p1a: Starbaby|Substitute
|-damage|p1a: Starbaby|45/100 par
|
|-heal|p1a: Starbaby|51/100 par|[from] item: Leftovers
|upkeep
|turn|31
|
|t:|1730574989
|move|p2a: Porygon2|Thunderbolt|p1a: Starbaby
|-activate|p1a: Starbaby|Substitute|[damage]
|cant|p1a: Starbaby|par
|
|-heal|p1a: Starbaby|57/100 par|[from] item: Leftovers
|upkeep
|turn|32
|
|t:|1730574995
|move|p2a: Porygon2|Thunderbolt|p1a: Starbaby
|-end|p1a: Starbaby|Substitute
|move|p1a: Starbaby|Thunderbolt|p2a: Porygon2
|-damage|p2a: Porygon2|79/100
|
|-heal|p2a: Porygon2|85/100|[from] item: Leftovers
|-heal|p1a: Starbaby|64/100 par|[from] item: Leftovers
|upkeep
|turn|33
|
|t:|1730575010
|switch|p2a: Celebi|Celebi|36/100
|switch|p1a: Venus|Cradily, F, shiny|100/100
|
|-heal|p2a: Celebi|42/100|[from] item: Leftovers
|upkeep
|turn|34
|
|t:|1730575013
|move|p2a: Celebi|Recover|p2a: Celebi
|-heal|p2a: Celebi|92/100
|move|p1a: Venus|Toxic|p2a: Celebi
|-status|p2a: Celebi|tox
|
|-heal|p2a: Celebi|99/100 tox|[from] item: Leftovers
|-damage|p2a: Celebi|92/100 tox|[from] psn
|upkeep
|turn|35
|
|t:|1730575016
|-curestatus|p2a: Celebi|tox|[from] ability: Natural Cure
|switch|p2a: Jirachi|Jirachi|76/100 frz
|move|p1a: Venus|Hidden Power|p2a: Jirachi
|-supereffective|p2a: Jirachi
|-crit|p2a: Jirachi
|-damage|p2a: Jirachi|8/100 frz
|
|-heal|p2a: Jirachi|14/100 frz|[from] item: Leftovers
|upkeep
|turn|36
|
|t:|1730575021
|cant|p2a: Jirachi|frz
|move|p1a: Venus|Hidden Power|p2a: Jirachi
|-supereffective|p2a: Jirachi
|-damage|p2a: Jirachi|0 fnt
|faint|p2a: Jirachi
|
|t:|1730575032
|switch|p2a: Raikou|Raikou|88/100
|
|-heal|p2a: Raikou|94/100|[from] item: Leftovers
|upkeep
|turn|37
|
|t:|1730575036
|switch|p1a: Gamerchair|Swampert, M|74/100
|move|p2a: Raikou|Substitute|p2a: Raikou
|-start|p2a: Raikou|Substitute
|-damage|p2a: Raikou|69/100
|
|-heal|p2a: Raikou|76/100|[from] item: Leftovers
|-heal|p1a: Gamerchair|80/100|[from] item: Leftovers
|upkeep
|turn|38
|
|t:|1730575037
|move|p2a: Raikou|Hidden Power|p1a: Gamerchair
|-damage|p1a: Gamerchair|57/100
|move|p1a: Gamerchair|Earthquake|p2a: Raikou
|-supereffective|p2a: Raikou
|-crit|p2a: Raikou
|-end|p2a: Raikou|Substitute
|
|-heal|p2a: Raikou|82/100|[from] item: Leftovers
|-heal|p1a: Gamerchair|63/100|[from] item: Leftovers
|upkeep
|turn|39
|
|t:|1730575041
|switch|p2a: Celebi|Celebi|92/100
|move|p1a: Gamerchair|Ice Beam|p2a: Celebi
|-supereffective|p2a: Celebi
|-damage|p2a: Celebi|65/100
|
|-heal|p2a: Celebi|72/100|[from] item: Leftovers
|-heal|p1a: Gamerchair|69/100|[from] item: Leftovers
|upkeep
|turn|40
|
|t:|1730575050
|switch|p2a: Porygon2|Porygon2|85/100
|-ability|p2a: Porygon2|Torrent|[from] ability: Trace|[of] p1a: Gamerchair
|switch|p1a: The Onyon|Celebi|100/100
|
|-heal|p2a: Porygon2|91/100|[from] item: Leftovers
|upkeep
|turn|41
|
|t:|1730575052
|move|p1a: The Onyon|Calm Mind|p1a: The Onyon
|-boost|p1a: The Onyon|spa|1
|-boost|p1a: The Onyon|spd|1
|move|p2a: Porygon2|Ice Beam|p1a: The Onyon
|-supereffective|p1a: The Onyon
|-damage|p1a: The Onyon|75/100
|
|-heal|p1a: The Onyon|81/100|[from] item: Leftovers
|-heal|p2a: Porygon2|97/100|[from] item: Leftovers
|upkeep
|turn|42
|
|t:|1730575055
|move|p1a: The Onyon|Psychic|p2a: Porygon2
|-damage|p2a: Porygon2|51/100
|move|p2a: Porygon2|Thunder Wave|p1a: The Onyon
|-status|p1a: The Onyon|par
|
|-heal|p2a: Porygon2|57/100|[from] item: Leftovers
|-heal|p1a: The Onyon|87/100 par|[from] item: Leftovers
|upkeep
|turn|43
|
|t:|1730575068
|switch|p2a: Celebi|Celebi|72/100
|cant|p1a: The Onyon|par
|
|-heal|p2a: Celebi|78/100|[from] item: Leftovers
|-heal|p1a: The Onyon|93/100 par|[from] item: Leftovers
|upkeep
|turn|44
|
|t:|1730575074
|move|p2a: Celebi|Perish Song|p2a: Celebi
|-start|p1a: The Onyon|perish3|[silent]
|-start|p2a: Celebi|perish3|[silent]
|-fieldactivate|move: Perish Song
|move|p1a: The Onyon|Hidden Power|p2a: Celebi
|-supereffective|p2a: Celebi
|-damage|p2a: Celebi|42/100
|
|-heal|p2a: Celebi|48/100|[from] item: Leftovers
|-heal|p1a: The Onyon|99/100 par|[from] item: Leftovers
|-start|p2a: Celebi|perish3
|-start|p1a: The Onyon|perish3
|upkeep
|turn|45
|
|t:|1730575086
|-curestatus|p1a: The Onyon|par|[from] ability: Natural Cure
|switch|p1a: Venus|Cradily, F, shiny|100/100
|move|p2a: Celebi|Recover|p2a: Celebi
|-heal|p2a: Celebi|98/100
|
|-heal|p2a: Celebi|100/100|[from] item: Leftovers
|-start|p2a: Celebi|perish2
|upkeep
|turn|46
|
|t:|1730575097
|move|p2a: Celebi|Hidden Power|p1a: Venus
|-damage|p1a: Venus|79/100
|move|p1a: Venus|Toxic|p2a: Celebi
|-status|p2a: Celebi|tox
|
|-damage|p2a: Celebi|94/100 tox|[from] psn
|-heal|p1a: Venus|85/100|[from] item: Leftovers
|-start|p2a: Celebi|perish1
|upkeep
|turn|47
|
|t:|1730575106
|-curestatus|p2a: Celebi|tox|[from] ability: Natural Cure
|switch|p2a: Porygon2|Porygon2|57/100
|-ability|p2a: Porygon2|Suction Cups|[from] ability: Trace|[of] p1a: Venus
|move|p1a: Venus|Toxic|p2a: Porygon2
|-status|p2a: Porygon2|tox
|
|-heal|p2a: Porygon2|64/100 tox|[from] item: Leftovers
|-damage|p2a: Porygon2|57/100 tox|[from] psn
|-heal|p1a: Venus|91/100|[from] item: Leftovers
|upkeep
|turn|48
|
|t:|1730575116
|switch|p1a: Starbaby|Jirachi|64/100 par
|move|p2a: Porygon2|Ice Beam|p1a: Starbaby
|-resisted|p1a: Starbaby
|-damage|p1a: Starbaby|54/100 par
|
|-heal|p2a: Porygon2|64/100 tox|[from] item: Leftovers
|-damage|p2a: Porygon2|51/100 tox|[from] psn
|-heal|p1a: Starbaby|60/100 par|[from] item: Leftovers
|upkeep
|turn|49
|
|t:|1730575124
|switch|p2a: Suicune|Suicune|100/100
|move|p1a: Starbaby|Ice Punch|p2a: Suicune
|-resisted|p2a: Suicune
|-damage|p2a: Suicune|93/100
|
|-heal|p2a: Suicune|99/100|[from] item: Leftovers
|-heal|p1a: Starbaby|66/100 par|[from] item: Leftovers
|upkeep
|turn|50
|
|t:|1730575131
|move|p2a: Suicune|Calm Mind|p2a: Suicune
|-boost|p2a: Suicune|spa|1
|-boost|p2a: Suicune|spd|1
|move|p1a: Starbaby|Thunderbolt|p2a: Suicune
|-supereffective|p2a: Suicune
|-damage|p2a: Suicune|68/100
|
|-heal|p2a: Suicune|74/100|[from] item: Leftovers
|-heal|p1a: Starbaby|73/100 par|[from] item: Leftovers
|upkeep
|turn|51
|
|t:|1730575136
|move|p2a: Suicune|Calm Mind|p2a: Suicune
|-boost|p2a: Suicune|spa|1
|-boost|p2a: Suicune|spd|1
|move|p1a: Starbaby|Thunderbolt|p2a: Suicune
|-supereffective|p2a: Suicune
|-damage|p2a: Suicune|53/100
|
|-heal|p2a: Suicune|59/100|[from] item: Leftovers
|-heal|p1a: Starbaby|79/100 par|[from] item: Leftovers
|upkeep
|turn|52
|
|t:|1730575146
|move|p2a: Suicune|Hydro Pump|p1a: Starbaby
|-damage|p1a: Starbaby|0 fnt
|faint|p1a: Starbaby
|
|t:|1730575165
|switch|p1a: Venus|Cradily, F, shiny|91/100
|
|-heal|p2a: Suicune|65/100|[from] item: Leftovers
|-heal|p1a: Venus|97/100|[from] item: Leftovers
|upkeep
|turn|53
|
|t:|1730575172
|move|p2a: Suicune|Ice Beam|p1a: Venus
|-supereffective|p1a: Venus
|-damage|p1a: Venus|8/100
|move|p1a: Venus|Toxic|p2a: Suicune
|-status|p2a: Suicune|tox
|
|-heal|p2a: Suicune|71/100 tox|[from] item: Leftovers
|-damage|p2a: Suicune|65/100 tox|[from] psn
|-heal|p1a: Venus|15/100|[from] item: Leftovers
|upkeep
|turn|54
|
|t:|1730575179
|switch|p1a: SogDog|Suicune|28/100
|move|p2a: Suicune|Ice Beam|p1a: SogDog
|-resisted|p1a: SogDog
|-damage|p1a: SogDog|4/100
|
|-heal|p2a: Suicune|71/100 tox|[from] item: Leftovers
|-damage|p2a: Suicune|59/100 tox|[from] psn
|-heal|p1a: SogDog|10/100|[from] item: Leftovers
|upkeep
|turn|55
|
|t:|1730575186
|switch|p1a: Venus|Cradily, F, shiny|15/100
|move|p2a: Suicune|Hydro Pump|p1a: Venus
|-damage|p1a: Venus|0 fnt
|faint|p1a: Venus
|
|t:|1730575191
|switch|p1a: SogDog|Suicune|10/100
|
|-heal|p2a: Suicune|65/100 tox|[from] item: Leftovers
|-damage|p2a: Suicune|47/100 tox|[from] psn
|-heal|p1a: SogDog|16/100|[from] item: Leftovers
|upkeep
|turn|56
|
|t:|1730575194
|switch|p2a: Celebi|Celebi|94/100
|move|p1a: SogDog|Surf|p2a: Celebi
|-resisted|p2a: Celebi
|-damage|p2a: Celebi|77/100
|
|-heal|p1a: SogDog|22/100|[from] item: Leftovers
|-heal|p2a: Celebi|83/100|[from] item: Leftovers
|upkeep
|turn|57
|
|t:|1730575198
|move|p2a: Celebi|Hidden Power|p1a: SogDog
|-supereffective|p1a: SogDog
|-damage|p1a: SogDog|0 fnt
|faint|p1a: SogDog
|
|t:|1730575202
|switch|p1a: Big Jimmy|Salamence, F|100/100
|-ability|p1a: Big Jimmy|Intimidate|boost
|-unboost|p2a: Celebi|atk|1
|
|-heal|p2a: Celebi|90/100|[from] item: Leftovers
|upkeep
|turn|58
|
|t:|1730575206
|switch|p2a: Porygon2|Porygon2|51/100 tox
|-ability|p2a: Porygon2|Intimidate|[from] ability: Trace|[of] p1a: Big Jimmy
|move|p1a: Big Jimmy|Fire Blast|p2a: Porygon2
|-damage|p2a: Porygon2|12/100 tox
|
|-heal|p2a: Porygon2|18/100 tox|[from] item: Leftovers
|-damage|p2a: Porygon2|12/100 tox|[from] psn
|upkeep
|turn|59
|
|t:|1730575212
|move|p1a: Big Jimmy|Dragon Claw|p2a: Porygon2
|-damage|p2a: Porygon2|0 fnt
|faint|p2a: Porygon2
|
|t:|1730575218
|switch|p2a: Raikou|Raikou|82/100
|
|-heal|p2a: Raikou|88/100|[from] item: Leftovers
|upkeep
|turn|60
|
|t:|1730575221
|switch|p1a: Gamerchair|Swampert, M|69/100
|move|p2a: Raikou|Hidden Power|p1a: Gamerchair
|-damage|p1a: Gamerchair|48/100
|
|-heal|p2a: Raikou|94/100|[from] item: Leftovers
|-heal|p1a: Gamerchair|54/100|[from] item: Leftovers
|upkeep
|turn|61
|
|t:|1730575225
|switch|p2a: Celebi|Celebi|90/100
|move|p1a: Gamerchair|Ice Beam|p2a: Celebi
|-supereffective|p2a: Celebi
|-damage|p2a: Celebi|59/100
|
|-heal|p2a: Celebi|65/100|[from] item: Leftovers
|-heal|p1a: Gamerchair|60/100|[from] item: Leftovers
|upkeep
|turn|62
|
|t:|1730575229
|switch|p1a: The Onyon|Celebi|99/100
|move|p2a: Celebi|Recover|p2a: Celebi
|-heal|p2a: Celebi|100/100
|
|-heal|p1a: The Onyon|100/100|[from] item: Leftovers
|upkeep
|turn|63
|
|t:|1730575234
|switch|p2a: Suicune|Suicune|47/100 tox
|move|p1a: The Onyon|Calm Mind|p1a: The Onyon
|-boost|p1a: The Onyon|spa|1
|-boost|p1a: The Onyon|spd|1
|
|-heal|p2a: Suicune|53/100 tox|[from] item: Leftovers
|-damage|p2a: Suicune|47/100 tox|[from] psn
|upkeep
|turn|64
|
|t:|1730575237
|move|p1a: The Onyon|Psychic|p2a: Suicune
|-damage|p2a: Suicune|7/100 tox
|move|p2a: Suicune|Ice Beam|p1a: The Onyon
|-supereffective|p1a: The Onyon
|-damage|p1a: The Onyon|71/100
|
|-heal|p1a: The Onyon|77/100|[from] item: Leftovers
|-heal|p2a: Suicune|13/100 tox|[from] item: Leftovers
|-damage|p2a: Suicune|0 fnt|[from] psn
|faint|p2a: Suicune
|upkeep
|
|t:|1730575239
|switch|p2a: Raikou|Raikou|94/100
|turn|65
|
|t:|1730575244
|move|p2a: Raikou|Calm Mind|p2a: Raikou
|-boost|p2a: Raikou|spa|1
|-boost|p2a: Raikou|spd|1
|move|p1a: The Onyon|Psychic|p2a: Raikou
|-damage|p2a: Raikou|56/100
|
|-heal|p2a: Raikou|63/100|[from] item: Leftovers
|-heal|p1a: The Onyon|83/100|[from] item: Leftovers
|upkeep
|turn|66
|
|t:|1730575247
|move|p2a: Raikou|Calm Mind|p2a: Raikou
|-boost|p2a: Raikou|spa|1
|-boost|p2a: Raikou|spd|1
|move|p1a: The Onyon|Baton Pass|p1a: The Onyon
|
|t:|1730575248
|switch|p1a: Gamerchair|Swampert, M|60/100|[from] Baton Pass
|
|-heal|p2a: Raikou|69/100|[from] item: Leftovers
|-heal|p1a: Gamerchair|67/100|[from] item: Leftovers
|upkeep
|turn|67
|
|t:|1730575250
|switch|p2a: Celebi|Celebi|100/100
|move|p1a: Gamerchair|Earthquake|p2a: Celebi
|-resisted|p2a: Celebi
|-damage|p2a: Celebi|87/100
|
|-heal|p2a: Celebi|93/100|[from] item: Leftovers
|-heal|p1a: Gamerchair|73/100|[from] item: Leftovers
|upkeep
|turn|68
|
|t:|1730575253
|switch|p2a: Raikou|Raikou|69/100
|move|p1a: Gamerchair|Ice Beam|p2a: Raikou
|-damage|p2a: Raikou|39/100
|
|-heal|p2a: Raikou|45/100|[from] item: Leftovers
|-heal|p1a: Gamerchair|79/100|[from] item: Leftovers
|upkeep
|turn|69
|
|t:|1730575255
|switch|p2a: Celebi|Celebi|93/100
|move|p1a: Gamerchair|Ice Beam|p2a: Celebi
|-supereffective|p2a: Celebi
|-crit|p2a: Celebi
|-damage|p2a: Celebi|4/100
|
|-heal|p2a: Celebi|11/100|[from] item: Leftovers
|-heal|p1a: Gamerchair|85/100|[from] item: Leftovers
|upkeep
|turn|70
|
|t:|1730575259
|move|p2a: Celebi|Hidden Power|p1a: Gamerchair
|-supereffective|p1a: Gamerchair
|-damage|p1a: Gamerchair|21/100
|move|p1a: Gamerchair|Ice Beam|p2a: Celebi
|-supereffective|p2a: Celebi
|-damage|p2a: Celebi|0 fnt
|faint|p2a: Celebi
|
|t:|1730575261
|switch|p2a: Raikou|Raikou|45/100
|
|-heal|p2a: Raikou|51/100|[from] item: Leftovers
|-heal|p1a: Gamerchair|27/100|[from] item: Leftovers
|upkeep
|turn|71
|
|t:|1730575263
|move|p2a: Raikou|Hidden Power|p1a: Gamerchair
|-damage|p1a: Gamerchair|13/100
|move|p1a: Gamerchair|Earthquake|p2a: Raikou
|-supereffective|p2a: Raikou
|-damage|p2a: Raikou|0 fnt
|faint|p2a: Raikou
|
|win|TheLargestLad

</script>
<script type="application/json" class="data" id="replaydata-smogtours-gen3ou-804074">
{"id":"smogtours-gen3ou-804074","format":"[Gen 3] OU","players":["TheLargestLad","AirPan"],"uploadtime":1730575263,"views":55,"formatid":"gen3ou","rating":null,"private":0,"password":null}
</script>

<script defer src="js/replays.js?9d40a366"></script>
