<!DOCTYPE html>
<meta charset="utf-8" />
<meta name="viewport" content="width=device-width" />

<title>[Gen 3] OU: blavand vs. Surko - Replays - Pok&eacute;mon Showdown!</title>

<meta name="description" content="Watch a replay of a Pok&eacute;mon battle between blavand and Surko! Format: [Gen 3] OU; Date: Oct 19, 2024" />
<!--

Hey, you! Looking in the source for the replay log?

You can find them in JSON format, just add `.json` at the end of a replay URL.

https://replay.pokemonshowdown.com/gen7randomdoublesbattle-865046831.json

Or, if you only need the log itself, add `.log` instead:

https://replay.pokemonshowdown.com/gen7randomdoublesbattle-865046831.log

-->

<link rel="stylesheet" href="//pokemonshowdown.com/style/global.css?0.023195364461161105" />
<link rel="stylesheet" href="//play.pokemonshowdown.com/style/font-awesome.css?0.13261647063804238" />
<link rel="stylesheet" href="//play.pokemonshowdown.com/style/battle.css?0.8753245789963631" />
<link rel="stylesheet" href="//play.pokemonshowdown.com/style/utilichart.css?0.8627959624976733" />

<!-- Global site tag (gtag.js) - Google Analytics -->
<script async src="https://www.googletagmanager.com/gtag/js?id=UA-26211653-1"></script>
<script>
  window.dataLayer = window.dataLayer || [];
  function gtag(){dataLayer.push(arguments);}
  gtag('js', new Date());

  gtag('config', 'UA-26211653-1');
</script>
<!-- End Google Analytics -->
<!-- Venatus Ad Manager - Install in <HEAD> of page -->
	<script src="https://hb.vntsm.com/v3/live/ad-manager.min.js" type="text/javascript" data-site-id="642aba63ec9a7b11c3c9c1be" data-mode="scan" async></script>
<!-- / Venatus Ad Manager -->

<style>
	@media (max-width:820px) {
		.battle {
			margin: 0 auto;
		}
		.battle-log {
			margin: 7px auto 0;
			max-width: 640px;
			height: 300px;
			position: static;
		}
	}
	.optgroup {
		display: inline-block;
		line-height: 22px;
		font-size: 10pt;
	}
	.optgroup .button {
		height: 25px;
		padding-top: 0;
		padding-bottom: 0;
	}
	.optgroup button.button {
		padding-left: 12px;
		padding-right: 12px;
	}
	.linklist {
		list-style: none;
		margin: 0.5em 0;
		padding: 0;
	}
	.linklist li {
		padding: 2px 0;
	}
	.sidebar {
		float: left;
		width: 320px;
	}
	.bar-wrapper {
		max-width: 1100px;
		margin: 0 auto;
	}
	.bar-wrapper.has-sidebar {
		max-width: 1430px;
	}
	.mainbar {
		margin: 0;
		padding-right: 1px;
	}
	.mainbar.has-sidebar {
		margin-left: 330px;
	}
	@media (min-width: 1511px) {
		.sidebar {
			width: 400px;
		}
		.bar-wrapper.has-sidebar {
			max-width: 1510px;
		}
		.mainbar.has-sidebar {
			margin-left: 410px;
		}
	}
	.section.first-section {
		margin-top: 9px;
	}
	.blocklink small {
		white-space: normal;
	}
	.button {
		vertical-align: middle;
	}
	.replay-controls {
		padding-top: 10px;
	}
	.replay-controls h1 {
		font-size: 16pt;
		font-weight: normal;
		color: #CCC;
	}
	.pagelink {
		text-align: center;
	}
	.pagelink a {
		width: 150px;
	}
	.textbox, .button {
		font-size: 11pt;
		vertical-align: middle;
	}
	@media (max-width: 450px) {
		.button {
			font-size: 9pt;
		}
	}
</style>

<div>

	<header>
		<div class="nav-wrapper"><ul class="nav">
			<li><a class="button nav-first" href="//pokemonshowdown.com/"><img src="//pokemonshowdown.com/images/pokemonshowdownbeta.png" srcset="//pokemonshowdown.com/images/pokemonshowdownbeta.png 1x, //pokemonshowdown.com/images/pokemonshowdownbeta@2x.png 2x" alt="Pok&eacute;mon Showdown" width="146" height="44" /> Home</a></li>
			<li><a class="button" href="//pokemonshowdown.com/dex/">Pok&eacute;dex</a></li>
			<li><a class="button cur" href="/">Replays</a></li>
			<li><a class="button" href="//pokemonshowdown.com/ladder/">Ladder</a></li>
			<li><a class="button nav-last" href="//pokemonshowdown.com/forums/">Forum</a></li>
			<li><a class="button greenbutton nav-first nav-last" href="//play.pokemonshowdown.com/">Play</a></li>
		</ul></div>
	</header>

	<div class="main" id="main">

		<noscript><section class="section">You need to enable JavaScript to use this page; sorry!</section></noscript>

	</div>

</div>

<script defer nomodule src="//play.pokemonshowdown.com/js/lib/ps-polyfill.js"></script>
<script defer src="//play.pokemonshowdown.com/js/lib/preact.min.js"></script>

<script defer src="//play.pokemonshowdown.com/config/config.js?2bddbc15"></script>
<script defer src="//play.pokemonshowdown.com/js/lib/jquery-1.11.0.min.js"></script>
<script defer src="//play.pokemonshowdown.com/js/lib/html-sanitizer-minified.js"></script>
<script defer src="//play.pokemonshowdown.com/js/battle-sound.js"></script>
<script defer src="//play.pokemonshowdown.com/js/battledata.js?0.7209276989879541"></script>
<script defer src="//play.pokemonshowdown.com/data/pokedex-mini.js?0.6111056340867951"></script>
<script defer src="//play.pokemonshowdown.com/data/pokedex-mini-bw.js?0.3532142036491459"></script>
<script defer src="//play.pokemonshowdown.com/data/graphics.js?0.24223875632456182"></script>
<script defer src="//play.pokemonshowdown.com/data/pokedex.js?0.38839984266356864"></script>
<script defer src="//play.pokemonshowdown.com/data/moves.js?0.21866028504024015"></script>
<script defer src="//play.pokemonshowdown.com/data/abilities.js?0.2005157953846628"></script>
<script defer src="//play.pokemonshowdown.com/data/items.js?0.9894211263848525"></script>
<script defer src="//play.pokemonshowdown.com/data/teambuilder-tables.js?0.6008791140282215"></script>
<script defer src="//play.pokemonshowdown.com/js/battle-tooltips.js?0.7580118955022959"></script>
<script defer src="//play.pokemonshowdown.com/js/battle.js?0.6057722274234274"></script>

<script defer src="js/utils.js?e31f9a17"></script>
<script defer src="js/replays-battle.js?7008c182"></script>

<!-- don't scrape this data! just add .json or .log after the URL!
Full API docs: https://github.com/smogon/pokemon-showdown-client/blob/master/WEB-API.md -->
<script type="text/plain" class="log" id="replaylog-smogtours-gen3ou-799950">
|inactive|Battle timer is ON: inactive players will automatically lose when time's up.
|t:|1729357256
|gametype|singles
|player|p1|blavand|101|
|player|p2|Surko|blue-gen3two|
|teamsize|p1|6
|teamsize|p2|6
|gen|3
|tier|[Gen 3] OU
|rule|Sleep Clause Mod: Limit one foe put to sleep
|rule|Switch Priority Clause Mod: Faster Pokémon switch first
|rule|Species Clause: Limit one of each Pokémon
|rule|OHKO Clause: OHKO moves are banned
|rule|Evasion Items Clause: Evasion items are banned
|rule|Evasion Moves Clause: Evasion moves are banned
|rule|Endless Battle Clause: Forcing endless battles is banned
|rule|HP Percentage Mod: HP is shown in percentages
|rule|One Boost Passer Clause: Limit one Baton Passer that has a way to boost its stats
|rule|Freeze Clause Mod: Limit one foe frozen
|
|t:|1729357256
|start
|switch|p1a: Salamence|Salamence, F|100/100
|switch|p2a: Hariyama|Hariyama, F|100/100
|-ability|p1a: Salamence|Intimidate|boost
|-unboost|p2a: Hariyama|atk|1
|turn|1
|c|☆blavand|Glhf :)
|
|t:|1729357279
|switch|p2a: Jirachi|Jirachi|100/100
|move|p1a: Salamence|Hidden Power|p2a: Jirachi
|-resisted|p2a: Jirachi
|-damage|p2a: Jirachi|82/100
|
|-heal|p2a: Jirachi|88/100|[from] item: Leftovers
|upkeep
|turn|2
|inactive|Surko has 270 seconds left.
|
|t:|1729357321
|switch|p1a: Hariyama|Hariyama, M|100/100
|switch|p2a: Hariyama|Hariyama, F|100/100
|
|upkeep
|turn|3
|
|t:|1729357329
|move|p1a: Hariyama|Knock Off|p2a: Hariyama
|-resisted|p2a: Hariyama
|-damage|p2a: Hariyama|99/100
|-enditem|p2a: Hariyama|Leftovers|[from] move: Knock Off|[of] p1a: Hariyama
|-hint|In Gens 3-4, Knock Off only makes the target's item unusable; it cannot obtain a new item.
|move|p2a: Hariyama|Knock Off|p1a: Hariyama
|-resisted|p1a: Hariyama
|-damage|p1a: Hariyama|99/100
|-enditem|p1a: Hariyama|Leftovers|[from] move: Knock Off|[of] p2a: Hariyama
|
|upkeep
|turn|4
|inactive|Surko has 270 seconds left.
|inactive|Surko has 240 seconds left.
|inactive|Surko has 210 seconds left.
|
|t:|1729357400
|move|p1a: Hariyama|Brick Break|p2a: Hariyama
|-damage|p2a: Hariyama|72/100
|move|p2a: Hariyama|Brick Break|p1a: Hariyama
|-damage|p1a: Hariyama|72/100
|
|upkeep
|turn|5
|inactive|Surko has 210 seconds left.
|
|t:|1729357412
|switch|p2a: Salamence|Salamence, M|100/100
|-ability|p2a: Salamence|Intimidate|boost
|-unboost|p1a: Hariyama|atk|1
|move|p1a: Hariyama|Brick Break|p2a: Salamence
|-resisted|p2a: Salamence
|-damage|p2a: Salamence|84/100
|
|upkeep
|turn|6
|inactive|Surko has 210 seconds left.
|
|t:|1729357428
|switch|p1a: Jirachi|Jirachi|100/100
|move|p2a: Salamence|Earthquake|p1a: Jirachi
|-supereffective|p1a: Jirachi
|-damage|p1a: Jirachi|28/100
|
|-heal|p1a: Jirachi|34/100|[from] item: Leftovers
|upkeep
|turn|7
|
|t:|1729357457
|switch|p2a: Hariyama|Hariyama, F|72/100
|move|p1a: Jirachi|Protect||[still]
|-fail|p1a: Jirachi
|
|-heal|p1a: Jirachi|40/100|[from] item: Leftovers
|upkeep
|turn|8
|
|t:|1729357465
|move|p1a: Jirachi|Protect|p1a: Jirachi
|-singleturn|p1a: Jirachi|Protect
|move|p2a: Hariyama|Brick Break|p1a: Jirachi
|-activate|p1a: Jirachi|Protect
|
|-heal|p1a: Jirachi|46/100|[from] item: Leftovers
|upkeep
|turn|9
|
|t:|1729357471
|switch|p1a: Hariyama|Hariyama, M|72/100
|move|p2a: Hariyama|Knock Off|p1a: Hariyama
|-resisted|p1a: Hariyama
|-damage|p1a: Hariyama|71/100
|
|upkeep
|turn|10
|
|t:|1729357481
|move|p1a: Hariyama|Brick Break|p2a: Hariyama
|-damage|p2a: Hariyama|46/100
|move|p2a: Hariyama|Brick Break|p1a: Hariyama
|-damage|p1a: Hariyama|44/100
|
|upkeep
|turn|11
|
|t:|1729357491
|move|p2a: Hariyama|Brick Break|p1a: Hariyama
|-damage|p1a: Hariyama|16/100
|move|p1a: Hariyama|Brick Break|p2a: Hariyama
|-crit|p2a: Hariyama
|-damage|p2a: Hariyama|0 fnt
|faint|p2a: Hariyama
|
|t:|1729357504
|switch|p2a: Salamence|Salamence, M|84/100
|-ability|p2a: Salamence|Intimidate|boost
|-unboost|p1a: Hariyama|atk|1
|
|upkeep
|turn|12
|
|t:|1729357514
|move|p2a: Salamence|Hidden Power|p1a: Hariyama
|-supereffective|p1a: Hariyama
|-damage|p1a: Hariyama|0 fnt
|faint|p1a: Hariyama
|
|t:|1729357517
|switch|p1a: Jirachi|Jirachi|46/100
|
|-heal|p1a: Jirachi|53/100|[from] item: Leftovers
|upkeep
|turn|13
|inactive|Surko has 210 seconds left.
|
|t:|1729357529
|switch|p2a: Claydol|Claydol|100/100
|move|p1a: Jirachi|Wish|p1a: Jirachi
|
|-heal|p1a: Jirachi|59/100|[from] item: Leftovers
|upkeep
|turn|14
|inactive|Surko has 210 seconds left.
|
|t:|1729357560
|move|p1a: Jirachi|Toxic|p2a: Claydol
|-status|p2a: Claydol|tox
|move|p2a: Claydol|Earthquake|p1a: Jirachi
|-supereffective|p1a: Jirachi
|-damage|p1a: Jirachi|11/100
|
|-heal|p1a: Jirachi|61/100|[from] move: Wish|[wisher] Jirachi
|-heal|p1a: Jirachi|67/100|[from] item: Leftovers
|-damage|p2a: Claydol|94/100 tox|[from] psn
|upkeep
|turn|15
|inactive|Surko has 180 seconds left.
|
|t:|1729357582
|switch|p2a: Jirachi|Jirachi|88/100
|move|p1a: Jirachi|Wish|p1a: Jirachi
|
|-heal|p2a: Jirachi|94/100|[from] item: Leftovers
|-heal|p1a: Jirachi|73/100|[from] item: Leftovers
|upkeep
|turn|16
|
|t:|1729357588
|move|p2a: Jirachi|Fire Punch|p1a: Jirachi
|-supereffective|p1a: Jirachi
|-damage|p1a: Jirachi|44/100
|move|p1a: Jirachi|Fire Punch|p2a: Jirachi
|-supereffective|p2a: Jirachi
|-damage|p2a: Jirachi|65/100
|
|-heal|p1a: Jirachi|94/100|[from] move: Wish|[wisher] Jirachi
|-heal|p2a: Jirachi|71/100|[from] item: Leftovers
|-heal|p1a: Jirachi|99/100|[from] item: Leftovers
|upkeep
|turn|17
|
|t:|1729357598
|move|p2a: Jirachi|Wish|p2a: Jirachi
|move|p1a: Jirachi|Fire Punch|p2a: Jirachi
|-supereffective|p2a: Jirachi
|-damage|p2a: Jirachi|39/100
|
|-heal|p2a: Jirachi|45/100|[from] item: Leftovers
|-heal|p1a: Jirachi|100/100|[from] item: Leftovers
|upkeep
|turn|18
|
|t:|1729357612
|move|p2a: Jirachi|Protect|p2a: Jirachi
|-singleturn|p2a: Jirachi|Protect
|move|p1a: Jirachi|Fire Punch|p2a: Jirachi
|-activate|p2a: Jirachi|Protect
|
|-heal|p2a: Jirachi|95/100|[from] move: Wish|[wisher] Jirachi
|-heal|p2a: Jirachi|100/100|[from] item: Leftovers
|upkeep
|turn|19
|
|t:|1729357629
|move|p2a: Jirachi|Fire Punch|p1a: Jirachi
|-supereffective|p1a: Jirachi
|-damage|p1a: Jirachi|71/100
|move|p1a: Jirachi|Fire Punch|p2a: Jirachi
|-supereffective|p2a: Jirachi
|-damage|p2a: Jirachi|73/100
|
|-heal|p2a: Jirachi|79/100|[from] item: Leftovers
|-heal|p1a: Jirachi|77/100|[from] item: Leftovers
|upkeep
|turn|20
|inactive|Surko has 180 seconds left.
|
|t:|1729357658
|move|p2a: Jirachi|Fire Punch|p1a: Jirachi
|-supereffective|p1a: Jirachi
|-damage|p1a: Jirachi|50/100
|move|p1a: Jirachi|Fire Punch|p2a: Jirachi
|-supereffective|p2a: Jirachi
|-damage|p2a: Jirachi|51/100
|
|-heal|p2a: Jirachi|57/100|[from] item: Leftovers
|-heal|p1a: Jirachi|56/100|[from] item: Leftovers
|upkeep
|turn|21
|
|t:|1729357669
|move|p2a: Jirachi|Wish|p2a: Jirachi
|move|p1a: Jirachi|Wish|p1a: Jirachi
|
|-heal|p2a: Jirachi|64/100|[from] item: Leftovers
|-heal|p1a: Jirachi|62/100|[from] item: Leftovers
|upkeep
|turn|22
|
|t:|1729357675
|move|p2a: Jirachi|Protect|p2a: Jirachi
|-singleturn|p2a: Jirachi|Protect
|move|p1a: Jirachi|Fire Punch|p2a: Jirachi
|-activate|p2a: Jirachi|Protect
|
|-heal|p2a: Jirachi|100/100|[from] move: Wish|[wisher] Jirachi
|-heal|p1a: Jirachi|100/100|[from] move: Wish|[wisher] Jirachi
|upkeep
|turn|23
|inactive|Surko has 180 seconds left.
|
|t:|1729357702
|switch|p1a: Suicune|Suicune|100/100
|move|p2a: Jirachi|Fire Punch|p1a: Suicune
|-resisted|p1a: Suicune
|-damage|p1a: Suicune|94/100
|
|-heal|p1a: Suicune|99/100|[from] item: Leftovers
|upkeep
|turn|24
|
|t:|1729357718
|switch|p1a: Jirachi|Jirachi|100/100
|move|p2a: Jirachi|Toxic|p1a: Jirachi
|-immune|p1a: Jirachi
|
|upkeep
|turn|25
|
|t:|1729357728
|switch|p2a: Suicune|Suicune|100/100
|move|p1a: Jirachi|Fire Punch|p2a: Suicune
|-resisted|p2a: Suicune
|-damage|p2a: Suicune|94/100
|
|-heal|p2a: Suicune|99/100|[from] item: Leftovers
|upkeep
|turn|26
|
|t:|1729357741
|switch|p1a: Suicune|Suicune|99/100
|switch|p2a: Blissey|Blissey, F|100/100
|
|-heal|p1a: Suicune|100/100|[from] item: Leftovers
|upkeep
|turn|27
|c|☆blavand|We'll be here for 200 turns
|inactive|blavand has 270 seconds left.
|
|t:|1729357774
|switch|p2a: Suicune|Suicune|99/100
|move|p1a: Suicune|Calm Mind|p1a: Suicune
|-boost|p1a: Suicune|spa|1
|-boost|p1a: Suicune|spd|1
|
|-heal|p2a: Suicune|100/100|[from] item: Leftovers
|upkeep
|turn|28
|
|t:|1729357784
|move|p1a: Suicune|Roar|p2a: Suicune
|drag|p2a: Blissey|Blissey, F|100/100
|
|upkeep
|turn|29
|
|t:|1729357795
|switch|p2a: Jirachi|Jirachi|100/100
|move|p1a: Suicune|Calm Mind|p1a: Suicune
|-boost|p1a: Suicune|spa|1
|-boost|p1a: Suicune|spd|1
|
|upkeep
|turn|30
|
|t:|1729357800
|move|p2a: Jirachi|Toxic|p1a: Suicune
|-status|p1a: Suicune|tox
|move|p1a: Suicune|Surf|p2a: Jirachi
|-damage|p2a: Jirachi|46/100
|
|-heal|p2a: Jirachi|52/100|[from] item: Leftovers
|-damage|p1a: Suicune|94/100 tox|[from] psn
|upkeep
|turn|31
|
|t:|1729357811
|switch|p2a: Suicune|Suicune|100/100
|move|p1a: Suicune|Calm Mind|p1a: Suicune
|-boost|p1a: Suicune|spa|1
|-boost|p1a: Suicune|spd|1
|
|-heal|p1a: Suicune|100/100 tox|[from] item: Leftovers
|-damage|p1a: Suicune|88/100 tox|[from] psn
|upkeep
|turn|32
|
|t:|1729357820
|move|p1a: Suicune|Surf|p2a: Suicune
|-resisted|p2a: Suicune
|-damage|p2a: Suicune|73/100
|move|p2a: Suicune|Roar|p1a: Suicune
|drag|p1a: Jirachi|Jirachi|100/100
|
|-heal|p2a: Suicune|79/100|[from] item: Leftovers
|upkeep
|turn|33
|inactive|Surko has 180 seconds left.
|
|t:|1729357832
|switch|p2a: Jirachi|Jirachi|52/100
|move|p1a: Jirachi|Fire Punch|p2a: Jirachi
|-supereffective|p2a: Jirachi
|-damage|p2a: Jirachi|23/100
|
|-heal|p2a: Jirachi|29/100|[from] item: Leftovers
|upkeep
|turn|34
|inactive|Surko has 180 seconds left.
|
|t:|1729357841
|move|p2a: Jirachi|Protect|p2a: Jirachi
|-singleturn|p2a: Jirachi|Protect
|move|p1a: Jirachi|Fire Punch|p2a: Jirachi
|-activate|p2a: Jirachi|Protect
|
|-heal|p2a: Jirachi|36/100|[from] item: Leftovers
|upkeep
|turn|35
|inactive|Surko has 180 seconds left.
|
|t:|1729357855
|switch|p2a: Suicune|Suicune|79/100
|move|p1a: Jirachi|Fire Punch|p2a: Suicune
|-resisted|p2a: Suicune
|-damage|p2a: Suicune|73/100
|
|-heal|p2a: Suicune|79/100|[from] item: Leftovers
|upkeep
|turn|36
|inactive|Surko has 180 seconds left.
|
|t:|1729357876
|move|p1a: Jirachi|Fire Punch|p2a: Suicune
|-resisted|p2a: Suicune
|-damage|p2a: Suicune|74/100
|move|p2a: Suicune|Calm Mind|p2a: Suicune
|-boost|p2a: Suicune|spa|1
|-boost|p2a: Suicune|spd|1
|
|-heal|p2a: Suicune|80/100|[from] item: Leftovers
|upkeep
|turn|37
|inactive|Surko has 180 seconds left.
|
|t:|1729357894
|move|p1a: Jirachi|Toxic|p2a: Suicune
|-status|p2a: Suicune|tox
|move|p2a: Suicune|Surf|p1a: Jirachi
|-damage|p1a: Jirachi|61/100
|
|-heal|p1a: Jirachi|67/100|[from] item: Leftovers
|-heal|p2a: Suicune|86/100 tox|[from] item: Leftovers
|-damage|p2a: Suicune|80/100 tox|[from] psn
|upkeep
|turn|38
|
|t:|1729357902
|switch|p2a: Jirachi|Jirachi|36/100
|move|p1a: Jirachi|Wish|p1a: Jirachi
|
|-heal|p2a: Jirachi|42/100|[from] item: Leftovers
|-heal|p1a: Jirachi|73/100|[from] item: Leftovers
|upkeep
|turn|39
|inactive|Surko has 180 seconds left.
|
|t:|1729357909
|move|p2a: Jirachi|Wish|p2a: Jirachi
|move|p1a: Jirachi|Fire Punch|p2a: Jirachi
|-supereffective|p2a: Jirachi
|-damage|p2a: Jirachi|13/100
|
|-heal|p1a: Jirachi|100/100|[from] move: Wish|[wisher] Jirachi
|-heal|p2a: Jirachi|19/100|[from] item: Leftovers
|upkeep
|turn|40
|inactive|Surko has 180 seconds left.
|
|t:|1729357935
|switch|p1a: Blissey|Blissey, F|100/100
|move|p2a: Jirachi|Protect||[still]
|-fail|p2a: Jirachi
|
|-heal|p2a: Jirachi|69/100|[from] move: Wish|[wisher] Jirachi
|-heal|p2a: Jirachi|75/100|[from] item: Leftovers
|upkeep
|turn|41
|inactive|Surko has 180 seconds left.
|
|t:|1729357953
|move|p2a: Jirachi|Toxic|p1a: Blissey|[miss]
|-miss|p2a: Jirachi|p1a: Blissey
|move|p1a: Blissey|Seismic Toss|p2a: Jirachi
|-damage|p2a: Jirachi|50/100
|
|-heal|p2a: Jirachi|56/100|[from] item: Leftovers
|upkeep
|turn|42
|inactive|Surko has 180 seconds left.
|
|t:|1729357964
|switch|p2a: Suicune|Suicune|80/100 tox
|move|p1a: Blissey|Ice Beam|p2a: Suicune
|-resisted|p2a: Suicune
|-damage|p2a: Suicune|72/100 tox
|
|-heal|p2a: Suicune|78/100 tox|[from] item: Leftovers
|-damage|p2a: Suicune|72/100 tox|[from] psn
|upkeep
|turn|43
|inactive|Surko has 180 seconds left.
|
|t:|1729357973
|switch|p1a: Suicune|Suicune|88/100 tox
|move|p2a: Suicune|Rest|p2a: Suicune
|-status|p2a: Suicune|slp|[from] move: Rest
|-heal|p2a: Suicune|100/100 slp|[silent]
|
|-heal|p1a: Suicune|94/100 tox|[from] item: Leftovers
|-damage|p1a: Suicune|88/100 tox|[from] psn
|upkeep
|turn|44
|
|t:|1729357978
|move|p1a: Suicune|Rest|p1a: Suicune
|-status|p1a: Suicune|slp|[from] move: Rest
|-heal|p1a: Suicune|100/100 slp|[silent]
|cant|p2a: Suicune|slp
|
|upkeep
|turn|45
|
|t:|1729357982
|cant|p1a: Suicune|slp
|cant|p2a: Suicune|slp
|
|upkeep
|turn|46
|
|t:|1729357995
|switch|p2a: Salamence|Salamence, M|84/100
|-ability|p2a: Salamence|Intimidate|boost
|-unboost|p1a: Suicune|atk|1
|cant|p1a: Suicune|slp
|
|upkeep
|turn|47
|
|t:|1729358014
|move|p2a: Salamence|Hidden Power|p1a: Suicune
|-damage|p1a: Suicune|69/100 slp
|-curestatus|p1a: Suicune|slp|[msg]
|move|p1a: Suicune|Surf|p2a: Salamence
|-resisted|p2a: Salamence
|-damage|p2a: Salamence|66/100
|
|-heal|p1a: Suicune|75/100|[from] item: Leftovers
|upkeep
|turn|48
|
|t:|1729358023
|switch|p1a: Jirachi|Jirachi|100/100
|move|p2a: Salamence|Hidden Power|p1a: Jirachi
|-resisted|p1a: Jirachi
|-damage|p1a: Jirachi|82/100
|
|-heal|p1a: Jirachi|88/100|[from] item: Leftovers
|upkeep
|turn|49
|
|t:|1729358033
|switch|p2a: Suicune|Suicune|100/100 slp
|switch|p1a: Suicune|Suicune|75/100
|
|-heal|p1a: Suicune|81/100|[from] item: Leftovers
|upkeep
|turn|50
|inactive|Surko has 210 seconds left.
|
|t:|1729358050
|switch|p1a: Blissey|Blissey, F|100/100
|-curestatus|p2a: Suicune|slp|[msg]
|move|p2a: Suicune|Roar|p1a: Blissey
|drag|p1a: Jirachi|Jirachi|88/100
|
|-heal|p1a: Jirachi|94/100|[from] item: Leftovers
|upkeep
|turn|51
|
|t:|1729358062
|switch|p1a: Suicune|Suicune|81/100
|switch|p2a: Jirachi|Jirachi|56/100
|
|-heal|p2a: Jirachi|63/100|[from] item: Leftovers
|-heal|p1a: Suicune|87/100|[from] item: Leftovers
|upkeep
|turn|52
|
|t:|1729358076
|switch|p2a: Suicune|Suicune|100/100
|switch|p1a: Jirachi|Jirachi|94/100
|
|-heal|p1a: Jirachi|100/100|[from] item: Leftovers
|upkeep
|turn|53
|
|t:|1729358089
|switch|p1a: Suicune|Suicune|87/100
|switch|p2a: Jirachi|Jirachi|63/100
|
|-heal|p2a: Jirachi|69/100|[from] item: Leftovers
|-heal|p1a: Suicune|94/100|[from] item: Leftovers
|upkeep
|turn|54
|
|t:|1729358098
|switch|p2a: Suicune|Suicune|100/100
|switch|p1a: Jirachi|Jirachi|100/100
|
|upkeep
|turn|55
|inactive|Surko has 210 seconds left.
|
|t:|1729358112
|switch|p1a: Suicune|Suicune|94/100
|switch|p2a: Jirachi|Jirachi|69/100
|
|-heal|p2a: Jirachi|75/100|[from] item: Leftovers
|-heal|p1a: Suicune|99/100|[from] item: Leftovers
|upkeep
|turn|56
|inactive|blavand has 270 seconds left.
|c|☆blavand|Hey, do you want to tie this game? It will probably turn into a pp stall ://
|
|t:|1729358168
|switch|p2a: Suicune|Suicune|100/100
|switch|p1a: Jirachi|Jirachi|100/100
|
|upkeep
|turn|57
|inactive|Surko has 210 seconds left.
|c|☆Surko|Yeah sure thing
|c|☆blavand|That's great :)
|inactive|Surko has 180 seconds left.
|c|☆Surko|Want to just call next game game 1?
|
|t:|1729358241
|switch|p1a: Suicune|Suicune|99/100
|switch|p2a: Jirachi|Jirachi|75/100
|
|-heal|p2a: Jirachi|81/100|[from] item: Leftovers
|-heal|p1a: Suicune|100/100|[from] item: Leftovers
|upkeep
|turn|58
|c|☆blavand|Yes let's do that. I'll forfeit and swnd a new chall
|c|☆Surko|sounds good
|-message|blavand forfeited.
|
|win|Surko

</script>
<script type="application/json" class="data" id="replaydata-smogtours-gen3ou-799950">
{"id":"smogtours-gen3ou-799950","format":"[Gen 3] OU","players":["blavand","Surko"],"uploadtime":1729358264,"views":81,"formatid":"gen3ou","rating":null,"private":0,"password":null}
</script>

<script defer src="js/replays.js?9d40a366"></script>
