<!DOCTYPE html>
<meta charset="utf-8" />
<meta name="viewport" content="width=device-width" />

<title>[Gen 3] OU: tycarter vs. Garpachi - Replays - Pok&eacute;mon Showdown!</title>

<meta name="description" content="Watch a replay of a Pok&eacute;mon battle between tycarter and Garpachi! Format: [Gen 3] OU; Date: Oct 20, 2024" />
<!--

Hey, you! Looking in the source for the replay log?

You can find them in JSON format, just add `.json` at the end of a replay URL.

https://replay.pokemonshowdown.com/gen7randomdoublesbattle-865046831.json

Or, if you only need the log itself, add `.log` instead:

https://replay.pokemonshowdown.com/gen7randomdoublesbattle-865046831.log

-->

<link rel="stylesheet" href="//pokemonshowdown.com/style/global.css?0.023195364461161105" />
<link rel="stylesheet" href="//play.pokemonshowdown.com/style/font-awesome.css?0.13261647063804238" />
<link rel="stylesheet" href="//play.pokemonshowdown.com/style/battle.css?0.8753245789963631" />
<link rel="stylesheet" href="//play.pokemonshowdown.com/style/utilichart.css?0.8627959624976733" />

<!-- Global site tag (gtag.js) - Google Analytics -->
<script async src="https://www.googletagmanager.com/gtag/js?id=UA-26211653-1"></script>
<script>
  window.dataLayer = window.dataLayer || [];
  function gtag(){dataLayer.push(arguments);}
  gtag('js', new Date());

  gtag('config', 'UA-26211653-1');
</script>
<!-- End Google Analytics -->
<!-- Venatus Ad Manager - Install in <HEAD> of page -->
	<script src="https://hb.vntsm.com/v3/live/ad-manager.min.js" type="text/javascript" data-site-id="642aba63ec9a7b11c3c9c1be" data-mode="scan" async></script>
<!-- / Venatus Ad Manager -->

<style>
	@media (max-width:820px) {
		.battle {
			margin: 0 auto;
		}
		.battle-log {
			margin: 7px auto 0;
			max-width: 640px;
			height: 300px;
			position: static;
		}
	}
	.optgroup {
		display: inline-block;
		line-height: 22px;
		font-size: 10pt;
	}
	.optgroup .button {
		height: 25px;
		padding-top: 0;
		padding-bottom: 0;
	}
	.optgroup button.button {
		padding-left: 12px;
		padding-right: 12px;
	}
	.linklist {
		list-style: none;
		margin: 0.5em 0;
		padding: 0;
	}
	.linklist li {
		padding: 2px 0;
	}
	.sidebar {
		float: left;
		width: 320px;
	}
	.bar-wrapper {
		max-width: 1100px;
		margin: 0 auto;
	}
	.bar-wrapper.has-sidebar {
		max-width: 1430px;
	}
	.mainbar {
		margin: 0;
		padding-right: 1px;
	}
	.mainbar.has-sidebar {
		margin-left: 330px;
	}
	@media (min-width: 1511px) {
		.sidebar {
			width: 400px;
		}
		.bar-wrapper.has-sidebar {
			max-width: 1510px;
		}
		.mainbar.has-sidebar {
			margin-left: 410px;
		}
	}
	.section.first-section {
		margin-top: 9px;
	}
	.blocklink small {
		white-space: normal;
	}
	.button {
		vertical-align: middle;
	}
	.replay-controls {
		padding-top: 10px;
	}
	.replay-controls h1 {
		font-size: 16pt;
		font-weight: normal;
		color: #CCC;
	}
	.pagelink {
		text-align: center;
	}
	.pagelink a {
		width: 150px;
	}
	.textbox, .button {
		font-size: 11pt;
		vertical-align: middle;
	}
	@media (max-width: 450px) {
		.button {
			font-size: 9pt;
		}
	}
</style>

<div>

	<header>
		<div class="nav-wrapper"><ul class="nav">
			<li><a class="button nav-first" href="//pokemonshowdown.com/"><img src="//pokemonshowdown.com/images/pokemonshowdownbeta.png" srcset="//pokemonshowdown.com/images/pokemonshowdownbeta.png 1x, //pokemonshowdown.com/images/pokemonshowdownbeta@2x.png 2x" alt="Pok&eacute;mon Showdown" width="146" height="44" /> Home</a></li>
			<li><a class="button" href="//pokemonshowdown.com/dex/">Pok&eacute;dex</a></li>
			<li><a class="button cur" href="/">Replays</a></li>
			<li><a class="button" href="//pokemonshowdown.com/ladder/">Ladder</a></li>
			<li><a class="button nav-last" href="//pokemonshowdown.com/forums/">Forum</a></li>
			<li><a class="button greenbutton nav-first nav-last" href="//play.pokemonshowdown.com/">Play</a></li>
		</ul></div>
	</header>

	<div class="main" id="main">

		<noscript><section class="section">You need to enable JavaScript to use this page; sorry!</section></noscript>

	</div>

</div>

<script defer nomodule src="//play.pokemonshowdown.com/js/lib/ps-polyfill.js"></script>
<script defer src="//play.pokemonshowdown.com/js/lib/preact.min.js"></script>

<script defer src="//play.pokemonshowdown.com/config/config.js?2bddbc15"></script>
<script defer src="//play.pokemonshowdown.com/js/lib/jquery-1.11.0.min.js"></script>
<script defer src="//play.pokemonshowdown.com/js/lib/html-sanitizer-minified.js"></script>
<script defer src="//play.pokemonshowdown.com/js/battle-sound.js"></script>
<script defer src="//play.pokemonshowdown.com/js/battledata.js?0.7209276989879541"></script>
<script defer src="//play.pokemonshowdown.com/data/pokedex-mini.js?0.6111056340867951"></script>
<script defer src="//play.pokemonshowdown.com/data/pokedex-mini-bw.js?0.3532142036491459"></script>
<script defer src="//play.pokemonshowdown.com/data/graphics.js?0.24223875632456182"></script>
<script defer src="//play.pokemonshowdown.com/data/pokedex.js?0.38839984266356864"></script>
<script defer src="//play.pokemonshowdown.com/data/moves.js?0.21866028504024015"></script>
<script defer src="//play.pokemonshowdown.com/data/abilities.js?0.2005157953846628"></script>
<script defer src="//play.pokemonshowdown.com/data/items.js?0.9894211263848525"></script>
<script defer src="//play.pokemonshowdown.com/data/teambuilder-tables.js?0.6008791140282215"></script>
<script defer src="//play.pokemonshowdown.com/js/battle-tooltips.js?0.7580118955022959"></script>
<script defer src="//play.pokemonshowdown.com/js/battle.js?0.6057722274234274"></script>

<script defer src="js/utils.js?e31f9a17"></script>
<script defer src="js/replays-battle.js?7008c182"></script>

<!-- don't scrape this data! just add .json or .log after the URL!
Full API docs: https://github.com/smogon/pokemon-showdown-client/blob/master/WEB-API.md -->
<script type="text/plain" class="log" id="replaylog-smogtours-gen3ou-800259">
|inactive|Battle timer is ON: inactive players will automatically lose when time's up.
|t:|1729393404
|gametype|singles
|player|p1|tycarter|#lcplxiiipipluppatrol|
|player|p2|Garpachi|maid|
|teamsize|p1|6
|teamsize|p2|6
|gen|3
|tier|[Gen 3] OU
|rule|Sleep Clause Mod: Limit one foe put to sleep
|rule|Switch Priority Clause Mod: Faster Pokémon switch first
|rule|Species Clause: Limit one of each Pokémon
|rule|OHKO Clause: OHKO moves are banned
|rule|Evasion Items Clause: Evasion items are banned
|rule|Evasion Moves Clause: Evasion moves are banned
|rule|Endless Battle Clause: Forcing endless battles is banned
|rule|HP Percentage Mod: HP is shown in percentages
|rule|One Boost Passer Clause: Limit one Baton Passer that has a way to boost its stats
|rule|Freeze Clause Mod: Limit one foe frozen
|
|t:|1729393404
|start
|switch|p1a: Salamence|Salamence, M|100/100
|switch|p2a: Denver|Tyranitar, F|100/100
|-ability|p1a: Salamence|Intimidate|boost
|-unboost|p2a: Denver|atk|1
|-weather|Sandstorm|[from] ability: Sand Stream|[of] p2a: Denver
|turn|1
|c|☆tycarter|hf
|c|☆Garpachi|glhf
|inactive|tycarter has 270 seconds left.
|inactive|Garpachi has 270 seconds left.
|
|t:|1729393443
|switch|p1a: Jirachi|Jirachi|100/100
|switch|p2a: Orlando|Swampert, F|100/100
|
|-weather|Sandstorm|[upkeep]
|upkeep
|turn|2
|
|t:|1729393470
|move|p2a: Orlando|Protect|p2a: Orlando
|-singleturn|p2a: Orlando|Protect
|move|p1a: Jirachi|Toxic|p2a: Orlando|[miss]
|-miss|p1a: Jirachi|p2a: Orlando
|
|-weather|Sandstorm|[upkeep]
|upkeep
|turn|3
|
|t:|1729393482
|switch|p2a: Fargo|Snorlax, F|100/100
|move|p1a: Jirachi|Toxic|p2a: Fargo
|-immune|p2a: Fargo|[from] ability: Immunity
|
|-weather|Sandstorm|[upkeep]
|-damage|p2a: Fargo|94/100|[from] Sandstorm
|-heal|p2a: Fargo|100/100|[from] item: Leftovers
|upkeep
|turn|4
|inactive|tycarter has 270 seconds left.
|
|t:|1729393519
|switch|p1a: Snorlax|Snorlax, F|100/100
|move|p2a: Fargo|Body Slam|p1a: Snorlax
|-damage|p1a: Snorlax|66/100
|
|-weather|Sandstorm|[upkeep]
|-damage|p1a: Snorlax|60/100|[from] Sandstorm
|-damage|p2a: Fargo|94/100|[from] Sandstorm
|-heal|p1a: Snorlax|66/100|[from] item: Leftovers
|-heal|p2a: Fargo|100/100|[from] item: Leftovers
|upkeep
|turn|5
|inactive|tycarter has 270 seconds left.
|
|t:|1729393529
|-singleturn|p2a: Fargo|move: Focus Punch
|move|p1a: Snorlax|Body Slam|p2a: Fargo
|-damage|p2a: Fargo|68/100
|move|p2a: Fargo|Focus Punch||[still]
|cant|p2a: Fargo|Focus Punch|Focus Punch
|
|-weather|Sandstorm|[upkeep]
|-damage|p1a: Snorlax|60/100|[from] Sandstorm
|-damage|p2a: Fargo|62/100|[from] Sandstorm
|-heal|p1a: Snorlax|66/100|[from] item: Leftovers
|-heal|p2a: Fargo|68/100|[from] item: Leftovers
|upkeep
|turn|6
|inactive|tycarter has 270 seconds left.
|
|t:|1729393541
|switch|p1a: Jirachi|Jirachi|100/100
|move|p2a: Fargo|Body Slam|p1a: Jirachi
|-resisted|p1a: Jirachi
|-damage|p1a: Jirachi|86/100
|-status|p1a: Jirachi|par
|
|-weather|Sandstorm|[upkeep]
|-damage|p2a: Fargo|62/100|[from] Sandstorm
|-heal|p2a: Fargo|68/100|[from] item: Leftovers
|-heal|p1a: Jirachi|92/100 par|[from] item: Leftovers
|upkeep
|turn|7
|
|t:|1729393552
|-singleturn|p2a: Fargo|move: Focus Punch
|cant|p1a: Jirachi|par
|move|p2a: Fargo|Focus Punch|p1a: Jirachi
|-crit|p1a: Jirachi
|-damage|p1a: Jirachi|20/100 par
|
|-weather|Sandstorm|[upkeep]
|-damage|p2a: Fargo|62/100|[from] Sandstorm
|-heal|p2a: Fargo|68/100|[from] item: Leftovers
|-heal|p1a: Jirachi|26/100 par|[from] item: Leftovers
|upkeep
|turn|8
|inactive|tycarter has 270 seconds left.
|inactive|Garpachi has 270 seconds left.
|
|t:|1729393586
|-singleturn|p2a: Fargo|move: Focus Punch
|move|p1a: Jirachi|Protect|p1a: Jirachi
|-singleturn|p1a: Jirachi|Protect
|move|p2a: Fargo|Focus Punch|p1a: Jirachi
|-activate|p1a: Jirachi|Protect
|
|-weather|Sandstorm|[upkeep]
|-damage|p2a: Fargo|62/100|[from] Sandstorm
|-heal|p2a: Fargo|68/100|[from] item: Leftovers
|-heal|p1a: Jirachi|33/100 par|[from] item: Leftovers
|upkeep
|turn|9
|inactive|tycarter has 270 seconds left.
|
|t:|1729393598
|move|p2a: Fargo|Body Slam|p1a: Jirachi
|-resisted|p1a: Jirachi
|-damage|p1a: Jirachi|19/100 par
|move|p1a: Jirachi|Fire Punch|p2a: Fargo
|-damage|p2a: Fargo|59/100
|
|-weather|Sandstorm|[upkeep]
|-damage|p2a: Fargo|53/100|[from] Sandstorm
|-heal|p2a: Fargo|59/100|[from] item: Leftovers
|-heal|p1a: Jirachi|25/100 par|[from] item: Leftovers
|upkeep
|turn|10
|
|t:|1729393614
|switch|p2a: New Orleans|Cloyster, M|100/100
|move|p1a: Jirachi|Wish|p1a: Jirachi
|
|-weather|Sandstorm|[upkeep]
|-damage|p2a: New Orleans|94/100|[from] Sandstorm
|-heal|p2a: New Orleans|100/100|[from] item: Leftovers
|-heal|p1a: Jirachi|31/100 par|[from] item: Leftovers
|upkeep
|turn|11
|
|t:|1729393624
|move|p2a: New Orleans|Spikes|p1a: Jirachi
|-sidestart|p1: tycarter|Spikes
|move|p1a: Jirachi|Toxic|p2a: New Orleans
|-status|p2a: New Orleans|tox
|
|-heal|p1a: Jirachi|81/100 par|[from] move: Wish|[wisher] Jirachi
|-weather|Sandstorm|[upkeep]
|-damage|p2a: New Orleans|94/100 tox|[from] Sandstorm
|-heal|p2a: New Orleans|100/100 tox|[from] item: Leftovers
|-damage|p2a: New Orleans|94/100 tox|[from] psn
|-heal|p1a: Jirachi|87/100 par|[from] item: Leftovers
|upkeep
|turn|12
|
|t:|1729393637
|move|p2a: New Orleans|Surf|p1a: Jirachi
|-damage|p1a: Jirachi|68/100 par
|move|p1a: Jirachi|Wish|p1a: Jirachi
|
|-weather|Sandstorm|[upkeep]
|-damage|p2a: New Orleans|88/100 tox|[from] Sandstorm
|-heal|p2a: New Orleans|94/100 tox|[from] item: Leftovers
|-damage|p2a: New Orleans|82/100 tox|[from] psn
|-heal|p1a: Jirachi|74/100 par|[from] item: Leftovers
|upkeep
|turn|13
|
|t:|1729393646
|move|p2a: New Orleans|Spikes|p1a: Jirachi
|-sidestart|p1: tycarter|Spikes
|move|p1a: Jirachi|Fire Punch|p2a: New Orleans
|-damage|p2a: New Orleans|52/100 tox
|
|-heal|p1a: Jirachi|100/100 par|[from] move: Wish|[wisher] Jirachi
|-weather|Sandstorm|[upkeep]
|-damage|p2a: New Orleans|46/100 tox|[from] Sandstorm
|-heal|p2a: New Orleans|52/100 tox|[from] item: Leftovers
|-damage|p2a: New Orleans|34/100 tox|[from] psn
|upkeep
|turn|14
|inactive|Garpachi has 270 seconds left.
|
|t:|1729393663
|move|p2a: New Orleans|Spikes|p1a: Jirachi
|-sidestart|p1: tycarter|Spikes
|move|p1a: Jirachi|Wish|p1a: Jirachi
|
|-weather|Sandstorm|[upkeep]
|-damage|p2a: New Orleans|28/100 tox|[from] Sandstorm
|-heal|p2a: New Orleans|34/100 tox|[from] item: Leftovers
|-damage|p2a: New Orleans|9/100 tox|[from] psn
|upkeep
|turn|15
|inactive|Garpachi has 270 seconds left.
|
|t:|1729393671
|switch|p2a: Denver|Tyranitar, F|100/100
|move|p1a: Jirachi|Fire Punch|p2a: Denver
|-resisted|p2a: Denver
|-damage|p2a: Denver|92/100
|
|-weather|Sandstorm|[upkeep]
|upkeep
|turn|16
|inactive|Garpachi has 270 seconds left.
|
|t:|1729393684
|switch|p1a: Salamence|Salamence, M|100/100
|-ability|p1a: Salamence|Intimidate|boost
|-unboost|p2a: Denver|atk|1
|move|p2a: Denver|Rock Slide|p1a: Salamence
|-supereffective|p1a: Salamence
|-damage|p1a: Salamence|0 fnt
|faint|p1a: Salamence
|
|t:|1729393688
|switch|p1a: Claydol|Claydol|100/100
|
|-weather|Sandstorm|[upkeep]
|upkeep
|turn|17
|inactive|Garpachi has 270 seconds left.
|inactive|Garpachi has 240 seconds left.
|
|t:|1729393737
|move|p2a: Denver|Rock Slide|p1a: Claydol
|-resisted|p1a: Claydol
|-damage|p1a: Claydol|79/100
|cant|p1a: Claydol|flinch
|
|-weather|Sandstorm|[upkeep]
|-heal|p1a: Claydol|85/100|[from] item: Leftovers
|upkeep
|turn|18
|inactive|Garpachi has 240 seconds left.
|
|t:|1729393750
|switch|p2a: Orlando|Swampert, F|100/100
|move|p1a: Claydol|Rapid Spin|p2a: Orlando
|-damage|p2a: Orlando|97/100
|-sideend|p1: tycarter|Spikes|[from] move: Rapid Spin|[of] p1a: Claydol
|
|-weather|Sandstorm|[upkeep]
|-heal|p1a: Claydol|91/100|[from] item: Leftovers
|-heal|p2a: Orlando|100/100|[from] item: Leftovers
|upkeep
|turn|19
|
|t:|1729393758
|switch|p1a: Suicune|Suicune|100/100
|move|p2a: Orlando|Earthquake|p1a: Suicune
|-damage|p1a: Suicune|80/100
|
|-weather|Sandstorm|[upkeep]
|-damage|p1a: Suicune|74/100|[from] Sandstorm
|-heal|p1a: Suicune|80/100|[from] item: Leftovers
|upkeep
|turn|20
|
|t:|1729393767
|switch|p2a: New Orleans|Cloyster, M|9/100 tox
|move|p1a: Suicune|Surf|p2a: New Orleans
|-resisted|p2a: New Orleans
|-damage|p2a: New Orleans|0 fnt
|faint|p2a: New Orleans
|
|t:|1729393774
|switch|p2a: Las Vegas|Jolteon, F|100/100
|
|-weather|Sandstorm|[upkeep]
|-damage|p2a: Las Vegas|94/100|[from] Sandstorm
|-damage|p1a: Suicune|74/100|[from] Sandstorm
|-heal|p2a: Las Vegas|100/100|[from] item: Leftovers
|-heal|p1a: Suicune|80/100|[from] item: Leftovers
|upkeep
|turn|21
|
|t:|1729393782
|switch|p1a: Jirachi|Jirachi|100/100 par
|move|p2a: Las Vegas|Substitute|p2a: Las Vegas
|-start|p2a: Las Vegas|Substitute
|-damage|p2a: Las Vegas|76/100
|
|-weather|Sandstorm|[upkeep]
|-damage|p2a: Las Vegas|69/100|[from] Sandstorm
|-heal|p2a: Las Vegas|76/100|[from] item: Leftovers
|upkeep
|turn|22
|
|t:|1729393790
|move|p2a: Las Vegas|Baton Pass|p2a: Las Vegas
|
|t:|1729393800
|switch|p2a: Denver|Tyranitar, F|92/100|[from] Baton Pass
|move|p1a: Jirachi|Wish|p1a: Jirachi
|
|-weather|Sandstorm|[upkeep]
|upkeep
|turn|23
|
|t:|1729393810
|-singleturn|p2a: Denver|move: Focus Punch
|switch|p1a: Suicune|Suicune|80/100
|move|p2a: Denver|Focus Punch|p1a: Suicune
|-damage|p1a: Suicune|35/100
|
|-heal|p1a: Suicune|85/100|[from] move: Wish|[wisher] Jirachi
|-weather|Sandstorm|[upkeep]
|-damage|p1a: Suicune|79/100|[from] Sandstorm
|-heal|p1a: Suicune|85/100|[from] item: Leftovers
|upkeep
|turn|24
|inactive|Garpachi has 270 seconds left.
|
|t:|1729393827
|-singleturn|p2a: Denver|move: Focus Punch
|move|p1a: Suicune|Surf|p2a: Denver
|-supereffective|p2a: Denver
|-end|p2a: Denver|Substitute
|move|p2a: Denver|Focus Punch|p1a: Suicune
|-damage|p1a: Suicune|35/100
|
|-weather|Sandstorm|[upkeep]
|-damage|p1a: Suicune|29/100|[from] Sandstorm
|-heal|p1a: Suicune|35/100|[from] item: Leftovers
|upkeep
|turn|25
|inactive|Garpachi has 270 seconds left.
|
|t:|1729393841
|switch|p2a: Fargo|Snorlax, F|59/100
|move|p1a: Suicune|Rest|p1a: Suicune
|-status|p1a: Suicune|slp|[from] move: Rest
|-heal|p1a: Suicune|100/100 slp|[silent]
|
|-weather|Sandstorm|[upkeep]
|-damage|p1a: Suicune|94/100 slp|[from] Sandstorm
|-damage|p2a: Fargo|53/100|[from] Sandstorm
|-heal|p1a: Suicune|100/100 slp|[from] item: Leftovers
|-heal|p2a: Fargo|59/100|[from] item: Leftovers
|upkeep
|turn|26
|inactive|Garpachi has 270 seconds left.
|
|t:|1729393876
|switch|p1a: Jirachi|Jirachi|100/100 par
|switch|p2a: Orlando|Swampert, F|100/100
|
|-weather|Sandstorm|[upkeep]
|upkeep
|turn|27
|
|t:|1729393891
|switch|p1a: Suicune|Suicune|100/100 slp
|move|p2a: Orlando|Earthquake|p1a: Suicune
|-damage|p1a: Suicune|80/100 slp
|
|-weather|Sandstorm|[upkeep]
|-damage|p1a: Suicune|74/100 slp|[from] Sandstorm
|-heal|p1a: Suicune|80/100 slp|[from] item: Leftovers
|upkeep
|turn|28
|
|t:|1729393900
|switch|p2a: Fargo|Snorlax, F|59/100
|cant|p1a: Suicune|slp
|
|-weather|Sandstorm|[upkeep]
|-damage|p1a: Suicune|74/100 slp|[from] Sandstorm
|-damage|p2a: Fargo|53/100|[from] Sandstorm
|-heal|p1a: Suicune|80/100 slp|[from] item: Leftovers
|-heal|p2a: Fargo|59/100|[from] item: Leftovers
|upkeep
|turn|29
|
|t:|1729393908
|-singleturn|p2a: Fargo|move: Focus Punch
|switch|p1a: Jirachi|Jirachi|100/100 par
|move|p2a: Fargo|Focus Punch|p1a: Jirachi
|-damage|p1a: Jirachi|67/100 par
|
|-weather|Sandstorm|[upkeep]
|-damage|p2a: Fargo|53/100|[from] Sandstorm
|-heal|p2a: Fargo|59/100|[from] item: Leftovers
|-heal|p1a: Jirachi|73/100 par|[from] item: Leftovers
|upkeep
|turn|30
|
|t:|1729393933
|move|p2a: Fargo|Self-Destruct|p1a: Jirachi
|-resisted|p1a: Jirachi
|-damage|p1a: Jirachi|0 fnt
|faint|p2a: Fargo
|faint|p1a: Jirachi
|inactive|Garpachi has 240 seconds left.
|inactive|tycarter has 270 seconds left.
|inactive|tycarter has 240 seconds left.
|inactive|Garpachi has 210 seconds left.
|
|t:|1729394015
|switch|p1a: Snorlax|Snorlax, F|66/100
|switch|p2a: Denver|Tyranitar, F|92/100
|
|-weather|Sandstorm|[upkeep]
|-damage|p1a: Snorlax|60/100|[from] Sandstorm
|-heal|p1a: Snorlax|66/100|[from] item: Leftovers
|upkeep
|turn|31
|inactive|Garpachi has 210 seconds left.
|
|t:|1729394053
|move|p2a: Denver|Rock Slide|p1a: Snorlax
|-damage|p1a: Snorlax|2/100
|cant|p1a: Snorlax|flinch
|
|-weather|Sandstorm|[upkeep]
|-damage|p1a: Snorlax|0 fnt|[from] Sandstorm
|faint|p1a: Snorlax
|upkeep
|
|t:|1729394057
|switch|p1a: Claydol|Claydol|91/100
|turn|32
|
|t:|1729394072
|switch|p2a: Orlando|Swampert, F|100/100
|move|p1a: Claydol|Earthquake|p2a: Orlando
|-damage|p2a: Orlando|77/100
|
|-weather|Sandstorm|[upkeep]
|-heal|p1a: Claydol|97/100|[from] item: Leftovers
|-heal|p2a: Orlando|83/100|[from] item: Leftovers
|upkeep
|turn|33
|
|t:|1729394085
|switch|p1a: Suicune|Suicune|80/100 slp
|switch|p2a: Denver|Tyranitar, F|92/100
|
|-weather|Sandstorm|[upkeep]
|-damage|p1a: Suicune|74/100 slp|[from] Sandstorm
|-heal|p1a: Suicune|80/100 slp|[from] item: Leftovers
|upkeep
|turn|34
|
|t:|1729394093
|move|p2a: Denver|Rock Slide|p1a: Suicune
|-damage|p1a: Suicune|45/100 slp
|cant|p1a: Suicune|slp
|move|p1a: Suicune|Sleep Talk|p1a: Suicune
|move|p1a: Suicune|Calm Mind|p1a: Suicune|[from]Sleep Talk
|-boost|p1a: Suicune|spa|1
|-boost|p1a: Suicune|spd|1
|
|-weather|Sandstorm|[upkeep]
|-damage|p1a: Suicune|39/100 slp|[from] Sandstorm
|-heal|p1a: Suicune|45/100 slp|[from] item: Leftovers
|upkeep
|turn|35
|
|t:|1729394104
|move|p2a: Denver|Rock Slide|p1a: Suicune
|-damage|p1a: Suicune|8/100 slp
|-curestatus|p1a: Suicune|slp|[msg]
|cant|p1a: Suicune|flinch
|
|-weather|Sandstorm|[upkeep]
|-damage|p1a: Suicune|2/100|[from] Sandstorm
|-heal|p1a: Suicune|8/100|[from] item: Leftovers
|upkeep
|turn|36
|c|☆Garpachi|these flinches are rough
|c|☆tycarter|so fucking good
|inactive|tycarter has 240 seconds left.
|
|t:|1729394125
|switch|p1a: Claydol|Claydol|97/100
|move|p2a: Denver|Rock Slide|p1a: Claydol
|-resisted|p1a: Claydol
|-damage|p1a: Claydol|64/100
|
|-weather|Sandstorm|[upkeep]
|-heal|p1a: Claydol|70/100|[from] item: Leftovers
|upkeep
|turn|37
|inactive|tycarter has 240 seconds left.
|inactive|Garpachi has 180 seconds left.
|
|t:|1729394160
|switch|p2a: Orlando|Swampert, F|83/100
|switch|p1a: Suicune|Suicune|8/100
|
|-weather|Sandstorm|[upkeep]
|-damage|p1a: Suicune|2/100|[from] Sandstorm
|-heal|p1a: Suicune|8/100|[from] item: Leftovers
|-heal|p2a: Orlando|90/100|[from] item: Leftovers
|upkeep
|turn|38
|inactive|Garpachi has 180 seconds left.
|
|t:|1729394170
|switch|p2a: Las Vegas|Jolteon, F|76/100
|move|p1a: Suicune|Rest|p1a: Suicune
|-status|p1a: Suicune|slp|[from] move: Rest
|-heal|p1a: Suicune|100/100 slp|[silent]
|
|-weather|Sandstorm|[upkeep]
|-damage|p2a: Las Vegas|69/100|[from] Sandstorm
|-damage|p1a: Suicune|94/100 slp|[from] Sandstorm
|-heal|p2a: Las Vegas|76/100|[from] item: Leftovers
|-heal|p1a: Suicune|100/100 slp|[from] item: Leftovers
|upkeep
|turn|39
|inactive|Garpachi has 180 seconds left.
|inactive|tycarter has 240 seconds left.
|
|t:|1729394200
|switch|p1a: Tyranitar|Tyranitar, M|100/100
|move|p2a: Las Vegas|Substitute|p2a: Las Vegas
|-start|p2a: Las Vegas|Substitute
|-damage|p2a: Las Vegas|51/100
|
|-weather|Sandstorm|[upkeep]
|-damage|p2a: Las Vegas|45/100|[from] Sandstorm
|-heal|p2a: Las Vegas|51/100|[from] item: Leftovers
|upkeep
|turn|40
|inactive|Garpachi has 180 seconds left.
|
|t:|1729394237
|move|p2a: Las Vegas|Thunderbolt|p1a: Tyranitar
|-crit|p1a: Tyranitar
|-damage|p1a: Tyranitar|28/100
|move|p1a: Tyranitar|Earthquake|p2a: Las Vegas
|-supereffective|p2a: Las Vegas
|-crit|p2a: Las Vegas
|-end|p2a: Las Vegas|Substitute
|
|-weather|Sandstorm|[upkeep]
|-damage|p2a: Las Vegas|45/100|[from] Sandstorm
|-heal|p2a: Las Vegas|51/100|[from] item: Leftovers
|-heal|p1a: Tyranitar|34/100|[from] item: Leftovers
|upkeep
|turn|41
|inactive|tycarter has 240 seconds left.
|inactive|Garpachi has 150 seconds left.
|inactive|tycarter has 210 seconds left.
|inactive|Garpachi has 120 seconds left.
|
|t:|1729394288
|switch|p1a: Claydol|Claydol|70/100
|move|p2a: Las Vegas|Baton Pass|p2a: Las Vegas
|inactive|Garpachi has 120 seconds left.
|
|t:|1729394297
|switch|p2a: Denver|Tyranitar, F|92/100|[from] Baton Pass
|
|-weather|Sandstorm|[upkeep]
|-heal|p1a: Claydol|77/100|[from] item: Leftovers
|upkeep
|turn|42
|inactive|tycarter has 210 seconds left.
|
|t:|1729394307
|switch|p1a: Suicune|Suicune|100/100 slp
|move|p2a: Denver|Hidden Power|p1a: Suicune
|-damage|p1a: Suicune|79/100 slp
|
|-weather|Sandstorm|[upkeep]
|-damage|p1a: Suicune|73/100 slp|[from] Sandstorm
|-heal|p1a: Suicune|79/100 slp|[from] item: Leftovers
|upkeep
|turn|43
|inactive|tycarter has 210 seconds left.
|
|t:|1729394324
|switch|p2a: Orlando|Swampert, F|90/100
|cant|p1a: Suicune|slp
|move|p1a: Suicune|Sleep Talk|p1a: Suicune
|move|p1a: Suicune|Rest|p1a: Suicune|[from]Sleep Talk
|
|-weather|Sandstorm|[upkeep]
|-damage|p1a: Suicune|73/100 slp|[from] Sandstorm
|-heal|p1a: Suicune|79/100 slp|[from] item: Leftovers
|-heal|p2a: Orlando|96/100|[from] item: Leftovers
|upkeep
|turn|44
|
|t:|1729394333
|cant|p1a: Suicune|slp
|move|p1a: Suicune|Sleep Talk|p1a: Suicune
|move|p1a: Suicune|Surf|p2a: Orlando|[from]Sleep Talk
|-damage|p2a: Orlando|68/100
|move|p2a: Orlando|Roar|p1a: Suicune
|drag|p1a: Claydol|Claydol|77/100
|
|-weather|Sandstorm|[upkeep]
|-heal|p1a: Claydol|83/100|[from] item: Leftovers
|-heal|p2a: Orlando|74/100|[from] item: Leftovers
|upkeep
|turn|45
|
|t:|1729394349
|switch|p1a: Suicune|Suicune|79/100 slp
|move|p2a: Orlando|Ice Beam|p1a: Suicune
|-resisted|p1a: Suicune
|-damage|p1a: Suicune|73/100 slp
|
|-weather|Sandstorm|[upkeep]
|-damage|p1a: Suicune|67/100 slp|[from] Sandstorm
|-heal|p1a: Suicune|73/100 slp|[from] item: Leftovers
|-heal|p2a: Orlando|80/100|[from] item: Leftovers
|upkeep
|turn|46
|
|t:|1729394358
|cant|p1a: Suicune|slp
|move|p2a: Orlando|Roar|p1a: Suicune
|drag|p1a: Claydol|Claydol|83/100
|
|-weather|Sandstorm|[upkeep]
|-heal|p1a: Claydol|89/100|[from] item: Leftovers
|-heal|p2a: Orlando|87/100|[from] item: Leftovers
|upkeep
|turn|47
|inactive|Garpachi has 120 seconds left.
|
|t:|1729394384
|switch|p1a: Suicune|Suicune|73/100 slp
|move|p2a: Orlando|Roar|p1a: Suicune
|drag|p1a: Claydol|Claydol|89/100
|
|-weather|Sandstorm|[upkeep]
|-heal|p1a: Claydol|95/100|[from] item: Leftovers
|-heal|p2a: Orlando|93/100|[from] item: Leftovers
|upkeep
|turn|48
|
|t:|1729394394
|switch|p1a: Suicune|Suicune|73/100 slp
|switch|p2a: Denver|Tyranitar, F|92/100
|
|-weather|Sandstorm|[upkeep]
|-damage|p1a: Suicune|67/100 slp|[from] Sandstorm
|-heal|p1a: Suicune|73/100 slp|[from] item: Leftovers
|upkeep
|turn|49
|
|t:|1729394412
|switch|p1a: Claydol|Claydol|95/100
|move|p2a: Denver|Rock Slide|p1a: Claydol
|-resisted|p1a: Claydol
|-damage|p1a: Claydol|64/100
|
|-weather|Sandstorm|[upkeep]
|-heal|p1a: Claydol|70/100|[from] item: Leftovers
|upkeep
|turn|50
|
|t:|1729394421
|move|p2a: Denver|Rock Slide|p1a: Claydol
|-resisted|p1a: Claydol
|-damage|p1a: Claydol|39/100
|move|p1a: Claydol|Earthquake|p2a: Denver
|-supereffective|p2a: Denver
|-damage|p2a: Denver|23/100
|
|-weather|Sandstorm|[upkeep]
|-heal|p1a: Claydol|45/100|[from] item: Leftovers
|upkeep
|turn|51
|
|t:|1729394431
|switch|p2a: Salt Lake City|Aerodactyl, F|100/100
|move|p1a: Claydol|Earthquake|p2a: Salt Lake City
|-immune|p2a: Salt Lake City
|
|-weather|Sandstorm|[upkeep]
|-heal|p1a: Claydol|52/100|[from] item: Leftovers
|upkeep
|turn|52
|inactive|tycarter has 270 seconds left.
|
|t:|1729394460
|switch|p1a: Tyranitar|Tyranitar, M|34/100
|move|p2a: Salt Lake City|Rock Slide|p1a: Tyranitar
|-damage|p1a: Tyranitar|0 fnt
|faint|p1a: Tyranitar
|
|t:|1729394468
|switch|p1a: Suicune|Suicune|73/100 slp
|
|-weather|Sandstorm|[upkeep]
|-damage|p1a: Suicune|67/100 slp|[from] Sandstorm
|-heal|p1a: Suicune|73/100 slp|[from] item: Leftovers
|upkeep
|turn|53
|
|t:|1729394476
|move|p2a: Salt Lake City|Rock Slide|p1a: Suicune
|-damage|p1a: Suicune|44/100 slp
|cant|p1a: Suicune|slp
|move|p1a: Suicune|Sleep Talk|p1a: Suicune
|move|p1a: Suicune|Calm Mind|p1a: Suicune|[from]Sleep Talk
|-boost|p1a: Suicune|spa|1
|-boost|p1a: Suicune|spd|1
|
|-weather|Sandstorm|[upkeep]
|-damage|p1a: Suicune|38/100 slp|[from] Sandstorm
|-heal|p1a: Suicune|44/100 slp|[from] item: Leftovers
|upkeep
|turn|54
|
|t:|1729394487
|move|p2a: Salt Lake City|Rock Slide|p1a: Suicune
|-damage|p1a: Suicune|14/100 slp
|-curestatus|p1a: Suicune|slp|[msg]
|move|p1a: Suicune|Rest|p1a: Suicune
|-status|p1a: Suicune|slp|[from] move: Rest
|-heal|p1a: Suicune|100/100 slp|[silent]
|
|-weather|Sandstorm|[upkeep]
|-damage|p1a: Suicune|94/100 slp|[from] Sandstorm
|-heal|p1a: Suicune|100/100 slp|[from] item: Leftovers
|upkeep
|turn|55
|
|t:|1729394510
|switch|p2a: Orlando|Swampert, F|93/100
|cant|p1a: Suicune|slp
|move|p1a: Suicune|Sleep Talk|p1a: Suicune
|move|p1a: Suicune|Surf|p2a: Orlando|[from]Sleep Talk
|-damage|p2a: Orlando|53/100
|
|-weather|Sandstorm|[upkeep]
|-damage|p1a: Suicune|94/100 slp|[from] Sandstorm
|-heal|p1a: Suicune|100/100 slp|[from] item: Leftovers
|-heal|p2a: Orlando|60/100|[from] item: Leftovers
|upkeep
|turn|56
|
|t:|1729394520
|cant|p1a: Suicune|slp
|move|p2a: Orlando|Roar|p1a: Suicune
|drag|p1a: Claydol|Claydol|52/100
|
|-weather|Sandstorm|[upkeep]
|-heal|p1a: Claydol|58/100|[from] item: Leftovers
|-heal|p2a: Orlando|66/100|[from] item: Leftovers
|upkeep
|turn|57
|
|t:|1729394530
|switch|p1a: Suicune|Suicune|100/100 slp
|move|p2a: Orlando|Ice Beam|p1a: Suicune
|-resisted|p1a: Suicune
|-damage|p1a: Suicune|93/100 slp
|
|-weather|Sandstorm|[upkeep]
|-damage|p1a: Suicune|87/100 slp|[from] Sandstorm
|-heal|p1a: Suicune|93/100 slp|[from] item: Leftovers
|-heal|p2a: Orlando|72/100|[from] item: Leftovers
|upkeep
|turn|58
|inactive|Garpachi has 150 seconds left.
|
|t:|1729394539
|-curestatus|p1a: Suicune|slp|[msg]
|move|p1a: Suicune|Surf|p2a: Orlando
|-damage|p2a: Orlando|45/100
|move|p2a: Orlando|Roar|p1a: Suicune
|drag|p1a: Claydol|Claydol|58/100
|
|-weather|Sandstorm|[upkeep]
|-heal|p1a: Claydol|64/100|[from] item: Leftovers
|-heal|p2a: Orlando|51/100|[from] item: Leftovers
|upkeep
|turn|59
|inactive|Garpachi has 150 seconds left.
|
|t:|1729394552
|switch|p1a: Suicune|Suicune|93/100
|move|p2a: Orlando|Roar|p1a: Suicune
|drag|p1a: Claydol|Claydol|64/100
|
|-weather|Sandstorm|[upkeep]
|-heal|p1a: Claydol|70/100|[from] item: Leftovers
|-heal|p2a: Orlando|57/100|[from] item: Leftovers
|upkeep
|turn|60
|
|t:|1729394559
|switch|p1a: Suicune|Suicune|93/100
|switch|p2a: Las Vegas|Jolteon, F|51/100
|
|-weather|Sandstorm|[upkeep]
|-damage|p2a: Las Vegas|45/100|[from] Sandstorm
|-damage|p1a: Suicune|87/100|[from] Sandstorm
|-heal|p2a: Las Vegas|51/100|[from] item: Leftovers
|-heal|p1a: Suicune|93/100|[from] item: Leftovers
|upkeep
|turn|61
|inactive|Garpachi has 150 seconds left.
|
|t:|1729394591
|switch|p1a: Claydol|Claydol|70/100
|move|p2a: Las Vegas|Hidden Power|p1a: Claydol
|-supereffective|p1a: Claydol
|-damage|p1a: Claydol|33/100
|
|-weather|Sandstorm|[upkeep]
|-damage|p2a: Las Vegas|45/100|[from] Sandstorm
|-heal|p2a: Las Vegas|51/100|[from] item: Leftovers
|-heal|p1a: Claydol|40/100|[from] item: Leftovers
|upkeep
|turn|62
|
|t:|1729394606
|move|p2a: Las Vegas|Baton Pass|p2a: Las Vegas
|
|t:|1729394613
|switch|p2a: Orlando|Swampert, F|57/100|[from] Baton Pass
|move|p1a: Claydol|Earthquake|p2a: Orlando
|-damage|p2a: Orlando|32/100
|
|-weather|Sandstorm|[upkeep]
|-heal|p1a: Claydol|46/100|[from] item: Leftovers
|-heal|p2a: Orlando|38/100|[from] item: Leftovers
|upkeep
|turn|63
|
|t:|1729394621
|switch|p1a: Suicune|Suicune|93/100
|switch|p2a: Salt Lake City|Aerodactyl, F|100/100
|
|-weather|Sandstorm|[upkeep]
|-damage|p1a: Suicune|87/100|[from] Sandstorm
|-heal|p1a: Suicune|93/100|[from] item: Leftovers
|upkeep
|turn|64
|
|t:|1729394629
|move|p2a: Salt Lake City|Rock Slide|p1a: Suicune
|-damage|p1a: Suicune|63/100
|move|p1a: Suicune|Calm Mind|p1a: Suicune
|-boost|p1a: Suicune|spa|1
|-boost|p1a: Suicune|spd|1
|
|-weather|Sandstorm|[upkeep]
|-damage|p1a: Suicune|57/100|[from] Sandstorm
|-heal|p1a: Suicune|63/100|[from] item: Leftovers
|upkeep
|turn|65
|inactive|Garpachi has 150 seconds left.
|
|t:|1729394639
|move|p2a: Salt Lake City|Rock Slide|p1a: Suicune
|-damage|p1a: Suicune|35/100
|move|p1a: Suicune|Rest|p1a: Suicune
|-status|p1a: Suicune|slp|[from] move: Rest
|-heal|p1a: Suicune|100/100 slp|[silent]
|
|-weather|Sandstorm|[upkeep]
|-damage|p1a: Suicune|94/100 slp|[from] Sandstorm
|-heal|p1a: Suicune|100/100 slp|[from] item: Leftovers
|upkeep
|turn|66
|inactive|Garpachi has 150 seconds left.
|
|t:|1729394652
|move|p2a: Salt Lake City|Rock Slide|p1a: Suicune
|-damage|p1a: Suicune|71/100 slp
|cant|p1a: Suicune|slp
|move|p1a: Suicune|Sleep Talk|p1a: Suicune
|move|p1a: Suicune|Surf|p2a: Salt Lake City|[from]Sleep Talk
|-supereffective|p2a: Salt Lake City
|-damage|p2a: Salt Lake City|0 fnt
|faint|p2a: Salt Lake City
|inactive|Garpachi has 150 seconds left.
|
|t:|1729394660
|switch|p2a: Orlando|Swampert, F|38/100
|
|-weather|Sandstorm|[upkeep]
|-damage|p1a: Suicune|65/100 slp|[from] Sandstorm
|-heal|p1a: Suicune|71/100 slp|[from] item: Leftovers
|-heal|p2a: Orlando|44/100|[from] item: Leftovers
|upkeep
|turn|67
|
|t:|1729394667
|cant|p1a: Suicune|slp
|move|p2a: Orlando|Roar|p1a: Suicune
|drag|p1a: Claydol|Claydol|46/100
|
|-weather|Sandstorm|[upkeep]
|-heal|p1a: Claydol|52/100|[from] item: Leftovers
|-heal|p2a: Orlando|51/100|[from] item: Leftovers
|upkeep
|turn|68
|
|t:|1729394681
|switch|p1a: Suicune|Suicune|71/100 slp
|move|p2a: Orlando|Roar|p1a: Suicune
|drag|p1a: Claydol|Claydol|52/100
|
|-weather|Sandstorm|[upkeep]
|-heal|p1a: Claydol|58/100|[from] item: Leftovers
|-heal|p2a: Orlando|57/100|[from] item: Leftovers
|upkeep
|turn|69
|
|t:|1729394706
|switch|p1a: Suicune|Suicune|71/100 slp
|move|p2a: Orlando|Ice Beam|p1a: Suicune
|-resisted|p1a: Suicune
|-damage|p1a: Suicune|64/100 slp
|
|-weather|Sandstorm|[upkeep]
|-damage|p1a: Suicune|58/100 slp|[from] Sandstorm
|-heal|p1a: Suicune|64/100 slp|[from] item: Leftovers
|-heal|p2a: Orlando|63/100|[from] item: Leftovers
|upkeep
|turn|70
|
|t:|1729394715
|-curestatus|p1a: Suicune|slp|[msg]
|move|p1a: Suicune|Surf|p2a: Orlando
|-damage|p2a: Orlando|36/100
|move|p2a: Orlando|Roar|p1a: Suicune
|drag|p1a: Claydol|Claydol|58/100
|
|-weather|Sandstorm|[upkeep]
|-heal|p1a: Claydol|64/100|[from] item: Leftovers
|-heal|p2a: Orlando|42/100|[from] item: Leftovers
|upkeep
|turn|71
|inactive|Garpachi has 150 seconds left.
|inactive|tycarter has 270 seconds left.
|
|t:|1729394766
|switch|p1a: Suicune|Suicune|64/100
|move|p2a: Orlando|Ice Beam|p1a: Suicune
|-resisted|p1a: Suicune
|-damage|p1a: Suicune|58/100
|-status|p1a: Suicune|frz
|
|-weather|Sandstorm|[upkeep]
|-damage|p1a: Suicune|52/100 frz|[from] Sandstorm
|-heal|p1a: Suicune|58/100 frz|[from] item: Leftovers
|-heal|p2a: Orlando|49/100|[from] item: Leftovers
|upkeep
|turn|72
|inactive|Garpachi has 150 seconds left.
|c|☆tycarter|oh ffs
|
|t:|1729394776
|switch|p2a: Denver|Tyranitar, F|23/100
|cant|p1a: Suicune|frz
|
|-weather|Sandstorm|[upkeep]
|-damage|p1a: Suicune|52/100 frz|[from] Sandstorm
|-heal|p1a: Suicune|58/100 frz|[from] item: Leftovers
|upkeep
|turn|73
|inactive|Garpachi has 150 seconds left.
|
|t:|1729394784
|move|p2a: Denver|Hidden Power|p1a: Suicune
|-damage|p1a: Suicune|36/100 frz
|-curestatus|p1a: Suicune|frz|[msg]
|move|p1a: Suicune|Surf|p2a: Denver
|-supereffective|p2a: Denver
|-damage|p2a: Denver|0 fnt
|faint|p2a: Denver
|inactive|Garpachi has 150 seconds left.
|
|t:|1729394791
|switch|p2a: Las Vegas|Jolteon, F|51/100
|
|-weather|Sandstorm|[upkeep]
|-damage|p2a: Las Vegas|45/100|[from] Sandstorm
|-damage|p1a: Suicune|29/100|[from] Sandstorm
|-heal|p2a: Las Vegas|51/100|[from] item: Leftovers
|-heal|p1a: Suicune|36/100|[from] item: Leftovers
|upkeep
|turn|74
|inactive|tycarter has 270 seconds left.
|
|t:|1729394831
|move|p2a: Las Vegas|Hidden Power|p1a: Suicune
|-supereffective|p1a: Suicune
|-damage|p1a: Suicune|4/100
|move|p1a: Suicune|Surf|p2a: Las Vegas
|-damage|p2a: Las Vegas|12/100
|
|-weather|Sandstorm|[upkeep]
|-damage|p2a: Las Vegas|5/100|[from] Sandstorm
|-damage|p1a: Suicune|0 fnt|[from] Sandstorm
|faint|p1a: Suicune
|-heal|p2a: Las Vegas|12/100|[from] item: Leftovers
|upkeep
|
|t:|1729394833
|switch|p1a: Claydol|Claydol|64/100
|turn|75
|
|t:|1729394842
|move|p2a: Las Vegas|Hidden Power|p1a: Claydol
|-supereffective|p1a: Claydol
|-damage|p1a: Claydol|26/100
|move|p1a: Claydol|Earthquake|p2a: Las Vegas
|-supereffective|p2a: Las Vegas
|-damage|p2a: Las Vegas|0 fnt
|faint|p2a: Las Vegas
|
|t:|1729394849
|switch|p2a: Orlando|Swampert, F|49/100
|
|-weather|Sandstorm|[upkeep]
|-heal|p1a: Claydol|32/100|[from] item: Leftovers
|-heal|p2a: Orlando|55/100|[from] item: Leftovers
|upkeep
|turn|76
|inactive|tycarter has 270 seconds left.
|
|t:|1729394871
|move|p2a: Orlando|Protect|p2a: Orlando
|-singleturn|p2a: Orlando|Protect
|move|p1a: Claydol|Earthquake|p2a: Orlando
|-activate|p2a: Orlando|Protect
|
|-weather|Sandstorm|[upkeep]
|-heal|p1a: Claydol|38/100|[from] item: Leftovers
|-heal|p2a: Orlando|61/100|[from] item: Leftovers
|upkeep
|turn|77
|
|t:|1729394879
|move|p2a: Orlando|Protect|p2a: Orlando
|-singleturn|p2a: Orlando|Protect
|move|p1a: Claydol|Explosion|p2a: Orlando
|-activate|p2a: Orlando|Protect
|faint|p1a: Claydol
|
|win|Garpachi
|c|☆tycarter|.
|c|☆tycarter|/log tycarter made the replay of this battle unlisted.

</script>
<script type="application/json" class="data" id="replaydata-smogtours-gen3ou-800259">
{"id":"smogtours-gen3ou-800259","format":"[Gen 3] OU","players":["tycarter","Garpachi"],"uploadtime":1729394879,"views":104,"formatid":"gen3ou","rating":null,"private":1,"password":null}
</script>

<script defer src="js/replays.js?9d40a366"></script>
