<!DOCTYPE html>
<meta charset="utf-8" />
<meta name="viewport" content="width=device-width" />

<title>[Gen 3] OU: bebra322 vs. woeishuen - Replays - Pok&eacute;mon Showdown!</title>

<meta name="description" content="Watch a replay of a Pok&eacute;mon battle between bebra322 and woeishuen! Format: [Gen 3] OU; Date: Oct 5, 2024" />
<!--

Hey, you! Looking in the source for the replay log?

You can find them in JSON format, just add `.json` at the end of a replay URL.

https://replay.pokemonshowdown.com/gen7randomdoublesbattle-865046831.json

Or, if you only need the log itself, add `.log` instead:

https://replay.pokemonshowdown.com/gen7randomdoublesbattle-865046831.log

-->

<link rel="stylesheet" href="//pokemonshowdown.com/style/global.css?0.767286132409787" />
<link rel="stylesheet" href="//play.pokemonshowdown.com/style/font-awesome.css?0.9266228007934947" />
<link rel="stylesheet" href="//play.pokemonshowdown.com/style/battle.css?0.7924700842790926" />
<link rel="stylesheet" href="//play.pokemonshowdown.com/style/utilichart.css?0.8777417872839479" />

<!-- Global site tag (gtag.js) - Google Analytics -->
<script async src="https://www.googletagmanager.com/gtag/js?id=UA-26211653-1"></script>
<script>
  window.dataLayer = window.dataLayer || [];
  function gtag(){dataLayer.push(arguments);}
  gtag('js', new Date());

  gtag('config', 'UA-26211653-1');
</script>
<!-- End Google Analytics -->
<!-- Venatus Ad Manager - Install in <HEAD> of page -->
	<script src="https://hb.vntsm.com/v3/live/ad-manager.min.js" type="text/javascript" data-site-id="642aba63ec9a7b11c3c9c1be" data-mode="scan" async></script>
<!-- / Venatus Ad Manager -->

<style>
	@media (max-width:820px) {
		.battle {
			margin: 0 auto;
		}
		.battle-log {
			margin: 7px auto 0;
			max-width: 640px;
			height: 300px;
			position: static;
		}
	}
	.optgroup {
		display: inline-block;
		line-height: 22px;
		font-size: 10pt;
	}
	.optgroup .button {
		height: 25px;
		padding-top: 0;
		padding-bottom: 0;
	}
	.optgroup button.button {
		padding-left: 12px;
		padding-right: 12px;
	}
	.linklist {
		list-style: none;
		margin: 0.5em 0;
		padding: 0;
	}
	.linklist li {
		padding: 2px 0;
	}
	.sidebar {
		float: left;
		width: 320px;
	}
	.bar-wrapper {
		max-width: 1100px;
		margin: 0 auto;
	}
	.bar-wrapper.has-sidebar {
		max-width: 1430px;
	}
	.mainbar {
		margin: 0;
		padding-right: 1px;
	}
	.mainbar.has-sidebar {
		margin-left: 330px;
	}
	@media (min-width: 1511px) {
		.sidebar {
			width: 400px;
		}
		.bar-wrapper.has-sidebar {
			max-width: 1510px;
		}
		.mainbar.has-sidebar {
			margin-left: 410px;
		}
	}
	.section.first-section {
		margin-top: 9px;
	}
	.blocklink small {
		white-space: normal;
	}
	.button {
		vertical-align: middle;
	}
	.replay-controls {
		padding-top: 10px;
	}
	.replay-controls h1 {
		font-size: 16pt;
		font-weight: normal;
		color: #CCC;
	}
	.pagelink {
		text-align: center;
	}
	.pagelink a {
		width: 150px;
	}
	.textbox, .button {
		font-size: 11pt;
		vertical-align: middle;
	}
	@media (max-width: 450px) {
		.button {
			font-size: 9pt;
		}
	}
</style>

<div>

	<header>
		<div class="nav-wrapper"><ul class="nav">
			<li><a class="button nav-first" href="//pokemonshowdown.com/"><img src="//pokemonshowdown.com/images/pokemonshowdownbeta.png" srcset="//pokemonshowdown.com/images/pokemonshowdownbeta.png 1x, //pokemonshowdown.com/images/pokemonshowdownbeta@2x.png 2x" alt="Pok&eacute;mon Showdown" width="146" height="44" /> Home</a></li>
			<li><a class="button" href="//pokemonshowdown.com/dex/">Pok&eacute;dex</a></li>
			<li><a class="button cur" href="/">Replays</a></li>
			<li><a class="button" href="//pokemonshowdown.com/ladder/">Ladder</a></li>
			<li><a class="button nav-last" href="//pokemonshowdown.com/forums/">Forum</a></li>
			<li><a class="button greenbutton nav-first nav-last" href="//play.pokemonshowdown.com/">Play</a></li>
		</ul></div>
	</header>

	<div class="main" id="main">

		<noscript><section class="section">You need to enable JavaScript to use this page; sorry!</section></noscript>

	</div>

</div>

<script defer nomodule src="//play.pokemonshowdown.com/js/lib/ps-polyfill.js"></script>
<script defer src="//play.pokemonshowdown.com/js/lib/preact.min.js"></script>

<script defer src="//play.pokemonshowdown.com/config/config.js?6dec07f6"></script>
<script defer src="//play.pokemonshowdown.com/js/lib/jquery-1.11.0.min.js"></script>
<script defer src="//play.pokemonshowdown.com/js/lib/html-sanitizer-minified.js"></script>
<script defer src="//play.pokemonshowdown.com/js/battle-sound.js"></script>
<script defer src="//play.pokemonshowdown.com/js/battledata.js?0.6315294753075389"></script>
<script defer src="//play.pokemonshowdown.com/data/pokedex-mini.js?0.7603743185311358"></script>
<script defer src="//play.pokemonshowdown.com/data/pokedex-mini-bw.js?0.030888842834281283"></script>
<script defer src="//play.pokemonshowdown.com/data/graphics.js?0.05593094747507488"></script>
<script defer src="//play.pokemonshowdown.com/data/pokedex.js?0.47064822249611904"></script>
<script defer src="//play.pokemonshowdown.com/data/moves.js?0.8583693120512459"></script>
<script defer src="//play.pokemonshowdown.com/data/abilities.js?0.16017181182386842"></script>
<script defer src="//play.pokemonshowdown.com/data/items.js?0.4163379185673943"></script>
<script defer src="//play.pokemonshowdown.com/data/teambuilder-tables.js?0.31075597372830477"></script>
<script defer src="//play.pokemonshowdown.com/js/battle-tooltips.js?0.6536193500708172"></script>
<script defer src="//play.pokemonshowdown.com/js/battle.js?0.1916591943277901"></script>

<script defer src="js/utils.js?e31f9a17"></script>
<script defer src="js/replays-battle.js?7008c182"></script>

<!-- don't scrape this data! just add .json or .log after the URL!
Full API docs: https://github.com/smogon/pokemon-showdown-client/blob/master/WEB-API.md -->
<script type="text/plain" class="log" id="replaylog-smogtours-gen3ou-794861">
|inactive|Battle timer is ON: inactive players will automatically lose when time's up.
|t:|1728126554
|gametype|singles
|player|p1|bebra322|266|
|player|p2|woeishuen|102|
|teamsize|p1|6
|teamsize|p2|6
|gen|3
|tier|[Gen 3] OU
|rule|Sleep Clause Mod: Limit one foe put to sleep
|rule|Switch Priority Clause Mod: Faster Pokémon switch first
|rule|Species Clause: Limit one of each Pokémon
|rule|OHKO Clause: OHKO moves are banned
|rule|Evasion Items Clause: Evasion items are banned
|rule|Evasion Moves Clause: Evasion moves are banned
|rule|Endless Battle Clause: Forcing endless battles is banned
|rule|HP Percentage Mod: HP is shown in percentages
|rule|One Boost Passer Clause: Limit one Baton Passer that has a way to boost its stats
|rule|Freeze Clause Mod: Limit one foe frozen
|
|t:|1728126555
|start
|switch|p1a: Zapdos|Zapdos|100/100
|switch|p2a: Medicham|Medicham, F|100/100
|turn|1
|inactive|bebra322 has 270 seconds left.
|
|t:|1728126610
|switch|p1a: Suicune|Suicune|100/100
|move|p2a: Medicham|Baton Pass|p2a: Medicham
|
|t:|1728126620
|switch|p2a: Swampert|Swampert, F|100/100|[from] Baton Pass
|
|upkeep
|turn|2
|
|t:|1728126626
|switch|p1a: Celebi|Celebi|100/100
|move|p2a: Swampert|Toxic|p1a: Celebi|[miss]
|-miss|p2a: Swampert|p1a: Celebi
|
|upkeep
|turn|3
|
|t:|1728126639
|switch|p2a: Aerodactyl|Aerodactyl, M|100/100
|move|p1a: Celebi|Leech Seed|p2a: Aerodactyl
|-start|p2a: Aerodactyl|move: Leech Seed
|
|-damage|p2a: Aerodactyl|88/100|[from] Leech Seed|[of] p1a: Celebi
|upkeep
|turn|4
|
|t:|1728126665
|switch|p1a: Donphan|Donphan, F|100/100
|move|p2a: Aerodactyl|Rock Slide|p1a: Donphan
|-resisted|p1a: Donphan
|-damage|p1a: Donphan|82/100
|
|-damage|p2a: Aerodactyl|76/100|[from] Leech Seed|[of] p1a: Donphan
|-heal|p1a: Donphan|93/100|[silent]
|upkeep
|turn|5
|inactive|bebra322 has 270 seconds left.
|
|t:|1728126680
|switch|p2a: Medicham|Medicham, F|100/100
|switch|p1a: Celebi|Celebi|100/100
|
|upkeep
|turn|6
|inactive|bebra322 has 270 seconds left.
|
|t:|1728126714
|move|p2a: Medicham|Shadow Ball|p1a: Celebi
|-supereffective|p1a: Celebi
|-crit|p1a: Celebi
|-damage|p1a: Celebi|0 fnt
|faint|p1a: Celebi
|inactive|bebra322 has 240 seconds left.
|
|t:|1728126736
|switch|p1a: Skarmory|Skarmory, M|100/100
|
|upkeep
|turn|7
|
|t:|1728126741
|switch|p2a: Gyarados|Gyarados, M|100/100
|-ability|p2a: Gyarados|Intimidate|boost
|-unboost|p1a: Skarmory|atk|1
|move|p1a: Skarmory|Spikes|p2a: Gyarados
|-sidestart|p2: woeishuen|Spikes
|
|upkeep
|turn|8
|
|t:|1728126755
|move|p2a: Gyarados|Taunt|p1a: Skarmory
|-start|p1a: Skarmory|move: Taunt
|cant|p1a: Skarmory|move: Taunt|Toxic
|
|upkeep
|turn|9
|
|t:|1728126768
|switch|p2a: Tyranitar|Tyranitar, F|100/100
|-damage|p2a: Tyranitar|88/100|[from] Spikes
|-weather|Sandstorm|[from] ability: Sand Stream|[of] p2a: Tyranitar
|switch|p1a: Donphan|Donphan, F|93/100
|
|-weather|Sandstorm|[upkeep]
|upkeep
|turn|10
|inactive|bebra322 has 240 seconds left.
|inactive|woeishuen has 270 seconds left.
|
|t:|1728126802
|switch|p2a: Aerodactyl|Aerodactyl, M|76/100
|move|p1a: Donphan|Earthquake|p2a: Aerodactyl
|-immune|p2a: Aerodactyl
|
|-weather|Sandstorm|[upkeep]
|upkeep
|turn|11
|
|t:|1728126810
|switch|p1a: Suicune|Suicune|100/100
|move|p2a: Aerodactyl|Hidden Power|p1a: Suicune
|-damage|p1a: Suicune|76/100
|
|-weather|Sandstorm|[upkeep]
|-damage|p1a: Suicune|70/100|[from] Sandstorm
|-heal|p1a: Suicune|76/100|[from] item: Leftovers
|upkeep
|turn|12
|
|t:|1728126820
|switch|p2a: Gyarados|Gyarados, M|100/100
|-ability|p2a: Gyarados|Intimidate|boost
|-unboost|p1a: Suicune|atk|1
|switch|p1a: Zapdos|Zapdos|100/100
|
|-weather|Sandstorm|[upkeep]
|-damage|p1a: Zapdos|94/100|[from] Sandstorm
|-damage|p2a: Gyarados|94/100|[from] Sandstorm
|-heal|p1a: Zapdos|100/100|[from] item: Leftovers
|-heal|p2a: Gyarados|100/100|[from] item: Leftovers
|upkeep
|turn|13
|
|t:|1728126828
|switch|p2a: Swampert|Swampert, F|100/100
|-damage|p2a: Swampert|88/100|[from] Spikes
|move|p1a: Zapdos|Thunderbolt|p2a: Swampert
|-immune|p2a: Swampert
|
|-weather|Sandstorm|[upkeep]
|-damage|p1a: Zapdos|94/100|[from] Sandstorm
|-heal|p1a: Zapdos|100/100|[from] item: Leftovers
|-heal|p2a: Swampert|94/100|[from] item: Leftovers
|upkeep
|turn|14
|
|t:|1728126852
|switch|p2a: Magneton|Magneton|100/100
|-damage|p2a: Magneton|88/100|[from] Spikes
|move|p1a: Zapdos|Hidden Power|p2a: Magneton
|-resisted|p2a: Magneton
|-damage|p2a: Magneton|62/100
|
|-weather|Sandstorm|[upkeep]
|-damage|p1a: Zapdos|94/100|[from] Sandstorm
|-heal|p1a: Zapdos|100/100|[from] item: Leftovers
|upkeep
|turn|15
|inactive|bebra322 has 240 seconds left.
|inactive|woeishuen has 270 seconds left.
|
|t:|1728126889
|switch|p1a: Donphan|Donphan, F|93/100
|switch|p2a: Tyranitar|Tyranitar, F|88/100
|-damage|p2a: Tyranitar|76/100|[from] Spikes
|
|-weather|Sandstorm|[upkeep]
|upkeep
|turn|16
|
|t:|1728126905
|move|p2a: Tyranitar|Dragon Dance|p2a: Tyranitar
|-boost|p2a: Tyranitar|atk|1
|-boost|p2a: Tyranitar|spe|1
|move|p1a: Donphan|Hidden Power|p2a: Tyranitar
|-supereffective|p2a: Tyranitar
|-damage|p2a: Tyranitar|23/100
|
|-weather|Sandstorm|[upkeep]
|upkeep
|turn|17
|
|t:|1728126914
|move|p2a: Tyranitar|Earthquake|p1a: Donphan
|-damage|p1a: Donphan|56/100
|move|p1a: Donphan|Hidden Power|p2a: Tyranitar
|-supereffective|p2a: Tyranitar
|-damage|p2a: Tyranitar|0 fnt
|faint|p2a: Tyranitar
|
|t:|1728126921
|switch|p2a: Gyarados|Gyarados, M|100/100
|-ability|p2a: Gyarados|Intimidate|boost
|-unboost|p1a: Donphan|atk|1
|
|-weather|Sandstorm|[upkeep]
|-damage|p2a: Gyarados|94/100|[from] Sandstorm
|-heal|p2a: Gyarados|100/100|[from] item: Leftovers
|upkeep
|turn|18
|inactive|bebra322 has 210 seconds left.
|
|t:|1728126955
|switch|p1a: Zapdos|Zapdos|100/100
|move|p2a: Gyarados|Hidden Power|p1a: Zapdos
|-supereffective|p1a: Zapdos
|-damage|p1a: Zapdos|38/100
|
|-weather|Sandstorm|[upkeep]
|-damage|p1a: Zapdos|32/100|[from] Sandstorm
|-damage|p2a: Gyarados|94/100|[from] Sandstorm
|-heal|p1a: Zapdos|38/100|[from] item: Leftovers
|-heal|p2a: Gyarados|100/100|[from] item: Leftovers
|upkeep
|turn|19
|inactive|bebra322 has 210 seconds left.
|
|t:|1728126966
|switch|p1a: Donphan|Donphan, F|56/100
|switch|p2a: Swampert|Swampert, F|94/100
|-damage|p2a: Swampert|82/100|[from] Spikes
|
|-weather|Sandstorm|[upkeep]
|-heal|p2a: Swampert|88/100|[from] item: Leftovers
|upkeep
|turn|20
|inactive|bebra322 has 210 seconds left.
|
|t:|1728126999
|switch|p1a: Skarmory|Skarmory, M|100/100
|move|p2a: Swampert|Surf|p1a: Skarmory
|-damage|p1a: Skarmory|73/100
|
|-weather|Sandstorm|[upkeep]
|-heal|p1a: Skarmory|79/100|[from] item: Leftovers
|-heal|p2a: Swampert|94/100|[from] item: Leftovers
|upkeep
|turn|21
|
|t:|1728127009
|switch|p2a: Medicham|Medicham, F|100/100
|-damage|p2a: Medicham|88/100|[from] Spikes
|move|p1a: Skarmory|Roar|p2a: Medicham
|drag|p2a: Aerodactyl|Aerodactyl, M|76/100
|
|-weather|Sandstorm|[upkeep]
|-heal|p1a: Skarmory|85/100|[from] item: Leftovers
|upkeep
|turn|22
|
|t:|1728127016
|switch|p2a: Magneton|Magneton|62/100
|-damage|p2a: Magneton|49/100|[from] Spikes
|switch|p1a: Donphan|Donphan, F|56/100
|
|-weather|Sandstorm|[upkeep]
|upkeep
|turn|23
|
|t:|1728127027
|move|p2a: Magneton|Toxic|p1a: Donphan
|-status|p1a: Donphan|tox
|move|p1a: Donphan|Rock Slide|p2a: Magneton
|-resisted|p2a: Magneton
|-damage|p2a: Magneton|21/100
|
|-weather|Sandstorm|[upkeep]
|-damage|p1a: Donphan|50/100 tox|[from] psn
|upkeep
|turn|24
|
|t:|1728127053
|switch|p2a: Aerodactyl|Aerodactyl, M|76/100
|move|p1a: Donphan|Rock Slide|p2a: Aerodactyl
|-supereffective|p2a: Aerodactyl
|-damage|p2a: Aerodactyl|0 fnt
|faint|p2a: Aerodactyl
|
|t:|1728127059
|switch|p2a: Medicham|Medicham, F|88/100
|-damage|p2a: Medicham|76/100|[from] Spikes
|
|-weather|Sandstorm|[upkeep]
|-damage|p2a: Medicham|70/100|[from] Sandstorm
|-damage|p1a: Donphan|38/100 tox|[from] psn
|upkeep
|turn|25
|
|t:|1728127078
|move|p2a: Medicham|Brick Break|p1a: Donphan
|-damage|p1a: Donphan|0 fnt
|faint|p1a: Donphan
|
|t:|1728127084
|switch|p1a: Zapdos|Zapdos|38/100
|
|-weather|Sandstorm|[upkeep]
|-damage|p1a: Zapdos|32/100|[from] Sandstorm
|-damage|p2a: Medicham|64/100|[from] Sandstorm
|-heal|p1a: Zapdos|38/100|[from] item: Leftovers
|upkeep
|turn|26
|
|t:|1728127087
|move|p1a: Zapdos|Thunderbolt|p2a: Medicham
|-damage|p2a: Medicham|0 fnt
|faint|p2a: Medicham
|
|t:|1728127091
|switch|p2a: Swampert|Swampert, F|94/100
|-damage|p2a: Swampert|82/100|[from] Spikes
|
|-weather|Sandstorm|[upkeep]
|-damage|p1a: Zapdos|32/100|[from] Sandstorm
|-heal|p1a: Zapdos|38/100|[from] item: Leftovers
|-heal|p2a: Swampert|88/100|[from] item: Leftovers
|upkeep
|turn|27
|
|t:|1728127115
|switch|p1a: Skarmory|Skarmory, M|85/100
|move|p2a: Swampert|Surf|p1a: Skarmory
|-damage|p1a: Skarmory|60/100
|
|-weather|Sandstorm|[upkeep]
|-heal|p1a: Skarmory|66/100|[from] item: Leftovers
|-heal|p2a: Swampert|94/100|[from] item: Leftovers
|upkeep
|turn|28
|
|t:|1728127121
|switch|p2a: Gyarados|Gyarados, M|100/100
|-ability|p2a: Gyarados|Intimidate|boost
|-unboost|p1a: Skarmory|atk|1
|move|p1a: Skarmory|Spikes|p2a: Gyarados
|-sidestart|p2: woeishuen|Spikes
|
|-weather|Sandstorm|[upkeep]
|-damage|p2a: Gyarados|94/100|[from] Sandstorm
|-heal|p2a: Gyarados|100/100|[from] item: Leftovers
|-heal|p1a: Skarmory|72/100|[from] item: Leftovers
|upkeep
|turn|29
|
|t:|1728127135
|move|p2a: Gyarados|Dragon Dance|p2a: Gyarados
|-boost|p2a: Gyarados|atk|1
|-boost|p2a: Gyarados|spe|1
|move|p1a: Skarmory|Roar|p2a: Gyarados
|drag|p2a: Magneton|Magneton|21/100
|-damage|p2a: Magneton|4/100|[from] Spikes
|
|-weather|Sandstorm|[upkeep]
|-heal|p1a: Skarmory|78/100|[from] item: Leftovers
|upkeep
|turn|30
|
|t:|1728127142
|move|p2a: Magneton|Thunderbolt|p1a: Skarmory
|-supereffective|p1a: Skarmory
|-damage|p1a: Skarmory|0 fnt
|faint|p1a: Skarmory
|
|t:|1728127146
|switch|p1a: Zapdos|Zapdos|38/100
|
|-weather|Sandstorm|[upkeep]
|-damage|p1a: Zapdos|32/100|[from] Sandstorm
|-heal|p1a: Zapdos|38/100|[from] item: Leftovers
|upkeep
|turn|31
|
|t:|1728127149
|move|p1a: Zapdos|Thunderbolt|p2a: Magneton
|-resisted|p2a: Magneton
|-crit|p2a: Magneton
|-damage|p2a: Magneton|0 fnt
|faint|p2a: Magneton
|
|t:|1728127152
|switch|p2a: Swampert|Swampert, F|94/100
|-damage|p2a: Swampert|78/100|[from] Spikes
|
|-weather|Sandstorm|[upkeep]
|-damage|p1a: Zapdos|32/100|[from] Sandstorm
|-heal|p1a: Zapdos|38/100|[from] item: Leftovers
|-heal|p2a: Swampert|84/100|[from] item: Leftovers
|upkeep
|turn|32
|
|t:|1728127156
|move|p1a: Zapdos|Hidden Power|p2a: Swampert
|-supereffective|p2a: Swampert
|-damage|p2a: Swampert|4/100
|move|p2a: Swampert|Surf|p1a: Zapdos
|-damage|p1a: Zapdos|0 fnt
|faint|p1a: Zapdos
|
|t:|1728127179
|switch|p1a: Suicune|Suicune|76/100
|
|-weather|Sandstorm|[upkeep]
|-damage|p1a: Suicune|70/100|[from] Sandstorm
|-heal|p1a: Suicune|76/100|[from] item: Leftovers
|-heal|p2a: Swampert|11/100|[from] item: Leftovers
|upkeep
|turn|33
|
|t:|1728127191
|move|p1a: Suicune|Calm Mind|p1a: Suicune
|-boost|p1a: Suicune|spa|1
|-boost|p1a: Suicune|spd|1
|move|p2a: Swampert|Toxic|p1a: Suicune|[miss]
|-miss|p2a: Swampert|p1a: Suicune
|
|-weather|Sandstorm|[upkeep]
|-damage|p1a: Suicune|70/100|[from] Sandstorm
|-heal|p1a: Suicune|76/100|[from] item: Leftovers
|-heal|p2a: Swampert|17/100|[from] item: Leftovers
|upkeep
|turn|34
|
|t:|1728127199
|move|p1a: Suicune|Surf|p2a: Swampert
|-damage|p2a: Swampert|0 fnt
|faint|p2a: Swampert
|
|t:|1728127201
|switch|p2a: Gyarados|Gyarados, M|100/100
|-ability|p2a: Gyarados|Intimidate|boost
|-unboost|p1a: Suicune|atk|1
|
|-weather|Sandstorm|[upkeep]
|-damage|p2a: Gyarados|94/100|[from] Sandstorm
|-damage|p1a: Suicune|70/100|[from] Sandstorm
|-heal|p2a: Gyarados|100/100|[from] item: Leftovers
|-heal|p1a: Suicune|76/100|[from] item: Leftovers
|upkeep
|turn|35
|
|t:|1728127213
|move|p2a: Gyarados|Dragon Dance|p2a: Gyarados
|-boost|p2a: Gyarados|atk|1
|-boost|p2a: Gyarados|spe|1
|move|p1a: Suicune|Calm Mind|p1a: Suicune
|-boost|p1a: Suicune|spa|1
|-boost|p1a: Suicune|spd|1
|
|-weather|Sandstorm|[upkeep]
|-damage|p2a: Gyarados|94/100|[from] Sandstorm
|-damage|p1a: Suicune|70/100|[from] Sandstorm
|-heal|p2a: Gyarados|100/100|[from] item: Leftovers
|-heal|p1a: Suicune|76/100|[from] item: Leftovers
|upkeep
|turn|36
|
|t:|1728127226
|move|p2a: Gyarados|Dragon Dance|p2a: Gyarados
|-boost|p2a: Gyarados|atk|1
|-boost|p2a: Gyarados|spe|1
|move|p1a: Suicune|Calm Mind|p1a: Suicune
|-boost|p1a: Suicune|spa|1
|-boost|p1a: Suicune|spd|1
|
|-weather|Sandstorm|[upkeep]
|-damage|p2a: Gyarados|94/100|[from] Sandstorm
|-damage|p1a: Suicune|70/100|[from] Sandstorm
|-heal|p2a: Gyarados|100/100|[from] item: Leftovers
|-heal|p1a: Suicune|76/100|[from] item: Leftovers
|upkeep
|turn|37
|
|t:|1728127231
|move|p2a: Gyarados|Earthquake|p1a: Suicune
|-damage|p1a: Suicune|33/100
|move|p1a: Suicune|Surf|p2a: Gyarados
|-resisted|p2a: Gyarados
|-damage|p2a: Gyarados|64/100
|
|-weather|Sandstorm|[upkeep]
|-damage|p2a: Gyarados|58/100|[from] Sandstorm
|-damage|p1a: Suicune|27/100|[from] Sandstorm
|-heal|p2a: Gyarados|64/100|[from] item: Leftovers
|-heal|p1a: Suicune|33/100|[from] item: Leftovers
|upkeep
|turn|38
|inactive|bebra322 has 240 seconds left.
|
|t:|1728127236
|move|p2a: Gyarados|Earthquake|p1a: Suicune
|-damage|p1a: Suicune|0 fnt
|faint|p1a: Suicune
|
|t:|1728127238
|switch|p1a: Tyranitar|Tyranitar, M|100/100
|
|-weather|Sandstorm|[upkeep]
|-damage|p2a: Gyarados|58/100|[from] Sandstorm
|-heal|p2a: Gyarados|64/100|[from] item: Leftovers
|upkeep
|turn|39
|
|t:|1728127244
|move|p2a: Gyarados|Earthquake|p1a: Tyranitar
|-supereffective|p1a: Tyranitar
|-damage|p1a: Tyranitar|0 fnt
|faint|p1a: Tyranitar
|
|win|woeishuen
|c|☆bebra322|gg
|c|☆woeishuen|gg

</script>
<script type="application/json" class="data" id="replaydata-smogtours-gen3ou-794861">
{"id":"smogtours-gen3ou-794861","format":"[Gen 3] OU","players":["bebra322","woeishuen"],"uploadtime":1728127244,"views":103,"formatid":"gen3ou","rating":null,"private":0,"password":null}
</script>

<script defer src="js/replays.js?9d40a366"></script>
