<!DOCTYPE html>
<meta charset="utf-8" />
<meta name="viewport" content="width=device-width" />

<title>[Gen 3] OU: wiilink100 vs. Rainer2424 - Replays - Pok&eacute;mon Showdown!</title>

<meta name="description" content="Watch a replay of a Pok&eacute;mon battle between wiilink100 and Rainer2424! Format: [Gen 3] OU; Date: Oct 22, 2024" />
<!--

Hey, you! Looking in the source for the replay log?

You can find them in JSON format, just add `.json` at the end of a replay URL.

https://replay.pokemonshowdown.com/gen7randomdoublesbattle-865046831.json

Or, if you only need the log itself, add `.log` instead:

https://replay.pokemonshowdown.com/gen7randomdoublesbattle-865046831.log

-->

<link rel="stylesheet" href="//pokemonshowdown.com/style/global.css?0.023195364461161105" />
<link rel="stylesheet" href="//play.pokemonshowdown.com/style/font-awesome.css?0.13261647063804238" />
<link rel="stylesheet" href="//play.pokemonshowdown.com/style/battle.css?0.8753245789963631" />
<link rel="stylesheet" href="//play.pokemonshowdown.com/style/utilichart.css?0.8627959624976733" />

<!-- Global site tag (gtag.js) - Google Analytics -->
<script async src="https://www.googletagmanager.com/gtag/js?id=UA-26211653-1"></script>
<script>
  window.dataLayer = window.dataLayer || [];
  function gtag(){dataLayer.push(arguments);}
  gtag('js', new Date());

  gtag('config', 'UA-26211653-1');
</script>
<!-- End Google Analytics -->
<!-- Venatus Ad Manager - Install in <HEAD> of page -->
	<script src="https://hb.vntsm.com/v3/live/ad-manager.min.js" type="text/javascript" data-site-id="642aba63ec9a7b11c3c9c1be" data-mode="scan" async></script>
<!-- / Venatus Ad Manager -->

<style>
	@media (max-width:820px) {
		.battle {
			margin: 0 auto;
		}
		.battle-log {
			margin: 7px auto 0;
			max-width: 640px;
			height: 300px;
			position: static;
		}
	}
	.optgroup {
		display: inline-block;
		line-height: 22px;
		font-size: 10pt;
	}
	.optgroup .button {
		height: 25px;
		padding-top: 0;
		padding-bottom: 0;
	}
	.optgroup button.button {
		padding-left: 12px;
		padding-right: 12px;
	}
	.linklist {
		list-style: none;
		margin: 0.5em 0;
		padding: 0;
	}
	.linklist li {
		padding: 2px 0;
	}
	.sidebar {
		float: left;
		width: 320px;
	}
	.bar-wrapper {
		max-width: 1100px;
		margin: 0 auto;
	}
	.bar-wrapper.has-sidebar {
		max-width: 1430px;
	}
	.mainbar {
		margin: 0;
		padding-right: 1px;
	}
	.mainbar.has-sidebar {
		margin-left: 330px;
	}
	@media (min-width: 1511px) {
		.sidebar {
			width: 400px;
		}
		.bar-wrapper.has-sidebar {
			max-width: 1510px;
		}
		.mainbar.has-sidebar {
			margin-left: 410px;
		}
	}
	.section.first-section {
		margin-top: 9px;
	}
	.blocklink small {
		white-space: normal;
	}
	.button {
		vertical-align: middle;
	}
	.replay-controls {
		padding-top: 10px;
	}
	.replay-controls h1 {
		font-size: 16pt;
		font-weight: normal;
		color: #CCC;
	}
	.pagelink {
		text-align: center;
	}
	.pagelink a {
		width: 150px;
	}
	.textbox, .button {
		font-size: 11pt;
		vertical-align: middle;
	}
	@media (max-width: 450px) {
		.button {
			font-size: 9pt;
		}
	}
</style>

<div>

	<header>
		<div class="nav-wrapper"><ul class="nav">
			<li><a class="button nav-first" href="//pokemonshowdown.com/"><img src="//pokemonshowdown.com/images/pokemonshowdownbeta.png" srcset="//pokemonshowdown.com/images/pokemonshowdownbeta.png 1x, //pokemonshowdown.com/images/pokemonshowdownbeta@2x.png 2x" alt="Pok&eacute;mon Showdown" width="146" height="44" /> Home</a></li>
			<li><a class="button" href="//pokemonshowdown.com/dex/">Pok&eacute;dex</a></li>
			<li><a class="button cur" href="/">Replays</a></li>
			<li><a class="button" href="//pokemonshowdown.com/ladder/">Ladder</a></li>
			<li><a class="button nav-last" href="//pokemonshowdown.com/forums/">Forum</a></li>
			<li><a class="button greenbutton nav-first nav-last" href="//play.pokemonshowdown.com/">Play</a></li>
		</ul></div>
	</header>

	<div class="main" id="main">

		<noscript><section class="section">You need to enable JavaScript to use this page; sorry!</section></noscript>

	</div>

</div>

<script defer nomodule src="//play.pokemonshowdown.com/js/lib/ps-polyfill.js"></script>
<script defer src="//play.pokemonshowdown.com/js/lib/preact.min.js"></script>

<script defer src="//play.pokemonshowdown.com/config/config.js?2bddbc15"></script>
<script defer src="//play.pokemonshowdown.com/js/lib/jquery-1.11.0.min.js"></script>
<script defer src="//play.pokemonshowdown.com/js/lib/html-sanitizer-minified.js"></script>
<script defer src="//play.pokemonshowdown.com/js/battle-sound.js"></script>
<script defer src="//play.pokemonshowdown.com/js/battledata.js?0.7209276989879541"></script>
<script defer src="//play.pokemonshowdown.com/data/pokedex-mini.js?0.6111056340867951"></script>
<script defer src="//play.pokemonshowdown.com/data/pokedex-mini-bw.js?0.3532142036491459"></script>
<script defer src="//play.pokemonshowdown.com/data/graphics.js?0.24223875632456182"></script>
<script defer src="//play.pokemonshowdown.com/data/pokedex.js?0.38839984266356864"></script>
<script defer src="//play.pokemonshowdown.com/data/moves.js?0.21866028504024015"></script>
<script defer src="//play.pokemonshowdown.com/data/abilities.js?0.2005157953846628"></script>
<script defer src="//play.pokemonshowdown.com/data/items.js?0.9894211263848525"></script>
<script defer src="//play.pokemonshowdown.com/data/teambuilder-tables.js?0.6008791140282215"></script>
<script defer src="//play.pokemonshowdown.com/js/battle-tooltips.js?0.7580118955022959"></script>
<script defer src="//play.pokemonshowdown.com/js/battle.js?0.6057722274234274"></script>

<script defer src="js/utils.js?e31f9a17"></script>
<script defer src="js/replays-battle.js?7008c182"></script>

<!-- don't scrape this data! just add .json or .log after the URL!
Full API docs: https://github.com/smogon/pokemon-showdown-client/blob/master/WEB-API.md -->
<script type="text/plain" class="log" id="replaylog-smogtours-gen3ou-801236">
|inactive|Battle timer is ON: inactive players will automatically lose when time's up.
|t:|1729623841
|gametype|singles
|player|p1|wiilink100|266|
|player|p2|Rainer2424|265|
|teamsize|p1|6
|teamsize|p2|6
|gen|3
|tier|[Gen 3] OU
|rule|Sleep Clause Mod: Limit one foe put to sleep
|rule|Switch Priority Clause Mod: Faster Pokémon switch first
|rule|Species Clause: Limit one of each Pokémon
|rule|OHKO Clause: OHKO moves are banned
|rule|Evasion Items Clause: Evasion items are banned
|rule|Evasion Moves Clause: Evasion moves are banned
|rule|Endless Battle Clause: Forcing endless battles is banned
|rule|HP Percentage Mod: HP is shown in percentages
|rule|One Boost Passer Clause: Limit one Baton Passer that has a way to boost its stats
|rule|Freeze Clause Mod: Limit one foe frozen
|
|t:|1729623841
|start
|switch|p1a: Tyranitar|Tyranitar, M|100/100
|switch|p2a: So What|Metagross|100/100
|-weather|Sandstorm|[from] ability: Sand Stream|[of] p1a: Tyranitar
|turn|1
|c|☆Rainer2424|Good luck
|
|t:|1729623849
|switch|p1a: Skarmory|Skarmory, M|100/100
|move|p2a: So What|Explosion|p1a: Skarmory
|-resisted|p1a: Skarmory
|-damage|p1a: Skarmory|0 fnt
|faint|p2a: So What
|faint|p1a: Skarmory
|
|t:|1729623860
|switch|p2a: Freddie Freeloader|Snorlax, M, shiny|100/100
|switch|p1a: Milotic|Milotic, F|100/100
|
|-weather|Sandstorm|[upkeep]
|-damage|p1a: Milotic|94/100|[from] Sandstorm
|-damage|p2a: Freddie Freeloader|94/100|[from] Sandstorm
|-heal|p1a: Milotic|100/100|[from] item: Leftovers
|-heal|p2a: Freddie Freeloader|100/100|[from] item: Leftovers
|upkeep
|turn|2
|
|t:|1729623879
|switch|p1a: Tyranitar|Tyranitar, M|100/100
|move|p2a: Freddie Freeloader|Body Slam|p1a: Tyranitar
|-resisted|p1a: Tyranitar
|-damage|p1a: Tyranitar|85/100
|
|-weather|Sandstorm|[upkeep]
|-damage|p2a: Freddie Freeloader|94/100|[from] Sandstorm
|-heal|p1a: Tyranitar|91/100|[from] item: Leftovers
|-heal|p2a: Freddie Freeloader|100/100|[from] item: Leftovers
|upkeep
|turn|3
|
|t:|1729623891
|move|p1a: Tyranitar|Rock Slide|p2a: Freddie Freeloader
|-damage|p2a: Freddie Freeloader|66/100
|cant|p2a: Freddie Freeloader|flinch
|
|-weather|Sandstorm|[upkeep]
|-damage|p2a: Freddie Freeloader|60/100|[from] Sandstorm
|-heal|p1a: Tyranitar|98/100|[from] item: Leftovers
|-heal|p2a: Freddie Freeloader|66/100|[from] item: Leftovers
|upkeep
|turn|4
|
|t:|1729623898
|switch|p2a: Kind of Blue|Magneton|100/100
|move|p1a: Tyranitar|Rock Slide|p2a: Kind of Blue
|-resisted|p2a: Kind of Blue
|-damage|p2a: Kind of Blue|69/100
|
|-weather|Sandstorm|[upkeep]
|-heal|p1a: Tyranitar|100/100|[from] item: Leftovers
|upkeep
|turn|5
|
|t:|1729623902
|switch|p1a: Dugtrio|Dugtrio, F|100/100
|move|p2a: Kind of Blue|Thunder Wave|p1a: Dugtrio
|-immune|p1a: Dugtrio
|
|-weather|Sandstorm|[upkeep]
|upkeep
|turn|6
|
|t:|1729623908
|move|p1a: Dugtrio|Earthquake|p2a: Kind of Blue
|-supereffective|p2a: Kind of Blue
|-damage|p2a: Kind of Blue|0 fnt
|faint|p2a: Kind of Blue
|
|t:|1729623912
|switch|p2a: Blue in Green|Salamence, F, shiny|100/100
|-ability|p2a: Blue in Green|Intimidate|boost
|-unboost|p1a: Dugtrio|atk|1
|
|-weather|Sandstorm|[upkeep]
|-damage|p2a: Blue in Green|94/100|[from] Sandstorm
|-heal|p2a: Blue in Green|100/100|[from] item: Leftovers
|upkeep
|turn|7
|
|t:|1729623920
|switch|p1a: Blissey|Blissey, F|100/100
|switch|p2a: All Blues|Suicune, shiny|100/100
|
|-weather|Sandstorm|[upkeep]
|-damage|p2a: All Blues|94/100|[from] Sandstorm
|-damage|p1a: Blissey|94/100|[from] Sandstorm
|-heal|p2a: All Blues|100/100|[from] item: Leftovers
|-heal|p1a: Blissey|100/100|[from] item: Leftovers
|upkeep
|turn|8
|
|t:|1729623924
|switch|p2a: Freddie Freeloader|Snorlax, M, shiny|66/100
|move|p1a: Blissey|Thunder Wave|p2a: Freddie Freeloader
|-status|p2a: Freddie Freeloader|par
|
|-weather|Sandstorm|[upkeep]
|-damage|p1a: Blissey|94/100|[from] Sandstorm
|-damage|p2a: Freddie Freeloader|60/100 par|[from] Sandstorm
|-heal|p1a: Blissey|100/100|[from] item: Leftovers
|-heal|p2a: Freddie Freeloader|66/100 par|[from] item: Leftovers
|upkeep
|turn|9
|
|t:|1729623935
|switch|p1a: Tyranitar|Tyranitar, M|100/100
|cant|p2a: Freddie Freeloader|par
|
|-weather|Sandstorm|[upkeep]
|-damage|p2a: Freddie Freeloader|60/100 par|[from] Sandstorm
|-heal|p2a: Freddie Freeloader|66/100 par|[from] item: Leftovers
|upkeep
|turn|10
|
|t:|1729623943
|move|p1a: Tyranitar|Rock Slide|p2a: Freddie Freeloader
|-damage|p2a: Freddie Freeloader|26/100 par
|move|p2a: Freddie Freeloader|Self-Destruct|p1a: Tyranitar
|-resisted|p1a: Tyranitar
|-damage|p1a: Tyranitar|31/100
|faint|p2a: Freddie Freeloader
|
|t:|1729623950
|switch|p2a: Blue in Green|Salamence, F, shiny|100/100
|-ability|p2a: Blue in Green|Intimidate|boost
|-unboost|p1a: Tyranitar|atk|1
|
|-weather|Sandstorm|[upkeep]
|-damage|p2a: Blue in Green|94/100|[from] Sandstorm
|-heal|p2a: Blue in Green|100/100|[from] item: Leftovers
|-heal|p1a: Tyranitar|37/100|[from] item: Leftovers
|upkeep
|turn|11
|
|t:|1729623965
|switch|p1a: Milotic|Milotic, F|100/100
|move|p2a: Blue in Green|Brick Break|p1a: Milotic
|-damage|p1a: Milotic|83/100
|
|-weather|Sandstorm|[upkeep]
|-damage|p2a: Blue in Green|94/100|[from] Sandstorm
|-damage|p1a: Milotic|77/100|[from] Sandstorm
|-heal|p2a: Blue in Green|100/100|[from] item: Leftovers
|-heal|p1a: Milotic|83/100|[from] item: Leftovers
|upkeep
|turn|12
|
|t:|1729623972
|move|p2a: Blue in Green|Dragon Claw|p1a: Milotic
|-damage|p1a: Milotic|53/100
|move|p1a: Milotic|Toxic|p2a: Blue in Green|[miss]
|-miss|p1a: Milotic|p2a: Blue in Green
|
|-weather|Sandstorm|[upkeep]
|-damage|p2a: Blue in Green|94/100|[from] Sandstorm
|-damage|p1a: Milotic|47/100|[from] Sandstorm
|-heal|p2a: Blue in Green|100/100|[from] item: Leftovers
|-heal|p1a: Milotic|53/100|[from] item: Leftovers
|upkeep
|turn|13
|
|t:|1729623980
|move|p2a: Blue in Green|Dragon Claw|p1a: Milotic
|-damage|p1a: Milotic|23/100
|move|p1a: Milotic|Recover|p1a: Milotic
|-heal|p1a: Milotic|73/100
|
|-weather|Sandstorm|[upkeep]
|-damage|p2a: Blue in Green|94/100|[from] Sandstorm
|-damage|p1a: Milotic|67/100|[from] Sandstorm
|-heal|p2a: Blue in Green|100/100|[from] item: Leftovers
|-heal|p1a: Milotic|73/100|[from] item: Leftovers
|upkeep
|turn|14
|
|t:|1729623986
|move|p2a: Blue in Green|Dragon Claw|p1a: Milotic
|-damage|p1a: Milotic|43/100
|move|p1a: Milotic|Toxic|p2a: Blue in Green
|-status|p2a: Blue in Green|tox
|
|-weather|Sandstorm|[upkeep]
|-damage|p2a: Blue in Green|94/100 tox|[from] Sandstorm
|-damage|p1a: Milotic|37/100|[from] Sandstorm
|-heal|p2a: Blue in Green|100/100 tox|[from] item: Leftovers
|-damage|p2a: Blue in Green|94/100 tox|[from] psn
|-heal|p1a: Milotic|43/100|[from] item: Leftovers
|upkeep
|turn|15
|
|t:|1729623990
|switch|p2a: All Blues|Suicune, shiny|100/100
|move|p1a: Milotic|Recover|p1a: Milotic
|-heal|p1a: Milotic|93/100
|
|-weather|Sandstorm|[upkeep]
|-damage|p1a: Milotic|87/100|[from] Sandstorm
|-damage|p2a: All Blues|94/100|[from] Sandstorm
|-heal|p1a: Milotic|93/100|[from] item: Leftovers
|-heal|p2a: All Blues|100/100|[from] item: Leftovers
|upkeep
|turn|16
|
|t:|1729623994
|switch|p1a: Blissey|Blissey, F|100/100
|move|p2a: All Blues|Substitute|p2a: All Blues
|-start|p2a: All Blues|Substitute
|-damage|p2a: All Blues|75/100
|
|-weather|Sandstorm|[upkeep]
|-damage|p2a: All Blues|69/100|[from] Sandstorm
|-damage|p1a: Blissey|94/100|[from] Sandstorm
|-heal|p2a: All Blues|75/100|[from] item: Leftovers
|-heal|p1a: Blissey|100/100|[from] item: Leftovers
|upkeep
|turn|17
|
|t:|1729623997
|move|p2a: All Blues|Calm Mind|p2a: All Blues
|-boost|p2a: All Blues|spa|1
|-boost|p2a: All Blues|spd|1
|move|p1a: Blissey|Seismic Toss|p2a: All Blues
|-activate|p2a: All Blues|Substitute|[damage]
|
|-weather|Sandstorm|[upkeep]
|-damage|p2a: All Blues|69/100|[from] Sandstorm
|-damage|p1a: Blissey|94/100|[from] Sandstorm
|-heal|p2a: All Blues|75/100|[from] item: Leftovers
|-heal|p1a: Blissey|100/100|[from] item: Leftovers
|upkeep
|turn|18
|
|t:|1729624003
|move|p2a: All Blues|Ice Beam|p1a: Blissey
|-crit|p1a: Blissey
|-damage|p1a: Blissey|65/100
|move|p1a: Blissey|Seismic Toss|p2a: All Blues
|-end|p2a: All Blues|Substitute
|
|-weather|Sandstorm|[upkeep]
|-damage|p2a: All Blues|69/100|[from] Sandstorm
|-damage|p1a: Blissey|59/100|[from] Sandstorm
|-heal|p2a: All Blues|75/100|[from] item: Leftovers
|-heal|p1a: Blissey|65/100|[from] item: Leftovers
|upkeep
|turn|19
|
|t:|1729624015
|move|p2a: All Blues|Substitute|p2a: All Blues
|-start|p2a: All Blues|Substitute
|-damage|p2a: All Blues|50/100
|move|p1a: Blissey|Seismic Toss|p2a: All Blues
|-activate|p2a: All Blues|Substitute|[damage]
|
|-weather|Sandstorm|[upkeep]
|-damage|p2a: All Blues|44/100|[from] Sandstorm
|-damage|p1a: Blissey|59/100|[from] Sandstorm
|-heal|p2a: All Blues|50/100|[from] item: Leftovers
|-heal|p1a: Blissey|65/100|[from] item: Leftovers
|upkeep
|turn|20
|
|t:|1729624017
|move|p2a: All Blues|Calm Mind|p2a: All Blues
|-boost|p2a: All Blues|spa|1
|-boost|p2a: All Blues|spd|1
|move|p1a: Blissey|Seismic Toss|p2a: All Blues
|-end|p2a: All Blues|Substitute
|
|-weather|Sandstorm|[upkeep]
|-damage|p2a: All Blues|44/100|[from] Sandstorm
|-damage|p1a: Blissey|59/100|[from] Sandstorm
|-heal|p2a: All Blues|50/100|[from] item: Leftovers
|-heal|p1a: Blissey|65/100|[from] item: Leftovers
|upkeep
|turn|21
|
|t:|1729624021
|move|p2a: All Blues|Substitute|p2a: All Blues
|-start|p2a: All Blues|Substitute
|-damage|p2a: All Blues|25/100
|move|p1a: Blissey|Seismic Toss|p2a: All Blues
|-activate|p2a: All Blues|Substitute|[damage]
|
|-weather|Sandstorm|[upkeep]
|-damage|p2a: All Blues|19/100|[from] Sandstorm
|-damage|p1a: Blissey|59/100|[from] Sandstorm
|-heal|p2a: All Blues|25/100|[from] item: Leftovers
|-heal|p1a: Blissey|65/100|[from] item: Leftovers
|upkeep
|turn|22
|
|t:|1729624023
|move|p2a: All Blues|Hydro Pump|p1a: Blissey
|-damage|p1a: Blissey|20/100
|move|p1a: Blissey|Seismic Toss|p2a: All Blues
|-end|p2a: All Blues|Substitute
|
|-weather|Sandstorm|[upkeep]
|-damage|p2a: All Blues|19/100|[from] Sandstorm
|-damage|p1a: Blissey|14/100|[from] Sandstorm
|-heal|p2a: All Blues|25/100|[from] item: Leftovers
|-heal|p1a: Blissey|20/100|[from] item: Leftovers
|upkeep
|turn|23
|
|t:|1729624047
|switch|p1a: Milotic|Milotic, F|93/100
|move|p2a: All Blues|Ice Beam|p1a: Milotic
|-resisted|p1a: Milotic
|-damage|p1a: Milotic|72/100
|
|-weather|Sandstorm|[upkeep]
|-damage|p1a: Milotic|66/100|[from] Sandstorm
|-damage|p2a: All Blues|19/100|[from] Sandstorm
|-heal|p1a: Milotic|72/100|[from] item: Leftovers
|-heal|p2a: All Blues|25/100|[from] item: Leftovers
|upkeep
|turn|24
|
|t:|1729624051
|move|p1a: Milotic|Surf|p2a: All Blues
|-resisted|p2a: All Blues
|-damage|p2a: All Blues|19/100
|move|p2a: All Blues|Hydro Pump|p1a: Milotic|[miss]
|-miss|p2a: All Blues|p1a: Milotic
|
|-weather|Sandstorm|[upkeep]
|-damage|p1a: Milotic|66/100|[from] Sandstorm
|-damage|p2a: All Blues|13/100|[from] Sandstorm
|-heal|p1a: Milotic|72/100|[from] item: Leftovers
|-heal|p2a: All Blues|19/100|[from] item: Leftovers
|upkeep
|turn|25
|
|t:|1729624055
|move|p1a: Milotic|Recover|p1a: Milotic
|-heal|p1a: Milotic|100/100
|move|p2a: All Blues|Hydro Pump|p1a: Milotic
|-resisted|p1a: Milotic
|-damage|p1a: Milotic|63/100
|
|-weather|Sandstorm|[upkeep]
|-damage|p1a: Milotic|57/100|[from] Sandstorm
|-damage|p2a: All Blues|13/100|[from] Sandstorm
|-heal|p1a: Milotic|63/100|[from] item: Leftovers
|-heal|p2a: All Blues|19/100|[from] item: Leftovers
|upkeep
|turn|26
|
|t:|1729624059
|move|p1a: Milotic|Recover|p1a: Milotic
|-heal|p1a: Milotic|100/100
|move|p2a: All Blues|Calm Mind|p2a: All Blues
|-boost|p2a: All Blues|spa|1
|-boost|p2a: All Blues|spd|1
|
|-weather|Sandstorm|[upkeep]
|-damage|p1a: Milotic|94/100|[from] Sandstorm
|-damage|p2a: All Blues|13/100|[from] Sandstorm
|-heal|p1a: Milotic|100/100|[from] item: Leftovers
|-heal|p2a: All Blues|19/100|[from] item: Leftovers
|upkeep
|turn|27
|
|t:|1729624061
|move|p1a: Milotic|Surf|p2a: All Blues
|-resisted|p2a: All Blues
|-damage|p2a: All Blues|14/100
|move|p2a: All Blues|Ice Beam|p1a: Milotic
|-resisted|p1a: Milotic
|-damage|p1a: Milotic|76/100
|
|-weather|Sandstorm|[upkeep]
|-damage|p1a: Milotic|70/100|[from] Sandstorm
|-damage|p2a: All Blues|8/100|[from] Sandstorm
|-heal|p1a: Milotic|76/100|[from] item: Leftovers
|-heal|p2a: All Blues|14/100|[from] item: Leftovers
|upkeep
|turn|28
|
|t:|1729624063
|move|p1a: Milotic|Surf|p2a: All Blues
|-resisted|p2a: All Blues
|-damage|p2a: All Blues|9/100
|move|p2a: All Blues|Ice Beam|p1a: Milotic
|-resisted|p1a: Milotic
|-damage|p1a: Milotic|51/100
|-status|p1a: Milotic|frz
|
|-weather|Sandstorm|[upkeep]
|-damage|p1a: Milotic|45/100 frz|[from] Sandstorm
|-damage|p2a: All Blues|3/100|[from] Sandstorm
|-heal|p1a: Milotic|51/100 frz|[from] item: Leftovers
|-heal|p2a: All Blues|9/100|[from] item: Leftovers
|upkeep
|turn|29
|
|t:|1729624068
|cant|p1a: Milotic|frz
|move|p2a: All Blues|Hydro Pump|p1a: Milotic
|-resisted|p1a: Milotic
|-damage|p1a: Milotic|3/100 frz
|
|-weather|Sandstorm|[upkeep]
|-damage|p1a: Milotic|0 fnt|[from] Sandstorm
|-damage|p2a: All Blues|3/100|[from] Sandstorm
|faint|p1a: Milotic
|-heal|p2a: All Blues|9/100|[from] item: Leftovers
|upkeep
|
|t:|1729624071
|switch|p1a: Dugtrio|Dugtrio, F|100/100
|turn|30
|
|t:|1729624074
|move|p1a: Dugtrio|Earthquake|p2a: All Blues
|-damage|p2a: All Blues|0 fnt
|faint|p2a: All Blues
|
|t:|1729624080
|switch|p2a: Flamenco Sketches|Heracross, F|100/100
|
|-weather|Sandstorm|[upkeep]
|-damage|p2a: Flamenco Sketches|94/100|[from] Sandstorm
|upkeep
|turn|31
|
|t:|1729624084
|switch|p1a: Claydol|Claydol|100/100
|move|p2a: Flamenco Sketches|Substitute|p2a: Flamenco Sketches
|-start|p2a: Flamenco Sketches|Substitute
|-damage|p2a: Flamenco Sketches|69/100
|
|-weather|Sandstorm|[upkeep]
|-damage|p2a: Flamenco Sketches|63/100|[from] Sandstorm
|upkeep
|turn|32
|
|t:|1729624086
|move|p2a: Flamenco Sketches|Megahorn|p1a: Claydol
|-supereffective|p1a: Claydol
|-damage|p1a: Claydol|0 fnt
|faint|p1a: Claydol
|
|t:|1729624095
|switch|p1a: Dugtrio|Dugtrio, F|100/100
|
|-weather|Sandstorm|[upkeep]
|-damage|p2a: Flamenco Sketches|57/100|[from] Sandstorm
|upkeep
|turn|33
|
|t:|1729624100
|move|p1a: Dugtrio|Aerial Ace|p2a: Flamenco Sketches
|-supereffective|p2a: Flamenco Sketches
|-end|p2a: Flamenco Sketches|Substitute
|move|p2a: Flamenco Sketches|Megahorn|p1a: Dugtrio
|-damage|p1a: Dugtrio|0 fnt
|faint|p1a: Dugtrio
|
|t:|1729624110
|switch|p1a: Tyranitar|Tyranitar, M|37/100
|
|-weather|Sandstorm|[upkeep]
|-damage|p2a: Flamenco Sketches|51/100|[from] Sandstorm
|-heal|p1a: Tyranitar|44/100|[from] item: Leftovers
|upkeep
|turn|34
|
|t:|1729624118
|move|p2a: Flamenco Sketches|Megahorn|p1a: Tyranitar
|-supereffective|p1a: Tyranitar
|-damage|p1a: Tyranitar|0 fnt
|faint|p1a: Tyranitar
|
|t:|1729624120
|switch|p1a: Blissey|Blissey, F|20/100
|
|-weather|Sandstorm|[upkeep]
|-damage|p2a: Flamenco Sketches|45/100|[from] Sandstorm
|-damage|p1a: Blissey|14/100|[from] Sandstorm
|-heal|p1a: Blissey|20/100|[from] item: Leftovers
|upkeep
|turn|35
|
|t:|1729624125
|move|p2a: Flamenco Sketches|Megahorn|p1a: Blissey
|-damage|p1a: Blissey|0 fnt
|faint|p1a: Blissey
|
|win|Rainer2424
|c|☆wiilink100|gg wp
|c|☆Rainer2424|Gg

</script>
<script type="application/json" class="data" id="replaydata-smogtours-gen3ou-801236">
{"id":"smogtours-gen3ou-801236","format":"[Gen 3] OU","players":["wiilink100","Rainer2424"],"uploadtime":1729624125,"views":94,"formatid":"gen3ou","rating":null,"private":0,"password":null}
</script>

<script defer src="js/replays.js?9d40a366"></script>
