<!DOCTYPE html>
<meta charset="utf-8" />
<meta name="viewport" content="width=device-width" />

<title>[Gen 3] OU: pressle54 vs. xerospacious - Replays - Pok&eacute;mon Showdown!</title>

<meta name="description" content="Watch a replay of a Pok&eacute;mon battle between pressle54 and xerospacious! Format: [Gen 3] OU; Date: Oct 5, 2024" />
<!--

Hey, you! Looking in the source for the replay log?

You can find them in JSON format, just add `.json` at the end of a replay URL.

https://replay.pokemonshowdown.com/gen7randomdoublesbattle-865046831.json

Or, if you only need the log itself, add `.log` instead:

https://replay.pokemonshowdown.com/gen7randomdoublesbattle-865046831.log

-->

<link rel="stylesheet" href="//pokemonshowdown.com/style/global.css?0.023195364461161105" />
<link rel="stylesheet" href="//play.pokemonshowdown.com/style/font-awesome.css?0.13261647063804238" />
<link rel="stylesheet" href="//play.pokemonshowdown.com/style/battle.css?0.8753245789963631" />
<link rel="stylesheet" href="//play.pokemonshowdown.com/style/utilichart.css?0.8627959624976733" />

<!-- Global site tag (gtag.js) - Google Analytics -->
<script async src="https://www.googletagmanager.com/gtag/js?id=UA-26211653-1"></script>
<script>
  window.dataLayer = window.dataLayer || [];
  function gtag(){dataLayer.push(arguments);}
  gtag('js', new Date());

  gtag('config', 'UA-26211653-1');
</script>
<!-- End Google Analytics -->
<!-- Venatus Ad Manager - Install in <HEAD> of page -->
	<script src="https://hb.vntsm.com/v3/live/ad-manager.min.js" type="text/javascript" data-site-id="642aba63ec9a7b11c3c9c1be" data-mode="scan" async></script>
<!-- / Venatus Ad Manager -->

<style>
	@media (max-width:820px) {
		.battle {
			margin: 0 auto;
		}
		.battle-log {
			margin: 7px auto 0;
			max-width: 640px;
			height: 300px;
			position: static;
		}
	}
	.optgroup {
		display: inline-block;
		line-height: 22px;
		font-size: 10pt;
	}
	.optgroup .button {
		height: 25px;
		padding-top: 0;
		padding-bottom: 0;
	}
	.optgroup button.button {
		padding-left: 12px;
		padding-right: 12px;
	}
	.linklist {
		list-style: none;
		margin: 0.5em 0;
		padding: 0;
	}
	.linklist li {
		padding: 2px 0;
	}
	.sidebar {
		float: left;
		width: 320px;
	}
	.bar-wrapper {
		max-width: 1100px;
		margin: 0 auto;
	}
	.bar-wrapper.has-sidebar {
		max-width: 1430px;
	}
	.mainbar {
		margin: 0;
		padding-right: 1px;
	}
	.mainbar.has-sidebar {
		margin-left: 330px;
	}
	@media (min-width: 1511px) {
		.sidebar {
			width: 400px;
		}
		.bar-wrapper.has-sidebar {
			max-width: 1510px;
		}
		.mainbar.has-sidebar {
			margin-left: 410px;
		}
	}
	.section.first-section {
		margin-top: 9px;
	}
	.blocklink small {
		white-space: normal;
	}
	.button {
		vertical-align: middle;
	}
	.replay-controls {
		padding-top: 10px;
	}
	.replay-controls h1 {
		font-size: 16pt;
		font-weight: normal;
		color: #CCC;
	}
	.pagelink {
		text-align: center;
	}
	.pagelink a {
		width: 150px;
	}
	.textbox, .button {
		font-size: 11pt;
		vertical-align: middle;
	}
	@media (max-width: 450px) {
		.button {
			font-size: 9pt;
		}
	}
</style>

<div>

	<header>
		<div class="nav-wrapper"><ul class="nav">
			<li><a class="button nav-first" href="//pokemonshowdown.com/"><img src="//pokemonshowdown.com/images/pokemonshowdownbeta.png" srcset="//pokemonshowdown.com/images/pokemonshowdownbeta.png 1x, //pokemonshowdown.com/images/pokemonshowdownbeta@2x.png 2x" alt="Pok&eacute;mon Showdown" width="146" height="44" /> Home</a></li>
			<li><a class="button" href="//pokemonshowdown.com/dex/">Pok&eacute;dex</a></li>
			<li><a class="button cur" href="/">Replays</a></li>
			<li><a class="button" href="//pokemonshowdown.com/ladder/">Ladder</a></li>
			<li><a class="button nav-last" href="//pokemonshowdown.com/forums/">Forum</a></li>
			<li><a class="button greenbutton nav-first nav-last" href="//play.pokemonshowdown.com/">Play</a></li>
		</ul></div>
	</header>

	<div class="main" id="main">

		<noscript><section class="section">You need to enable JavaScript to use this page; sorry!</section></noscript>

	</div>

</div>

<script defer nomodule src="//play.pokemonshowdown.com/js/lib/ps-polyfill.js"></script>
<script defer src="//play.pokemonshowdown.com/js/lib/preact.min.js"></script>

<script defer src="//play.pokemonshowdown.com/config/config.js?2bddbc15"></script>
<script defer src="//play.pokemonshowdown.com/js/lib/jquery-1.11.0.min.js"></script>
<script defer src="//play.pokemonshowdown.com/js/lib/html-sanitizer-minified.js"></script>
<script defer src="//play.pokemonshowdown.com/js/battle-sound.js"></script>
<script defer src="//play.pokemonshowdown.com/js/battledata.js?0.7209276989879541"></script>
<script defer src="//play.pokemonshowdown.com/data/pokedex-mini.js?0.6111056340867951"></script>
<script defer src="//play.pokemonshowdown.com/data/pokedex-mini-bw.js?0.3532142036491459"></script>
<script defer src="//play.pokemonshowdown.com/data/graphics.js?0.24223875632456182"></script>
<script defer src="//play.pokemonshowdown.com/data/pokedex.js?0.38839984266356864"></script>
<script defer src="//play.pokemonshowdown.com/data/moves.js?0.21866028504024015"></script>
<script defer src="//play.pokemonshowdown.com/data/abilities.js?0.2005157953846628"></script>
<script defer src="//play.pokemonshowdown.com/data/items.js?0.9894211263848525"></script>
<script defer src="//play.pokemonshowdown.com/data/teambuilder-tables.js?0.6008791140282215"></script>
<script defer src="//play.pokemonshowdown.com/js/battle-tooltips.js?0.7580118955022959"></script>
<script defer src="//play.pokemonshowdown.com/js/battle.js?0.6057722274234274"></script>

<script defer src="js/utils.js?e31f9a17"></script>
<script defer src="js/replays-battle.js?7008c182"></script>

<!-- don't scrape this data! just add .json or .log after the URL!
Full API docs: https://github.com/smogon/pokemon-showdown-client/blob/master/WEB-API.md -->
<script type="text/plain" class="log" id="replaylog-smogtours-gen3ou-795179">
|inactive|Battle timer is ON: inactive players will automatically lose when time's up.
|t:|1728160174
|gametype|singles
|player|p1|pressle54|boarder|
|player|p2|xerospacious|102|
|teamsize|p1|6
|teamsize|p2|6
|gen|3
|tier|[Gen 3] OU
|rule|Sleep Clause Mod: Limit one foe put to sleep
|rule|Switch Priority Clause Mod: Faster Pokémon switch first
|rule|Species Clause: Limit one of each Pokémon
|rule|OHKO Clause: OHKO moves are banned
|rule|Evasion Items Clause: Evasion items are banned
|rule|Evasion Moves Clause: Evasion moves are banned
|rule|Endless Battle Clause: Forcing endless battles is banned
|rule|HP Percentage Mod: HP is shown in percentages
|rule|One Boost Passer Clause: Limit one Baton Passer that has a way to boost its stats
|rule|Freeze Clause Mod: Limit one foe frozen
|
|t:|1728160174
|start
|switch|p1a: Magneton|Magneton|100/100
|switch|p2a: Jirachi|Jirachi|100/100
|turn|1
|
|t:|1728160199
|move|p2a: Jirachi|Hidden Power|p1a: Magneton
|-supereffective|p1a: Magneton
|-damage|p1a: Magneton|5/100
|move|p1a: Magneton|Hidden Power|p2a: Jirachi
|-supereffective|p2a: Jirachi
|-damage|p2a: Jirachi|55/100
|
|-heal|p1a: Magneton|11/100|[from] item: Leftovers
|upkeep
|turn|2
|inactive|xerospacious has 270 seconds left.
|
|t:|1728160231
|move|p1a: Magneton|Protect|p1a: Magneton
|-singleturn|p1a: Magneton|Protect
|move|p2a: Jirachi|Hidden Power|p1a: Magneton
|-activate|p1a: Magneton|Protect
|
|-heal|p1a: Magneton|17/100|[from] item: Leftovers
|upkeep
|turn|3
|
|t:|1728160246
|switch|p1a: Tyranitar|Tyranitar, M|100/100
|-weather|Sandstorm|[from] ability: Sand Stream|[of] p1a: Tyranitar
|move|p2a: Jirachi|Hidden Power|p1a: Tyranitar
|-supereffective|p1a: Tyranitar
|-damage|p1a: Tyranitar|6/100
|
|-weather|Sandstorm|[upkeep]
|-heal|p1a: Tyranitar|12/100|[from] item: Leftovers
|upkeep
|turn|4
|inactive|pressle54 has 270 seconds left.
|
|t:|1728160276
|switch|p1a: Skarmory|Skarmory, F|100/100
|move|p2a: Jirachi|Hidden Power|p1a: Skarmory
|-damage|p1a: Skarmory|78/100
|
|-weather|Sandstorm|[upkeep]
|-heal|p1a: Skarmory|84/100|[from] item: Leftovers
|upkeep
|turn|5
|inactive|xerospacious has 270 seconds left.
|
|t:|1728160307
|switch|p2a: Salamence|Salamence, M|100/100
|-ability|p2a: Salamence|Intimidate|boost
|-unboost|p1a: Skarmory|atk|1
|move|p1a: Skarmory|Spikes|p2a: Salamence
|-sidestart|p2: xerospacious|Spikes
|
|-weather|Sandstorm|[upkeep]
|-damage|p2a: Salamence|94/100|[from] Sandstorm
|-heal|p2a: Salamence|100/100|[from] item: Leftovers
|-heal|p1a: Skarmory|90/100|[from] item: Leftovers
|upkeep
|turn|6
|inactive|pressle54 has 270 seconds left.
|
|t:|1728160322
|switch|p1a: Swampert|Swampert, M|100/100
|move|p2a: Salamence|Dragon Dance|p2a: Salamence
|-boost|p2a: Salamence|atk|1
|-boost|p2a: Salamence|spe|1
|
|-weather|Sandstorm|[upkeep]
|-damage|p2a: Salamence|94/100|[from] Sandstorm
|-heal|p2a: Salamence|100/100|[from] item: Leftovers
|upkeep
|turn|7
|
|t:|1728160337
|move|p2a: Salamence|Hidden Power|p1a: Swampert
|-damage|p1a: Swampert|62/100
|move|p1a: Swampert|Toxic|p2a: Salamence
|-status|p2a: Salamence|tox
|
|-weather|Sandstorm|[upkeep]
|-damage|p2a: Salamence|94/100 tox|[from] Sandstorm
|-heal|p2a: Salamence|100/100 tox|[from] item: Leftovers
|-damage|p2a: Salamence|94/100 tox|[from] psn
|-heal|p1a: Swampert|68/100|[from] item: Leftovers
|upkeep
|turn|8
|
|t:|1728160357
|switch|p2a: Snorlax|Snorlax, M|100/100
|-damage|p2a: Snorlax|88/100|[from] Spikes
|move|p1a: Swampert|Protect||[still]
|-fail|p1a: Swampert
|
|-weather|Sandstorm|[upkeep]
|-damage|p2a: Snorlax|82/100|[from] Sandstorm
|-heal|p1a: Swampert|74/100|[from] item: Leftovers
|-heal|p2a: Snorlax|88/100|[from] item: Leftovers
|upkeep
|turn|9
|
|t:|1728160372
|switch|p1a: Skarmory|Skarmory, F|90/100
|move|p2a: Snorlax|Fire Blast|p1a: Skarmory|[miss]
|-miss|p2a: Snorlax|p1a: Skarmory
|
|-weather|Sandstorm|[upkeep]
|-damage|p2a: Snorlax|82/100|[from] Sandstorm
|-heal|p1a: Skarmory|96/100|[from] item: Leftovers
|-heal|p2a: Snorlax|88/100|[from] item: Leftovers
|upkeep
|turn|10
|inactive|pressle54 has 270 seconds left.
|
|t:|1728160394
|switch|p1a: Aerodactyl|Aerodactyl, M|100/100
|move|p2a: Snorlax|Body Slam|p1a: Aerodactyl
|-resisted|p1a: Aerodactyl
|-damage|p1a: Aerodactyl|71/100
|
|-weather|Sandstorm|[upkeep]
|-damage|p2a: Snorlax|82/100|[from] Sandstorm
|-heal|p2a: Snorlax|88/100|[from] item: Leftovers
|upkeep
|turn|11
|inactive|xerospacious has 240 seconds left.
|
|t:|1728160415
|switch|p2a: Swampert|Swampert, M|100/100
|-damage|p2a: Swampert|88/100|[from] Spikes
|move|p1a: Aerodactyl|Rock Slide|p2a: Swampert
|-resisted|p2a: Swampert
|-damage|p2a: Swampert|71/100
|
|-weather|Sandstorm|[upkeep]
|-heal|p2a: Swampert|77/100|[from] item: Leftovers
|upkeep
|turn|12
|inactive|xerospacious has 240 seconds left.
|inactive|pressle54 has 270 seconds left.
|
|t:|1728160431
|switch|p1a: Skarmory|Skarmory, F|96/100
|move|p2a: Swampert|Earthquake|p1a: Skarmory
|-immune|p1a: Skarmory
|
|-weather|Sandstorm|[upkeep]
|-heal|p1a: Skarmory|100/100|[from] item: Leftovers
|-heal|p2a: Swampert|83/100|[from] item: Leftovers
|upkeep
|turn|13
|inactive|xerospacious has 240 seconds left.
|
|t:|1728160442
|switch|p2a: Snorlax|Snorlax, M|88/100
|-damage|p2a: Snorlax|76/100|[from] Spikes
|move|p1a: Skarmory|Spikes|p2a: Snorlax
|-sidestart|p2: xerospacious|Spikes
|
|-weather|Sandstorm|[upkeep]
|-damage|p2a: Snorlax|69/100|[from] Sandstorm
|-heal|p2a: Snorlax|76/100|[from] item: Leftovers
|upkeep
|turn|14
|inactive|xerospacious has 240 seconds left.
|
|t:|1728160456
|switch|p1a: Swampert|Swampert, M|74/100
|move|p2a: Snorlax|Body Slam|p1a: Swampert
|-damage|p1a: Swampert|53/100
|
|-weather|Sandstorm|[upkeep]
|-damage|p2a: Snorlax|69/100|[from] Sandstorm
|-heal|p1a: Swampert|59/100|[from] item: Leftovers
|-heal|p2a: Snorlax|76/100|[from] item: Leftovers
|upkeep
|turn|15
|inactive|xerospacious has 240 seconds left.
|inactive|xerospacious has 210 seconds left.
|
|t:|1728160508
|move|p1a: Swampert|Surf|p2a: Snorlax
|-damage|p2a: Snorlax|59/100
|move|p2a: Snorlax|Body Slam|p1a: Swampert
|-damage|p1a: Swampert|37/100
|-status|p1a: Swampert|par
|
|-weather|Sandstorm|[upkeep]
|-damage|p2a: Snorlax|53/100|[from] Sandstorm
|-heal|p2a: Snorlax|59/100|[from] item: Leftovers
|-heal|p1a: Swampert|43/100 par|[from] item: Leftovers
|upkeep
|turn|16
|
|t:|1728160528
|cant|p1a: Swampert|par
|move|p2a: Snorlax|Fire Blast|p1a: Swampert
|-resisted|p1a: Swampert
|-damage|p1a: Swampert|34/100 par
|
|-weather|Sandstorm|[upkeep]
|-damage|p2a: Snorlax|53/100|[from] Sandstorm
|-heal|p2a: Snorlax|59/100|[from] item: Leftovers
|-heal|p1a: Swampert|40/100 par|[from] item: Leftovers
|upkeep
|turn|17
|
|t:|1728160539
|move|p1a: Swampert|Protect|p1a: Swampert
|-singleturn|p1a: Swampert|Protect
|move|p2a: Snorlax|Body Slam|p1a: Swampert
|-activate|p1a: Swampert|Protect
|
|-weather|Sandstorm|[upkeep]
|-damage|p2a: Snorlax|53/100|[from] Sandstorm
|-heal|p2a: Snorlax|59/100|[from] item: Leftovers
|-heal|p1a: Swampert|46/100 par|[from] item: Leftovers
|upkeep
|turn|18
|
|t:|1728160549
|switch|p1a: Celebi|Celebi|100/100
|move|p2a: Snorlax|Body Slam|p1a: Celebi
|-damage|p1a: Celebi|74/100
|
|-weather|Sandstorm|[upkeep]
|-damage|p1a: Celebi|68/100|[from] Sandstorm
|-damage|p2a: Snorlax|53/100|[from] Sandstorm
|-heal|p1a: Celebi|74/100|[from] item: Leftovers
|-heal|p2a: Snorlax|59/100|[from] item: Leftovers
|upkeep
|turn|19
|inactive|xerospacious has 180 seconds left.
|
|t:|1728160570
|move|p1a: Celebi|Leech Seed|p2a: Snorlax
|-start|p2a: Snorlax|move: Leech Seed
|move|p2a: Snorlax|Fire Blast|p1a: Celebi
|-supereffective|p1a: Celebi
|-crit|p1a: Celebi
|-damage|p1a: Celebi|0 fnt
|faint|p1a: Celebi
|
|t:|1728160586
|switch|p1a: Magneton|Magneton|17/100
|
|-weather|Sandstorm|[upkeep]
|-damage|p2a: Snorlax|53/100|[from] Sandstorm
|-heal|p1a: Magneton|24/100|[from] item: Leftovers
|-heal|p2a: Snorlax|59/100|[from] item: Leftovers
|-damage|p2a: Snorlax|47/100|[from] Leech Seed|[of] p1a: Magneton
|-heal|p1a: Magneton|49/100|[silent]
|upkeep
|turn|20
|inactive|xerospacious has 180 seconds left.
|
|t:|1728160604
|move|p1a: Magneton|Thunderbolt|p2a: Snorlax
|-damage|p2a: Snorlax|21/100
|move|p2a: Snorlax|Fire Blast|p1a: Magneton
|-supereffective|p1a: Magneton
|-damage|p1a: Magneton|0 fnt
|faint|p1a: Magneton
|
|t:|1728160609
|switch|p1a: Tyranitar|Tyranitar, M|12/100
|
|-weather|Sandstorm|[upkeep]
|-damage|p2a: Snorlax|15/100|[from] Sandstorm
|-heal|p1a: Tyranitar|19/100|[from] item: Leftovers
|-heal|p2a: Snorlax|21/100|[from] item: Leftovers
|-damage|p2a: Snorlax|8/100|[from] Leech Seed|[of] p1a: Tyranitar
|-heal|p1a: Tyranitar|34/100|[silent]
|upkeep
|turn|21
|inactive|xerospacious has 180 seconds left.
|
|t:|1728160626
|switch|p1a: Skarmory|Skarmory, F|100/100
|move|p2a: Snorlax|Self-Destruct|p1a: Skarmory
|-resisted|p1a: Skarmory
|-damage|p1a: Skarmory|39/100
|faint|p2a: Snorlax
|inactive|xerospacious has 180 seconds left.
|
|t:|1728160637
|switch|p2a: Tyranitar|Tyranitar, M|100/100
|-damage|p2a: Tyranitar|84/100|[from] Spikes
|
|-weather|Sandstorm|[upkeep]
|-heal|p1a: Skarmory|45/100|[from] item: Leftovers
|-heal|p2a: Tyranitar|90/100|[from] item: Leftovers
|upkeep
|turn|22
|inactive|xerospacious has 180 seconds left.
|
|t:|1728160647
|move|p1a: Skarmory|Toxic|p2a: Tyranitar
|-status|p2a: Tyranitar|tox
|move|p2a: Tyranitar|Flamethrower|p1a: Skarmory
|-supereffective|p1a: Skarmory
|-damage|p1a: Skarmory|0 fnt
|faint|p1a: Skarmory
|
|t:|1728160656
|switch|p1a: Swampert|Swampert, M|46/100 par
|
|-weather|Sandstorm|[upkeep]
|-heal|p2a: Tyranitar|96/100 tox|[from] item: Leftovers
|-damage|p2a: Tyranitar|90/100 tox|[from] psn
|-heal|p1a: Swampert|53/100 par|[from] item: Leftovers
|upkeep
|turn|23
|inactive|xerospacious has 180 seconds left.
|
|t:|1728160676
|cant|p1a: Swampert|par
|move|p2a: Tyranitar|Crunch|p1a: Swampert
|-damage|p1a: Swampert|21/100 par
|-unboost|p1a: Swampert|spd|1
|
|-weather|Sandstorm|[upkeep]
|-heal|p2a: Tyranitar|96/100 tox|[from] item: Leftovers
|-damage|p2a: Tyranitar|84/100 tox|[from] psn
|-heal|p1a: Swampert|27/100 par|[from] item: Leftovers
|upkeep
|turn|24
|
|t:|1728160686
|move|p1a: Swampert|Protect|p1a: Swampert
|-singleturn|p1a: Swampert|Protect
|move|p2a: Tyranitar|Pursuit|p1a: Swampert
|-activate|p1a: Swampert|Protect
|
|-weather|Sandstorm|[upkeep]
|-heal|p2a: Tyranitar|90/100 tox|[from] item: Leftovers
|-damage|p2a: Tyranitar|71/100 tox|[from] psn
|-heal|p1a: Swampert|34/100 par|[from] item: Leftovers
|upkeep
|turn|25
|
|t:|1728160698
|move|p2a: Tyranitar|Crunch|p1a: Swampert
|-damage|p1a: Swampert|0 fnt
|faint|p1a: Swampert
|
|t:|1728160707
|switch|p1a: Aerodactyl|Aerodactyl, M|71/100
|
|-weather|Sandstorm|[upkeep]
|-heal|p2a: Tyranitar|78/100 tox|[from] item: Leftovers
|-damage|p2a: Tyranitar|53/100 tox|[from] psn
|upkeep
|turn|26
|
|t:|1728160716
|move|p1a: Aerodactyl|Earthquake|p2a: Tyranitar
|-supereffective|p2a: Tyranitar
|-damage|p2a: Tyranitar|0 fnt
|faint|p2a: Tyranitar
|inactive|xerospacious has 180 seconds left.
|
|t:|1728160759
|switch|p2a: Jirachi|Jirachi|55/100
|-damage|p2a: Jirachi|39/100|[from] Spikes
|
|-weather|Sandstorm|[upkeep]
|upkeep
|turn|27
|inactive|xerospacious has 150 seconds left.
|
|t:|1728160789
|switch|p2a: Cloyster|Cloyster, M|100/100
|-damage|p2a: Cloyster|84/100|[from] Spikes
|move|p1a: Aerodactyl|Earthquake|p2a: Cloyster
|-damage|p2a: Cloyster|53/100
|
|-weather|Sandstorm|[upkeep]
|-damage|p2a: Cloyster|47/100|[from] Sandstorm
|-heal|p2a: Cloyster|53/100|[from] item: Leftovers
|upkeep
|turn|28
|inactive|xerospacious has 150 seconds left.
|
|t:|1728160810
|switch|p1a: Tyranitar|Tyranitar, M|34/100
|move|p2a: Cloyster|Explosion|p1a: Tyranitar
|-resisted|p1a: Tyranitar
|-damage|p1a: Tyranitar|0 fnt
|faint|p2a: Cloyster
|faint|p1a: Tyranitar
|
|t:|1728160824
|switch|p2a: Jirachi|Jirachi|39/100
|switch|p1a: Aerodactyl|Aerodactyl, M|71/100
|-damage|p2a: Jirachi|22/100|[from] Spikes
|
|-weather|Sandstorm|[upkeep]
|upkeep
|turn|29
|
|t:|1728160834
|move|p1a: Aerodactyl|Double-Edge|p2a: Jirachi
|-resisted|p2a: Jirachi
|-damage|p2a: Jirachi|0 fnt
|faint|p2a: Jirachi
|
|t:|1728160843
|switch|p2a: Swampert|Swampert, M|83/100
|-damage|p2a: Swampert|67/100|[from] Spikes
|
|-weather|Sandstorm|[upkeep]
|-heal|p2a: Swampert|73/100|[from] item: Leftovers
|upkeep
|turn|30
|
|t:|1728160848
|move|p1a: Aerodactyl|Double-Edge|p2a: Swampert
|-crit|p2a: Swampert
|-damage|p2a: Swampert|2/100
|move|p2a: Swampert|Ice Beam|p1a: Aerodactyl
|-supereffective|p1a: Aerodactyl
|-damage|p1a: Aerodactyl|10/100
|
|-weather|Sandstorm|[upkeep]
|-heal|p2a: Swampert|8/100|[from] item: Leftovers
|upkeep
|turn|31
|inactive|xerospacious has 150 seconds left.
|
|t:|1728160857
|move|p2a: Swampert|Protect|p2a: Swampert
|-singleturn|p2a: Swampert|Protect
|move|p1a: Aerodactyl|Double-Edge|p2a: Swampert
|-activate|p2a: Swampert|Protect
|
|-weather|Sandstorm|[upkeep]
|-heal|p2a: Swampert|14/100|[from] item: Leftovers
|upkeep
|turn|32
|inactive|xerospacious has 150 seconds left.
|
|t:|1728160880
|move|p1a: Aerodactyl|Double-Edge|p2a: Swampert
|-damage|p2a: Swampert|0 fnt
|faint|p2a: Swampert
|
|t:|1728160884
|switch|p2a: Salamence|Salamence, M|94/100 tox
|-ability|p2a: Salamence|Intimidate|boost
|-unboost|p1a: Aerodactyl|atk|1
|
|-weather|Sandstorm|[upkeep]
|-damage|p2a: Salamence|88/100 tox|[from] Sandstorm
|-heal|p2a: Salamence|94/100 tox|[from] item: Leftovers
|-damage|p2a: Salamence|88/100 tox|[from] psn
|upkeep
|turn|33
|inactive|xerospacious has 150 seconds left.
|
|t:|1728160902
|move|p1a: Aerodactyl|Double-Edge|p2a: Salamence
|-damage|p2a: Salamence|45/100 tox
|move|p2a: Salamence|Rock Slide|p1a: Aerodactyl
|-supereffective|p1a: Aerodactyl
|-damage|p1a: Aerodactyl|0 fnt
|faint|p1a: Aerodactyl
|
|win|xerospacious
|c|☆pressle54|ggs
|c|☆xerospacious|ggs

</script>
<script type="application/json" class="data" id="replaydata-smogtours-gen3ou-795179">
{"id":"smogtours-gen3ou-795179","format":"[Gen 3] OU","players":["pressle54","xerospacious"],"uploadtime":1728160902,"views":90,"formatid":"gen3ou","rating":null,"private":0,"password":null}
</script>

<script defer src="js/replays.js?9d40a366"></script>
