<!DOCTYPE html>
<meta charset="utf-8" />
<meta name="viewport" content="width=device-width" />

<title>[Gen 3] OU: OOF_MAXIMA vs. Incognition - Replays - Pok&eacute;mon Showdown!</title>

<meta name="description" content="Watch a replay of a Pok&eacute;mon battle between OOF_MAXIMA and Incognition! Format: [Gen 3] OU; Date: Nov 4, 2024" />
<!--

Hey, you! Looking in the source for the replay log?

You can find them in JSON format, just add `.json` at the end of a replay URL.

https://replay.pokemonshowdown.com/gen7randomdoublesbattle-865046831.json

Or, if you only need the log itself, add `.log` instead:

https://replay.pokemonshowdown.com/gen7randomdoublesbattle-865046831.log

-->

<link rel="stylesheet" href="//pokemonshowdown.com/style/global.css?0.023195364461161105" />
<link rel="stylesheet" href="//play.pokemonshowdown.com/style/font-awesome.css?0.13261647063804238" />
<link rel="stylesheet" href="//play.pokemonshowdown.com/style/battle.css?0.8753245789963631" />
<link rel="stylesheet" href="//play.pokemonshowdown.com/style/utilichart.css?0.8627959624976733" />

<!-- Global site tag (gtag.js) - Google Analytics -->
<script async src="https://www.googletagmanager.com/gtag/js?id=UA-26211653-1"></script>
<script>
  window.dataLayer = window.dataLayer || [];
  function gtag(){dataLayer.push(arguments);}
  gtag('js', new Date());

  gtag('config', 'UA-26211653-1');
</script>
<!-- End Google Analytics -->
<!-- Venatus Ad Manager - Install in <HEAD> of page -->
	<script src="https://hb.vntsm.com/v3/live/ad-manager.min.js" type="text/javascript" data-site-id="642aba63ec9a7b11c3c9c1be" data-mode="scan" async></script>
<!-- / Venatus Ad Manager -->

<style>
	@media (max-width:820px) {
		.battle {
			margin: 0 auto;
		}
		.battle-log {
			margin: 7px auto 0;
			max-width: 640px;
			height: 300px;
			position: static;
		}
	}
	.optgroup {
		display: inline-block;
		line-height: 22px;
		font-size: 10pt;
	}
	.optgroup .button {
		height: 25px;
		padding-top: 0;
		padding-bottom: 0;
	}
	.optgroup button.button {
		padding-left: 12px;
		padding-right: 12px;
	}
	.linklist {
		list-style: none;
		margin: 0.5em 0;
		padding: 0;
	}
	.linklist li {
		padding: 2px 0;
	}
	.sidebar {
		float: left;
		width: 320px;
	}
	.bar-wrapper {
		max-width: 1100px;
		margin: 0 auto;
	}
	.bar-wrapper.has-sidebar {
		max-width: 1430px;
	}
	.mainbar {
		margin: 0;
		padding-right: 1px;
	}
	.mainbar.has-sidebar {
		margin-left: 330px;
	}
	@media (min-width: 1511px) {
		.sidebar {
			width: 400px;
		}
		.bar-wrapper.has-sidebar {
			max-width: 1510px;
		}
		.mainbar.has-sidebar {
			margin-left: 410px;
		}
	}
	.section.first-section {
		margin-top: 9px;
	}
	.blocklink small {
		white-space: normal;
	}
	.button {
		vertical-align: middle;
	}
	.replay-controls {
		padding-top: 10px;
	}
	.replay-controls h1 {
		font-size: 16pt;
		font-weight: normal;
		color: #CCC;
	}
	.pagelink {
		text-align: center;
	}
	.pagelink a {
		width: 150px;
	}
	.textbox, .button {
		font-size: 11pt;
		vertical-align: middle;
	}
	@media (max-width: 450px) {
		.button {
			font-size: 9pt;
		}
	}
</style>

<div>

	<header>
		<div class="nav-wrapper"><ul class="nav">
			<li><a class="button nav-first" href="//pokemonshowdown.com/"><img src="//pokemonshowdown.com/images/pokemonshowdownbeta.png" srcset="//pokemonshowdown.com/images/pokemonshowdownbeta.png 1x, //pokemonshowdown.com/images/pokemonshowdownbeta@2x.png 2x" alt="Pok&eacute;mon Showdown" width="146" height="44" /> Home</a></li>
			<li><a class="button" href="//pokemonshowdown.com/dex/">Pok&eacute;dex</a></li>
			<li><a class="button cur" href="/">Replays</a></li>
			<li><a class="button" href="//pokemonshowdown.com/ladder/">Ladder</a></li>
			<li><a class="button nav-last" href="//pokemonshowdown.com/forums/">Forum</a></li>
			<li><a class="button greenbutton nav-first nav-last" href="//play.pokemonshowdown.com/">Play</a></li>
		</ul></div>
	</header>

	<div class="main" id="main">

		<noscript><section class="section">You need to enable JavaScript to use this page; sorry!</section></noscript>

	</div>

</div>

<script defer nomodule src="//play.pokemonshowdown.com/js/lib/ps-polyfill.js"></script>
<script defer src="//play.pokemonshowdown.com/js/lib/preact.min.js"></script>

<script defer src="//play.pokemonshowdown.com/config/config.js?2bddbc15"></script>
<script defer src="//play.pokemonshowdown.com/js/lib/jquery-1.11.0.min.js"></script>
<script defer src="//play.pokemonshowdown.com/js/lib/html-sanitizer-minified.js"></script>
<script defer src="//play.pokemonshowdown.com/js/battle-sound.js"></script>
<script defer src="//play.pokemonshowdown.com/js/battledata.js?0.7209276989879541"></script>
<script defer src="//play.pokemonshowdown.com/data/pokedex-mini.js?0.6111056340867951"></script>
<script defer src="//play.pokemonshowdown.com/data/pokedex-mini-bw.js?0.3532142036491459"></script>
<script defer src="//play.pokemonshowdown.com/data/graphics.js?0.24223875632456182"></script>
<script defer src="//play.pokemonshowdown.com/data/pokedex.js?0.38839984266356864"></script>
<script defer src="//play.pokemonshowdown.com/data/moves.js?0.21866028504024015"></script>
<script defer src="//play.pokemonshowdown.com/data/abilities.js?0.2005157953846628"></script>
<script defer src="//play.pokemonshowdown.com/data/items.js?0.9894211263848525"></script>
<script defer src="//play.pokemonshowdown.com/data/teambuilder-tables.js?0.6008791140282215"></script>
<script defer src="//play.pokemonshowdown.com/js/battle-tooltips.js?0.7580118955022959"></script>
<script defer src="//play.pokemonshowdown.com/js/battle.js?0.6057722274234274"></script>

<script defer src="js/utils.js?e31f9a17"></script>
<script defer src="js/replays-battle.js?7008c182"></script>

<!-- don't scrape this data! just add .json or .log after the URL!
Full API docs: https://github.com/smogon/pokemon-showdown-client/blob/master/WEB-API.md -->
<script type="text/plain" class="log" id="replaylog-smogtours-gen3ou-804797">
|inactive|Battle timer is ON: inactive players will automatically lose when time's up.
|t:|1730751636
|gametype|singles
|player|p1|OOF_MAXIMA|cress|
|player|p2|Incognition|169|
|teamsize|p1|6
|teamsize|p2|6
|gen|3
|tier|[Gen 3] OU
|rule|Sleep Clause Mod: Limit one foe put to sleep
|rule|Switch Priority Clause Mod: Faster Pokémon switch first
|rule|Species Clause: Limit one of each Pokémon
|rule|OHKO Clause: OHKO moves are banned
|rule|Evasion Items Clause: Evasion items are banned
|rule|Evasion Moves Clause: Evasion moves are banned
|rule|Endless Battle Clause: Forcing endless battles is banned
|rule|HP Percentage Mod: HP is shown in percentages
|rule|One Boost Passer Clause: Limit one Baton Passer that has a way to boost its stats
|rule|Freeze Clause Mod: Limit one foe frozen
|
|t:|1730751636
|start
|switch|p1a: mythical goober|Dragonite, M|100/100
|switch|p2a: Salamence|Salamence, M|100/100
|-ability|p2a: Salamence|Intimidate|boost
|-unboost|p1a: mythical goober|atk|1
|turn|1
|c|☆OOF_MAXIMA|gl hf
|c|☆Incognition|hf
|c|☆Incognition|your teams are heat btw
|
|t:|1730751657
|move|p2a: Salamence|Dragon Claw|p1a: mythical goober
|-supereffective|p1a: mythical goober
|-damage|p1a: mythical goober|30/100
|move|p1a: mythical goober|Ice Beam|p2a: Salamence
|-supereffective|p2a: Salamence
|-damage|p2a: Salamence|0 fnt
|faint|p2a: Salamence
|
|t:|1730751685
|switch|p2a: Tyranitar|Tyranitar, M|100/100
|-weather|Sandstorm|[from] ability: Sand Stream|[of] p2a: Tyranitar
|
|-weather|Sandstorm|[upkeep]
|-damage|p1a: mythical goober|24/100|[from] Sandstorm
|-heal|p1a: mythical goober|30/100|[from] item: Leftovers
|upkeep
|turn|2
|
|t:|1730751692
|move|p1a: mythical goober|Dynamic Punch|p2a: Tyranitar
|-supereffective|p2a: Tyranitar
|-damage|p2a: Tyranitar|35/100
|-start|p2a: Tyranitar|confusion
|-activate|p2a: Tyranitar|confusion
|move|p2a: Tyranitar|Pursuit|p1a: mythical goober
|-damage|p1a: mythical goober|11/100
|
|-weather|Sandstorm|[upkeep]
|-damage|p1a: mythical goober|5/100|[from] Sandstorm
|-heal|p1a: mythical goober|11/100|[from] item: Leftovers
|-heal|p2a: Tyranitar|41/100|[from] item: Leftovers
|upkeep
|turn|3
|
|t:|1730751705
|move|p1a: mythical goober|Dynamic Punch|p2a: Tyranitar
|-supereffective|p2a: Tyranitar
|-damage|p2a: Tyranitar|0 fnt
|faint|p2a: Tyranitar
|
|t:|1730751714
|switch|p2a: Gengar|Gengar, M|100/100
|
|-weather|Sandstorm|[upkeep]
|-damage|p2a: Gengar|94/100|[from] Sandstorm
|-damage|p1a: mythical goober|5/100|[from] Sandstorm
|-heal|p2a: Gengar|100/100|[from] item: Leftovers
|-heal|p1a: mythical goober|11/100|[from] item: Leftovers
|upkeep
|turn|4
|
|t:|1730751723
|switch|p1a: onion goober|Celebi|100/100
|move|p2a: Gengar|Thunderbolt|p1a: onion goober
|-resisted|p1a: onion goober
|-damage|p1a: onion goober|87/100
|
|-weather|Sandstorm|[upkeep]
|-damage|p2a: Gengar|94/100|[from] Sandstorm
|-damage|p1a: onion goober|81/100|[from] Sandstorm
|-heal|p2a: Gengar|100/100|[from] item: Leftovers
|-heal|p1a: onion goober|87/100|[from] item: Leftovers
|upkeep
|turn|5
|
|t:|1730751734
|switch|p1a: sandy goober|Tyranitar, F|100/100
|move|p2a: Gengar|Taunt|p1a: sandy goober
|-start|p1a: sandy goober|move: Taunt
|
|-weather|Sandstorm|[upkeep]
|-damage|p2a: Gengar|94/100|[from] Sandstorm
|-heal|p2a: Gengar|100/100|[from] item: Leftovers
|upkeep
|turn|6
|
|t:|1730751743
|move|p2a: Gengar|Will-O-Wisp|p1a: sandy goober|[miss]
|-miss|p2a: Gengar|p1a: sandy goober
|move|p1a: sandy goober|Crunch|p2a: Gengar
|-supereffective|p2a: Gengar
|-damage|p2a: Gengar|18/100
|-unboost|p2a: Gengar|spd|1
|
|-weather|Sandstorm|[upkeep]
|-damage|p2a: Gengar|12/100|[from] Sandstorm
|-heal|p2a: Gengar|18/100|[from] item: Leftovers
|-end|p1a: sandy goober|move: Taunt|[silent]
|upkeep
|turn|7
|
|t:|1730751753
|move|p2a: Gengar|Will-O-Wisp|p1a: sandy goober
|-status|p1a: sandy goober|brn
|move|p1a: sandy goober|Crunch|p2a: Gengar
|-supereffective|p2a: Gengar
|-damage|p2a: Gengar|0 fnt
|faint|p2a: Gengar
|
|t:|1730751761
|switch|p2a: Forretress|Forretress, F|100/100
|
|-weather|Sandstorm|[upkeep]
|-damage|p1a: sandy goober|88/100 brn|[from] brn
|upkeep
|turn|8
|
|t:|1730751766
|move|p1a: sandy goober|Fire Blast|p2a: Forretress
|-supereffective|p2a: Forretress
|-damage|p2a: Forretress|0 fnt
|faint|p2a: Forretress
|
|t:|1730751776
|switch|p2a: Swampert|Swampert, F|100/100
|
|-weather|Sandstorm|[upkeep]
|-heal|p1a: sandy goober|94/100 brn|[from] item: Leftovers
|-damage|p1a: sandy goober|82/100 brn|[from] brn
|upkeep
|turn|9
|
|t:|1730751782
|switch|p1a: bird goober|Skarmory, M|100/100
|move|p2a: Swampert|Surf|p1a: bird goober
|-damage|p1a: bird goober|72/100
|
|-weather|Sandstorm|[upkeep]
|-heal|p1a: bird goober|78/100|[from] item: Leftovers
|upkeep
|turn|10
|
|t:|1730751789
|move|p1a: bird goober|Spikes|p2a: Swampert
|-sidestart|p2: Incognition|Spikes
|move|p2a: Swampert|Surf|p1a: bird goober
|-damage|p1a: bird goober|46/100
|
|-weather|Sandstorm|[upkeep]
|-heal|p1a: bird goober|52/100|[from] item: Leftovers
|upkeep
|turn|11
|
|t:|1730751796
|switch|p1a: onion goober|Celebi|87/100
|move|p2a: Swampert|Surf|p1a: onion goober
|-resisted|p1a: onion goober
|-damage|p1a: onion goober|75/100
|
|-weather|Sandstorm|[upkeep]
|-damage|p1a: onion goober|69/100|[from] Sandstorm
|-heal|p1a: onion goober|75/100|[from] item: Leftovers
|upkeep
|turn|12
|
|t:|1730751805
|move|p1a: onion goober|Leech Seed|p2a: Swampert
|-start|p2a: Swampert|move: Leech Seed
|move|p2a: Swampert|Toxic|p1a: onion goober
|-status|p1a: onion goober|tox
|
|-weather|Sandstorm|[upkeep]
|-damage|p1a: onion goober|69/100 tox|[from] Sandstorm
|-heal|p1a: onion goober|75/100 tox|[from] item: Leftovers
|-damage|p1a: onion goober|69/100 tox|[from] psn
|-damage|p2a: Swampert|88/100|[from] Leech Seed|[of] p1a: onion goober
|-heal|p1a: onion goober|82/100 tox|[silent]
|upkeep
|turn|13
|
|t:|1730751820
|-curestatus|p1a: onion goober|tox|[from] ability: Natural Cure
|switch|p1a: bird goober|Skarmory, M|52/100
|switch|p2a: Blissey|Blissey, F|100/100
|-damage|p2a: Blissey|88/100|[from] Spikes
|
|-weather|Sandstorm|[upkeep]
|-damage|p2a: Blissey|82/100|[from] Sandstorm
|-heal|p1a: bird goober|58/100|[from] item: Leftovers
|-heal|p2a: Blissey|88/100|[from] item: Leftovers
|upkeep
|turn|14
|
|t:|1730751832
|move|p1a: bird goober|Spikes|p2a: Blissey
|-sidestart|p2: Incognition|Spikes
|move|p2a: Blissey|Calm Mind|p2a: Blissey
|-boost|p2a: Blissey|spa|1
|-boost|p2a: Blissey|spd|1
|
|-weather|Sandstorm|[upkeep]
|-damage|p2a: Blissey|82/100|[from] Sandstorm
|-heal|p1a: bird goober|64/100|[from] item: Leftovers
|-heal|p2a: Blissey|88/100|[from] item: Leftovers
|upkeep
|turn|15
|
|t:|1730751842
|switch|p1a: onion goober|Celebi|82/100
|move|p2a: Blissey|Thunderbolt|p1a: onion goober
|-resisted|p1a: onion goober
|-damage|p1a: onion goober|68/100
|
|-weather|Sandstorm|[upkeep]
|-damage|p1a: onion goober|61/100|[from] Sandstorm
|-damage|p2a: Blissey|82/100|[from] Sandstorm
|-heal|p1a: onion goober|68/100|[from] item: Leftovers
|-heal|p2a: Blissey|88/100|[from] item: Leftovers
|upkeep
|turn|16
|
|t:|1730751852
|move|p1a: onion goober|Leech Seed|p2a: Blissey
|-start|p2a: Blissey|move: Leech Seed
|move|p2a: Blissey|Ice Beam|p1a: onion goober
|-supereffective|p1a: onion goober
|-damage|p1a: onion goober|6/100
|
|-weather|Sandstorm|[upkeep]
|-damage|p1a: onion goober|0 fnt|[from] Sandstorm
|-damage|p2a: Blissey|82/100|[from] Sandstorm
|faint|p1a: onion goober
|-heal|p2a: Blissey|88/100|[from] item: Leftovers
|upkeep
|
|t:|1730751864
|switch|p1a: mythical goober|Dragonite, M|11/100
|turn|17
|
|t:|1730751867
|switch|p2a: Swampert|Swampert, F|88/100
|-damage|p2a: Swampert|71/100|[from] Spikes
|move|p1a: mythical goober|Dynamic Punch|p2a: Swampert|[miss]
|-miss|p1a: mythical goober|p2a: Swampert
|
|-weather|Sandstorm|[upkeep]
|-damage|p1a: mythical goober|5/100|[from] Sandstorm
|-heal|p1a: mythical goober|11/100|[from] item: Leftovers
|-heal|p2a: Swampert|78/100|[from] item: Leftovers
|upkeep
|turn|18
|
|t:|1730751880
|switch|p1a: bird goober|Skarmory, M|64/100
|move|p2a: Swampert|Protect||[still]
|-fail|p2a: Swampert
|
|-weather|Sandstorm|[upkeep]
|-heal|p1a: bird goober|70/100|[from] item: Leftovers
|-heal|p2a: Swampert|84/100|[from] item: Leftovers
|upkeep
|turn|19
|
|t:|1730751888
|move|p1a: bird goober|Spikes|p2a: Swampert
|-sidestart|p2: Incognition|Spikes
|move|p2a: Swampert|Surf|p1a: bird goober
|-damage|p1a: bird goober|39/100
|
|-weather|Sandstorm|[upkeep]
|-heal|p1a: bird goober|45/100|[from] item: Leftovers
|-heal|p2a: Swampert|90/100|[from] item: Leftovers
|upkeep
|turn|20
|
|t:|1730751897
|move|p2a: Swampert|Surf|p1a: bird goober
|-damage|p1a: bird goober|15/100
|move|p1a: bird goober|Roar|p2a: Swampert
|drag|p2a: Blissey|Blissey, F|88/100
|-damage|p2a: Blissey|63/100|[from] Spikes
|
|-weather|Sandstorm|[upkeep]
|-damage|p2a: Blissey|57/100|[from] Sandstorm
|-heal|p1a: bird goober|21/100|[from] item: Leftovers
|-heal|p2a: Blissey|63/100|[from] item: Leftovers
|upkeep
|turn|21
|
|t:|1730751910
|switch|p1a: mythical goober|Dragonite, M|11/100
|move|p2a: Blissey|Soft-Boiled|p2a: Blissey
|-heal|p2a: Blissey|100/100
|
|-weather|Sandstorm|[upkeep]
|-damage|p1a: mythical goober|5/100|[from] Sandstorm
|-damage|p2a: Blissey|94/100|[from] Sandstorm
|-heal|p1a: mythical goober|11/100|[from] item: Leftovers
|-heal|p2a: Blissey|100/100|[from] item: Leftovers
|upkeep
|turn|22
|
|t:|1730751929
|switch|p2a: Swampert|Swampert, F|90/100
|-damage|p2a: Swampert|65/100|[from] Spikes
|move|p1a: mythical goober|Dynamic Punch|p2a: Swampert
|-damage|p2a: Swampert|44/100
|-start|p2a: Swampert|confusion
|
|-weather|Sandstorm|[upkeep]
|-damage|p1a: mythical goober|5/100|[from] Sandstorm
|-heal|p1a: mythical goober|11/100|[from] item: Leftovers
|-heal|p2a: Swampert|50/100|[from] item: Leftovers
|upkeep
|turn|23
|
|t:|1730751946
|move|p1a: mythical goober|Dynamic Punch|p2a: Swampert|[miss]
|-miss|p1a: mythical goober|p2a: Swampert
|-activate|p2a: Swampert|confusion
|-damage|p2a: Swampert|44/100|[from] confusion
|
|-weather|Sandstorm|[upkeep]
|-damage|p1a: mythical goober|5/100|[from] Sandstorm
|-heal|p1a: mythical goober|11/100|[from] item: Leftovers
|-heal|p2a: Swampert|50/100|[from] item: Leftovers
|upkeep
|turn|24
|
|t:|1730751956
|move|p1a: mythical goober|Dynamic Punch|p2a: Swampert
|-damage|p2a: Swampert|29/100
|-activate|p2a: Swampert|confusion
|move|p2a: Swampert|Surf|p1a: mythical goober
|-resisted|p1a: mythical goober
|-damage|p1a: mythical goober|0 fnt
|faint|p1a: mythical goober
|inactive|OOF_MAXIMA has 270 seconds left.
|inactive|OOF_MAXIMA has 240 seconds left.
|
|t:|1730752021
|switch|p1a: muddy goober|Swampert, F|100/100
|
|-weather|Sandstorm|[upkeep]
|-heal|p2a: Swampert|35/100|[from] item: Leftovers
|upkeep
|turn|25
|
|t:|1730752029
|-end|p2a: Swampert|confusion
|move|p2a: Swampert|Protect|p2a: Swampert
|-singleturn|p2a: Swampert|Protect
|move|p1a: muddy goober|Earthquake|p2a: Swampert
|-activate|p2a: Swampert|Protect
|
|-weather|Sandstorm|[upkeep]
|-heal|p2a: Swampert|41/100|[from] item: Leftovers
|upkeep
|turn|26
|
|t:|1730752042
|move|p2a: Swampert|Toxic|p1a: muddy goober
|-status|p1a: muddy goober|tox
|move|p1a: muddy goober|Earthquake|p2a: Swampert
|-damage|p2a: Swampert|15/100
|
|-weather|Sandstorm|[upkeep]
|-heal|p2a: Swampert|21/100|[from] item: Leftovers
|-damage|p1a: muddy goober|94/100 tox|[from] psn
|upkeep
|turn|27
|
|t:|1730752056
|switch|p1a: ancient goober|Aerodactyl, M|100/100
|move|p2a: Swampert|Protect||[still]
|-fail|p2a: Swampert
|
|-weather|Sandstorm|[upkeep]
|-heal|p2a: Swampert|27/100|[from] item: Leftovers
|upkeep
|turn|28
|
|t:|1730752067
|move|p2a: Swampert|Protect|p2a: Swampert
|-singleturn|p2a: Swampert|Protect
|move|p1a: ancient goober|Double-Edge|p2a: Swampert
|-activate|p2a: Swampert|Protect
|
|-weather|Sandstorm|[upkeep]
|-heal|p2a: Swampert|34/100|[from] item: Leftovers
|upkeep
|turn|29
|
|t:|1730752076
|move|p1a: ancient goober|Double-Edge|p2a: Swampert
|-damage|p2a: Swampert|0 fnt
|faint|p2a: Swampert
|
|t:|1730752080
|switch|p2a: Blissey|Blissey, F|100/100
|-damage|p2a: Blissey|76/100|[from] Spikes
|
|-weather|Sandstorm|[upkeep]
|-damage|p2a: Blissey|69/100|[from] Sandstorm
|-heal|p2a: Blissey|76/100|[from] item: Leftovers
|upkeep
|turn|30
|
|t:|1730752090
|move|p1a: ancient goober|Double-Edge|p2a: Blissey
|-damage|p2a: Blissey|18/100
|move|p2a: Blissey|Soft-Boiled|p2a: Blissey
|-heal|p2a: Blissey|68/100
|
|-weather|Sandstorm|[upkeep]
|-damage|p2a: Blissey|62/100|[from] Sandstorm
|-heal|p2a: Blissey|68/100|[from] item: Leftovers
|upkeep
|turn|31
|
|t:|1730752099
|move|p1a: ancient goober|Double-Edge|p2a: Blissey
|-damage|p2a: Blissey|12/100
|move|p2a: Blissey|Ice Beam|p1a: ancient goober
|-supereffective|p1a: ancient goober
|-crit|p1a: ancient goober
|-damage|p1a: ancient goober|0 fnt
|faint|p1a: ancient goober
|
|t:|1730752112
|switch|p1a: muddy goober|Swampert, F|94/100 tox
|
|-weather|Sandstorm|[upkeep]
|-damage|p2a: Blissey|6/100|[from] Sandstorm
|-heal|p2a: Blissey|12/100|[from] item: Leftovers
|-heal|p1a: muddy goober|100/100 tox|[from] item: Leftovers
|-damage|p1a: muddy goober|94/100 tox|[from] psn
|upkeep
|turn|32
|
|t:|1730752120
|switch|p1a: bird goober|Skarmory, M|21/100
|move|p2a: Blissey|Soft-Boiled|p2a: Blissey
|-heal|p2a: Blissey|62/100
|
|-weather|Sandstorm|[upkeep]
|-damage|p2a: Blissey|56/100|[from] Sandstorm
|-heal|p1a: bird goober|27/100|[from] item: Leftovers
|-heal|p2a: Blissey|62/100|[from] item: Leftovers
|upkeep
|turn|33
|
|t:|1730752129
|move|p1a: bird goober|Toxic|p2a: Blissey
|-status|p2a: Blissey|tox
|move|p2a: Blissey|Thunderbolt|p1a: bird goober
|-supereffective|p1a: bird goober
|-damage|p1a: bird goober|0 fnt
|faint|p1a: bird goober
|
|t:|1730752131
|switch|p1a: sandy goober|Tyranitar, F|82/100 brn
|
|-weather|Sandstorm|[upkeep]
|-damage|p2a: Blissey|56/100 tox|[from] Sandstorm
|-heal|p1a: sandy goober|88/100 brn|[from] item: Leftovers
|-damage|p1a: sandy goober|76/100 brn|[from] brn
|-heal|p2a: Blissey|62/100 tox|[from] item: Leftovers
|-damage|p2a: Blissey|56/100 tox|[from] psn
|upkeep
|turn|34
|
|t:|1730752147
|-singleturn|p1a: sandy goober|move: Focus Punch
|move|p2a: Blissey|Soft-Boiled|p2a: Blissey
|-heal|p2a: Blissey|100/100 tox
|move|p1a: sandy goober|Focus Punch|p2a: Blissey
|-supereffective|p2a: Blissey
|-damage|p2a: Blissey|59/100 tox
|
|-weather|Sandstorm|[upkeep]
|-damage|p2a: Blissey|53/100 tox|[from] Sandstorm
|-heal|p1a: sandy goober|82/100 brn|[from] item: Leftovers
|-damage|p1a: sandy goober|70/100 brn|[from] brn
|-heal|p2a: Blissey|59/100 tox|[from] item: Leftovers
|-damage|p2a: Blissey|47/100 tox|[from] psn
|upkeep
|turn|35
|
|t:|1730752161
|-singleturn|p1a: sandy goober|move: Focus Punch
|move|p2a: Blissey|Soft-Boiled|p2a: Blissey
|-heal|p2a: Blissey|97/100 tox
|move|p1a: sandy goober|Focus Punch|p2a: Blissey
|-supereffective|p2a: Blissey
|-crit|p2a: Blissey
|-damage|p2a: Blissey|9/100 tox
|
|-weather|Sandstorm|[upkeep]
|-damage|p2a: Blissey|3/100 tox|[from] Sandstorm
|-heal|p1a: sandy goober|76/100 brn|[from] item: Leftovers
|-damage|p1a: sandy goober|63/100 brn|[from] brn
|-heal|p2a: Blissey|9/100 tox|[from] item: Leftovers
|-damage|p2a: Blissey|0 fnt|[from] psn
|faint|p2a: Blissey
|
|win|OOF_MAXIMA
|upkeep
|c|☆OOF_MAXIMA|gg
|c|☆Incognition|gg
|player|p1|

</script>
<script type="application/json" class="data" id="replaydata-smogtours-gen3ou-804797">
{"id":"smogtours-gen3ou-804797","format":"[Gen 3] OU","players":["OOF_MAXIMA","Incognition"],"uploadtime":1730752161,"views":112,"formatid":"gen3ou","rating":null,"private":0,"password":null}
</script>

<script defer src="js/replays.js?9d40a366"></script>
