<!DOCTYPE html>
<meta charset="utf-8" />
<meta name="viewport" content="width=device-width" />

<title>[Gen 3] OU: blyargh vs. Milkshook♡ - Replays - Pok&eacute;mon Showdown!</title>

<meta name="description" content="Watch a replay of a Pok&eacute;mon battle between blyargh and Milkshook♡! Format: [Gen 3] OU; Date: Nov 4, 2024" />
<!--

Hey, you! Looking in the source for the replay log?

You can find them in JSON format, just add `.json` at the end of a replay URL.

https://replay.pokemonshowdown.com/gen7randomdoublesbattle-865046831.json

Or, if you only need the log itself, add `.log` instead:

https://replay.pokemonshowdown.com/gen7randomdoublesbattle-865046831.log

-->

<link rel="stylesheet" href="//pokemonshowdown.com/style/global.css?0.023195364461161105" />
<link rel="stylesheet" href="//play.pokemonshowdown.com/style/font-awesome.css?0.13261647063804238" />
<link rel="stylesheet" href="//play.pokemonshowdown.com/style/battle.css?0.8753245789963631" />
<link rel="stylesheet" href="//play.pokemonshowdown.com/style/utilichart.css?0.8627959624976733" />

<!-- Global site tag (gtag.js) - Google Analytics -->
<script async src="https://www.googletagmanager.com/gtag/js?id=UA-26211653-1"></script>
<script>
  window.dataLayer = window.dataLayer || [];
  function gtag(){dataLayer.push(arguments);}
  gtag('js', new Date());

  gtag('config', 'UA-26211653-1');
</script>
<!-- End Google Analytics -->
<!-- Venatus Ad Manager - Install in <HEAD> of page -->
	<script src="https://hb.vntsm.com/v3/live/ad-manager.min.js" type="text/javascript" data-site-id="642aba63ec9a7b11c3c9c1be" data-mode="scan" async></script>
<!-- / Venatus Ad Manager -->

<style>
	@media (max-width:820px) {
		.battle {
			margin: 0 auto;
		}
		.battle-log {
			margin: 7px auto 0;
			max-width: 640px;
			height: 300px;
			position: static;
		}
	}
	.optgroup {
		display: inline-block;
		line-height: 22px;
		font-size: 10pt;
	}
	.optgroup .button {
		height: 25px;
		padding-top: 0;
		padding-bottom: 0;
	}
	.optgroup button.button {
		padding-left: 12px;
		padding-right: 12px;
	}
	.linklist {
		list-style: none;
		margin: 0.5em 0;
		padding: 0;
	}
	.linklist li {
		padding: 2px 0;
	}
	.sidebar {
		float: left;
		width: 320px;
	}
	.bar-wrapper {
		max-width: 1100px;
		margin: 0 auto;
	}
	.bar-wrapper.has-sidebar {
		max-width: 1430px;
	}
	.mainbar {
		margin: 0;
		padding-right: 1px;
	}
	.mainbar.has-sidebar {
		margin-left: 330px;
	}
	@media (min-width: 1511px) {
		.sidebar {
			width: 400px;
		}
		.bar-wrapper.has-sidebar {
			max-width: 1510px;
		}
		.mainbar.has-sidebar {
			margin-left: 410px;
		}
	}
	.section.first-section {
		margin-top: 9px;
	}
	.blocklink small {
		white-space: normal;
	}
	.button {
		vertical-align: middle;
	}
	.replay-controls {
		padding-top: 10px;
	}
	.replay-controls h1 {
		font-size: 16pt;
		font-weight: normal;
		color: #CCC;
	}
	.pagelink {
		text-align: center;
	}
	.pagelink a {
		width: 150px;
	}
	.textbox, .button {
		font-size: 11pt;
		vertical-align: middle;
	}
	@media (max-width: 450px) {
		.button {
			font-size: 9pt;
		}
	}
</style>

<div>

	<header>
		<div class="nav-wrapper"><ul class="nav">
			<li><a class="button nav-first" href="//pokemonshowdown.com/"><img src="//pokemonshowdown.com/images/pokemonshowdownbeta.png" srcset="//pokemonshowdown.com/images/pokemonshowdownbeta.png 1x, //pokemonshowdown.com/images/pokemonshowdownbeta@2x.png 2x" alt="Pok&eacute;mon Showdown" width="146" height="44" /> Home</a></li>
			<li><a class="button" href="//pokemonshowdown.com/dex/">Pok&eacute;dex</a></li>
			<li><a class="button cur" href="/">Replays</a></li>
			<li><a class="button" href="//pokemonshowdown.com/ladder/">Ladder</a></li>
			<li><a class="button nav-last" href="//pokemonshowdown.com/forums/">Forum</a></li>
			<li><a class="button greenbutton nav-first nav-last" href="//play.pokemonshowdown.com/">Play</a></li>
		</ul></div>
	</header>

	<div class="main" id="main">

		<noscript><section class="section">You need to enable JavaScript to use this page; sorry!</section></noscript>

	</div>

</div>

<script defer nomodule src="//play.pokemonshowdown.com/js/lib/ps-polyfill.js"></script>
<script defer src="//play.pokemonshowdown.com/js/lib/preact.min.js"></script>

<script defer src="//play.pokemonshowdown.com/config/config.js?2bddbc15"></script>
<script defer src="//play.pokemonshowdown.com/js/lib/jquery-1.11.0.min.js"></script>
<script defer src="//play.pokemonshowdown.com/js/lib/html-sanitizer-minified.js"></script>
<script defer src="//play.pokemonshowdown.com/js/battle-sound.js"></script>
<script defer src="//play.pokemonshowdown.com/js/battledata.js?0.7209276989879541"></script>
<script defer src="//play.pokemonshowdown.com/data/pokedex-mini.js?0.6111056340867951"></script>
<script defer src="//play.pokemonshowdown.com/data/pokedex-mini-bw.js?0.3532142036491459"></script>
<script defer src="//play.pokemonshowdown.com/data/graphics.js?0.24223875632456182"></script>
<script defer src="//play.pokemonshowdown.com/data/pokedex.js?0.38839984266356864"></script>
<script defer src="//play.pokemonshowdown.com/data/moves.js?0.21866028504024015"></script>
<script defer src="//play.pokemonshowdown.com/data/abilities.js?0.2005157953846628"></script>
<script defer src="//play.pokemonshowdown.com/data/items.js?0.9894211263848525"></script>
<script defer src="//play.pokemonshowdown.com/data/teambuilder-tables.js?0.6008791140282215"></script>
<script defer src="//play.pokemonshowdown.com/js/battle-tooltips.js?0.7580118955022959"></script>
<script defer src="//play.pokemonshowdown.com/js/battle.js?0.6057722274234274"></script>

<script defer src="js/utils.js?e31f9a17"></script>
<script defer src="js/replays-battle.js?7008c182"></script>

<!-- don't scrape this data! just add .json or .log after the URL!
Full API docs: https://github.com/smogon/pokemon-showdown-client/blob/master/WEB-API.md -->
<script type="text/plain" class="log" id="replaylog-smogtours-gen3ou-804791">
|inactive|Battle timer is ON: inactive players will automatically lose when time's up.
|t:|1730751053
|gametype|singles
|player|p1|blyargh|lady-gen6oras|
|player|p2|Milkshook♡|iris-gen5bw2|
|teamsize|p1|6
|teamsize|p2|6
|gen|3
|tier|[Gen 3] OU
|rule|Sleep Clause Mod: Limit one foe put to sleep
|rule|Switch Priority Clause Mod: Faster Pokémon switch first
|rule|Species Clause: Limit one of each Pokémon
|rule|OHKO Clause: OHKO moves are banned
|rule|Evasion Items Clause: Evasion items are banned
|rule|Evasion Moves Clause: Evasion moves are banned
|rule|Endless Battle Clause: Forcing endless battles is banned
|rule|HP Percentage Mod: HP is shown in percentages
|rule|One Boost Passer Clause: Limit one Baton Passer that has a way to boost its stats
|rule|Freeze Clause Mod: Limit one foe frozen
|
|t:|1730751053
|start
|switch|p1a: Salamence|Salamence, M|100/100
|switch|p2a: Tyranitar|Tyranitar, M|100/100
|-ability|p1a: Salamence|Intimidate|boost
|-unboost|p2a: Tyranitar|atk|1
|-weather|Sandstorm|[from] ability: Sand Stream|[of] p2a: Tyranitar
|turn|1
|inactive|Milkshook♡ also wants the timer to be on.
|c|☆Milkshook♡|gl hf
|c|☆blyargh|=
|
|t:|1730751062
|switch|p1a: Skarmory|Skarmory, M|100/100
|switch|p2a: Skarmory|Skarmory, F|100/100
|
|-weather|Sandstorm|[upkeep]
|upkeep
|turn|2
|
|t:|1730751066
|move|p2a: Skarmory|Taunt|p1a: Skarmory
|-start|p1a: Skarmory|move: Taunt
|cant|p1a: Skarmory|move: Taunt|Spikes
|
|-weather|Sandstorm|[upkeep]
|upkeep
|turn|3
|
|t:|1730751074
|switch|p1a: Jirachi|Jirachi|100/100
|move|p2a: Skarmory|Toxic|p1a: Jirachi
|-immune|p1a: Jirachi
|
|-weather|Sandstorm|[upkeep]
|upkeep
|turn|4
|
|t:|1730751079
|move|p1a: Jirachi|Fire Punch|p2a: Skarmory
|-supereffective|p2a: Skarmory
|-damage|p2a: Skarmory|63/100
|move|p2a: Skarmory|Spikes|p1a: Jirachi
|-sidestart|p1: blyargh|Spikes
|
|-weather|Sandstorm|[upkeep]
|-heal|p2a: Skarmory|69/100|[from] item: Leftovers
|upkeep
|turn|5
|
|t:|1730751085
|switch|p2a: Tyranitar|Tyranitar, M|100/100
|move|p1a: Jirachi|Fire Punch|p2a: Tyranitar
|-resisted|p2a: Tyranitar
|-damage|p2a: Tyranitar|93/100
|-status|p2a: Tyranitar|brn
|-enditem|p2a: Tyranitar|Lum Berry|[eat]
|-curestatus|p2a: Tyranitar|brn|[msg]
|
|-weather|Sandstorm|[upkeep]
|upkeep
|turn|6
|
|t:|1730751094
|move|p1a: Jirachi|Toxic|p2a: Tyranitar
|-status|p2a: Tyranitar|tox
|move|p2a: Tyranitar|Flamethrower|p1a: Jirachi
|-supereffective|p1a: Jirachi
|-damage|p1a: Jirachi|53/100
|
|-weather|Sandstorm|[upkeep]
|-heal|p1a: Jirachi|59/100|[from] item: Leftovers
|-damage|p2a: Tyranitar|86/100 tox|[from] psn
|upkeep
|turn|7
|
|t:|1730751100
|move|p1a: Jirachi|Protect|p1a: Jirachi
|-singleturn|p1a: Jirachi|Protect
|move|p2a: Tyranitar|Flamethrower|p1a: Jirachi
|-activate|p1a: Jirachi|Protect
|
|-weather|Sandstorm|[upkeep]
|-heal|p1a: Jirachi|66/100|[from] item: Leftovers
|-damage|p2a: Tyranitar|74/100 tox|[from] psn
|upkeep
|turn|8
|
|t:|1730751108
|switch|p1a: Claydol|Claydol|100/100
|move|p2a: Tyranitar|Flamethrower|p1a: Claydol
|-damage|p1a: Claydol|73/100
|
|-weather|Sandstorm|[upkeep]
|-heal|p1a: Claydol|79/100|[from] item: Leftovers
|-damage|p2a: Tyranitar|56/100 tox|[from] psn
|upkeep
|turn|9
|
|t:|1730751112
|move|p1a: Claydol|Earthquake|p2a: Tyranitar
|-supereffective|p2a: Tyranitar
|-damage|p2a: Tyranitar|0 fnt
|faint|p2a: Tyranitar
|
|t:|1730751139
|switch|p2a: Swampert|Swampert, M|100/100
|
|-weather|Sandstorm|[upkeep]
|-heal|p1a: Claydol|85/100|[from] item: Leftovers
|upkeep
|turn|10
|
|t:|1730751143
|switch|p1a: Skarmory|Skarmory, M|100/100
|move|p2a: Swampert|Ice Beam|p1a: Skarmory
|-damage|p1a: Skarmory|80/100
|-status|p1a: Skarmory|frz
|
|-weather|Sandstorm|[upkeep]
|-heal|p1a: Skarmory|86/100 frz|[from] item: Leftovers
|upkeep
|turn|11
|c|☆Milkshook♡|sry
|c|☆blyargh|pokemon
|inactive|blyargh disconnected and has 300 seconds to reconnect!
|player|p1|
|inactive|blyargh reconnected and has 275 seconds left.
|player|p1|blyargh|lady-gen6oras|
|
|t:|1730751182
|switch|p2a: Charizard|Charizard, M|100/100
|cant|p1a: Skarmory|frz
|
|-weather|Sandstorm|[upkeep]
|-damage|p2a: Charizard|94/100|[from] Sandstorm
|-heal|p2a: Charizard|100/100|[from] item: Leftovers
|-heal|p1a: Skarmory|92/100 frz|[from] item: Leftovers
|upkeep
|turn|12
|
|t:|1730751187
|switch|p1a: Suicune|Suicune|100/100
|-damage|p1a: Suicune|88/100|[from] Spikes
|move|p2a: Charizard|Flamethrower|p1a: Suicune
|-resisted|p1a: Suicune
|-damage|p1a: Suicune|70/100
|
|-weather|Sandstorm|[upkeep]
|-damage|p2a: Charizard|94/100|[from] Sandstorm
|-damage|p1a: Suicune|64/100|[from] Sandstorm
|-heal|p2a: Charizard|100/100|[from] item: Leftovers
|-heal|p1a: Suicune|70/100|[from] item: Leftovers
|upkeep
|turn|13
|
|t:|1730751206
|switch|p2a: Celebi|Celebi|100/100
|move|p1a: Suicune|Calm Mind|p1a: Suicune
|-boost|p1a: Suicune|spa|1
|-boost|p1a: Suicune|spd|1
|
|-weather|Sandstorm|[upkeep]
|-damage|p2a: Celebi|94/100|[from] Sandstorm
|-damage|p1a: Suicune|64/100|[from] Sandstorm
|-heal|p2a: Celebi|100/100|[from] item: Leftovers
|-heal|p1a: Suicune|70/100|[from] item: Leftovers
|upkeep
|turn|14
|
|t:|1730751211
|switch|p1a: Salamence|Salamence, M|100/100
|-ability|p1a: Salamence|Intimidate|boost
|-unboost|p2a: Celebi|atk|1
|move|p2a: Celebi|Calm Mind|p2a: Celebi
|-boost|p2a: Celebi|spa|1
|-boost|p2a: Celebi|spd|1
|
|-weather|Sandstorm|[upkeep]
|-damage|p1a: Salamence|94/100|[from] Sandstorm
|-damage|p2a: Celebi|94/100|[from] Sandstorm
|-heal|p1a: Salamence|100/100|[from] item: Leftovers
|-heal|p2a: Celebi|100/100|[from] item: Leftovers
|upkeep
|turn|15
|inactive|Milkshook♡ has 270 seconds left.
|
|t:|1730751243
|move|p1a: Salamence|Fire Blast|p2a: Celebi
|-supereffective|p2a: Celebi
|-damage|p2a: Celebi|49/100
|move|p2a: Celebi|Psychic|p1a: Salamence
|-damage|p1a: Salamence|26/100
|
|-weather|Sandstorm|[upkeep]
|-damage|p1a: Salamence|20/100|[from] Sandstorm
|-damage|p2a: Celebi|43/100|[from] Sandstorm
|-heal|p1a: Salamence|26/100|[from] item: Leftovers
|-heal|p2a: Celebi|49/100|[from] item: Leftovers
|upkeep
|turn|16
|inactive|Milkshook♡ has 270 seconds left.
|
|t:|1730751253
|switch|p2a: Swampert|Swampert, M|100/100
|move|p1a: Salamence|Fire Blast|p2a: Swampert
|-resisted|p2a: Swampert
|-damage|p2a: Swampert|84/100
|
|-weather|Sandstorm|[upkeep]
|-damage|p1a: Salamence|20/100|[from] Sandstorm
|-heal|p1a: Salamence|26/100|[from] item: Leftovers
|-heal|p2a: Swampert|90/100|[from] item: Leftovers
|upkeep
|turn|17
|inactive|Milkshook♡ has 270 seconds left.
|
|t:|1730751268
|move|p1a: Salamence|Hidden Power|p2a: Swampert
|-supereffective|p2a: Swampert
|-damage|p2a: Swampert|13/100
|move|p2a: Swampert|Ice Beam|p1a: Salamence
|-supereffective|p1a: Salamence
|-damage|p1a: Salamence|0 fnt
|faint|p1a: Salamence
|
|t:|1730751272
|switch|p1a: Suicune|Suicune|70/100
|-damage|p1a: Suicune|58/100|[from] Spikes
|
|-weather|Sandstorm|[upkeep]
|-damage|p1a: Suicune|51/100|[from] Sandstorm
|-heal|p1a: Suicune|58/100|[from] item: Leftovers
|-heal|p2a: Swampert|19/100|[from] item: Leftovers
|upkeep
|turn|18
|
|t:|1730751279
|switch|p2a: Jolteon|Jolteon, M|100/100
|move|p1a: Suicune|Surf|p2a: Jolteon
|-crit|p2a: Jolteon
|-damage|p2a: Jolteon|0 fnt
|faint|p2a: Jolteon
|
|t:|1730751281
|switch|p2a: Celebi|Celebi|49/100
|
|-weather|Sandstorm|[upkeep]
|-damage|p2a: Celebi|43/100|[from] Sandstorm
|-damage|p1a: Suicune|51/100|[from] Sandstorm
|-heal|p2a: Celebi|49/100|[from] item: Leftovers
|-heal|p1a: Suicune|58/100|[from] item: Leftovers
|upkeep
|turn|19
|
|t:|1730751286
|switch|p1a: Claydol|Claydol|85/100
|move|p2a: Celebi|Calm Mind|p2a: Celebi
|-boost|p2a: Celebi|spa|1
|-boost|p2a: Celebi|spd|1
|
|-weather|Sandstorm|[upkeep]
|-damage|p2a: Celebi|43/100|[from] Sandstorm
|-heal|p2a: Celebi|49/100|[from] item: Leftovers
|-heal|p1a: Claydol|91/100|[from] item: Leftovers
|upkeep
|turn|20
|
|t:|1730751299
|switch|p2a: Skarmory|Skarmory, F|69/100
|move|p1a: Claydol|Explosion|p2a: Skarmory
|-resisted|p2a: Skarmory
|-damage|p2a: Skarmory|16/100
|faint|p1a: Claydol
|
|t:|1730751303
|switch|p1a: Jirachi|Jirachi|66/100
|-damage|p1a: Jirachi|53/100|[from] Spikes
|
|-weather|Sandstorm|[upkeep]
|-heal|p1a: Jirachi|59/100|[from] item: Leftovers
|-heal|p2a: Skarmory|22/100|[from] item: Leftovers
|upkeep
|turn|21
|
|t:|1730751315
|switch|p2a: Charizard|Charizard, M|100/100
|move|p1a: Jirachi|Fire Punch|p2a: Charizard
|-resisted|p2a: Charizard
|-damage|p2a: Charizard|89/100
|
|-weather|Sandstorm|[upkeep]
|-damage|p2a: Charizard|83/100|[from] Sandstorm
|-heal|p2a: Charizard|89/100|[from] item: Leftovers
|-heal|p1a: Jirachi|66/100|[from] item: Leftovers
|upkeep
|turn|22
|
|t:|1730751320
|switch|p1a: Blissey|Blissey, F|100/100
|-damage|p1a: Blissey|88/100|[from] Spikes
|move|p2a: Charizard|Substitute|p2a: Charizard
|-start|p2a: Charizard|Substitute
|-damage|p2a: Charizard|64/100
|
|-weather|Sandstorm|[upkeep]
|-damage|p2a: Charizard|58/100|[from] Sandstorm
|-damage|p1a: Blissey|82/100|[from] Sandstorm
|-heal|p2a: Charizard|64/100|[from] item: Leftovers
|-heal|p1a: Blissey|88/100|[from] item: Leftovers
|upkeep
|turn|23
|inactive|blyargh has 270 seconds left.
|
|t:|1730751361
|-singleturn|p2a: Charizard|move: Focus Punch
|switch|p1a: Skarmory|Skarmory, M|92/100 frz
|move|p2a: Charizard|Focus Punch|p1a: Skarmory
|-damage|p1a: Skarmory|70/100 frz
|
|-weather|Sandstorm|[upkeep]
|-damage|p2a: Charizard|58/100|[from] Sandstorm
|-heal|p2a: Charizard|64/100|[from] item: Leftovers
|-heal|p1a: Skarmory|76/100 frz|[from] item: Leftovers
|upkeep
|turn|24
|
|t:|1730751369
|move|p2a: Charizard|Flamethrower|p1a: Skarmory
|-supereffective|p1a: Skarmory
|-damage|p1a: Skarmory|0 fnt
|faint|p1a: Skarmory
|
|t:|1730751374
|switch|p1a: Suicune|Suicune|58/100
|-damage|p1a: Suicune|45/100|[from] Spikes
|
|-weather|Sandstorm|[upkeep]
|-damage|p2a: Charizard|58/100|[from] Sandstorm
|-damage|p1a: Suicune|39/100|[from] Sandstorm
|-heal|p2a: Charizard|64/100|[from] item: Leftovers
|-heal|p1a: Suicune|45/100|[from] item: Leftovers
|upkeep
|turn|25
|
|t:|1730751393
|move|p2a: Charizard|Hidden Power|p1a: Suicune
|-supereffective|p1a: Suicune
|-damage|p1a: Suicune|12/100
|move|p1a: Suicune|Rest|p1a: Suicune
|-status|p1a: Suicune|slp|[from] move: Rest
|-heal|p1a: Suicune|100/100 slp|[silent]
|
|-weather|Sandstorm|[upkeep]
|-damage|p2a: Charizard|58/100|[from] Sandstorm
|-damage|p1a: Suicune|94/100 slp|[from] Sandstorm
|-heal|p2a: Charizard|64/100|[from] item: Leftovers
|-heal|p1a: Suicune|100/100 slp|[from] item: Leftovers
|upkeep
|turn|26
|
|t:|1730751402
|switch|p2a: Celebi|Celebi|49/100
|cant|p1a: Suicune|slp
|move|p1a: Suicune|Sleep Talk|p1a: Suicune
|move|p1a: Suicune|Rest|p1a: Suicune|[from]Sleep Talk
|
|-weather|Sandstorm|[upkeep]
|-damage|p2a: Celebi|43/100|[from] Sandstorm
|-damage|p1a: Suicune|94/100 slp|[from] Sandstorm
|-heal|p2a: Celebi|49/100|[from] item: Leftovers
|-heal|p1a: Suicune|100/100 slp|[from] item: Leftovers
|upkeep
|turn|27
|
|t:|1730751409
|switch|p2a: Skarmory|Skarmory, F|22/100
|cant|p1a: Suicune|slp
|move|p1a: Suicune|Sleep Talk|p1a: Suicune
|move|p1a: Suicune|Calm Mind|p1a: Suicune|[from]Sleep Talk
|-boost|p1a: Suicune|spa|1
|-boost|p1a: Suicune|spd|1
|
|-weather|Sandstorm|[upkeep]
|-damage|p1a: Suicune|94/100 slp|[from] Sandstorm
|-heal|p1a: Suicune|100/100 slp|[from] item: Leftovers
|-heal|p2a: Skarmory|28/100|[from] item: Leftovers
|upkeep
|turn|28
|
|t:|1730751420
|-curestatus|p1a: Suicune|slp|[msg]
|move|p1a: Suicune|Surf|p2a: Skarmory
|-damage|p2a: Skarmory|0 fnt
|faint|p2a: Skarmory
|
|t:|1730751424
|switch|p2a: Celebi|Celebi|49/100
|
|-weather|Sandstorm|[upkeep]
|-damage|p2a: Celebi|43/100|[from] Sandstorm
|-damage|p1a: Suicune|94/100|[from] Sandstorm
|-heal|p2a: Celebi|49/100|[from] item: Leftovers
|-heal|p1a: Suicune|100/100|[from] item: Leftovers
|upkeep
|turn|29
|
|t:|1730751435
|switch|p1a: Blissey|Blissey, F|88/100
|-damage|p1a: Blissey|76/100|[from] Spikes
|move|p2a: Celebi|Calm Mind|p2a: Celebi
|-boost|p2a: Celebi|spa|1
|-boost|p2a: Celebi|spd|1
|
|-weather|Sandstorm|[upkeep]
|-damage|p2a: Celebi|43/100|[from] Sandstorm
|-damage|p1a: Blissey|69/100|[from] Sandstorm
|-heal|p2a: Celebi|49/100|[from] item: Leftovers
|-heal|p1a: Blissey|76/100|[from] item: Leftovers
|upkeep
|turn|30
|
|t:|1730751455
|move|p2a: Celebi|Giga Drain|p1a: Blissey
|-damage|p1a: Blissey|59/100
|-heal|p2a: Celebi|64/100|[from] drain|[of] p1a: Blissey
|move|p1a: Blissey|Calm Mind|p1a: Blissey
|-boost|p1a: Blissey|spa|1
|-boost|p1a: Blissey|spd|1
|
|-weather|Sandstorm|[upkeep]
|-damage|p2a: Celebi|58/100|[from] Sandstorm
|-damage|p1a: Blissey|53/100|[from] Sandstorm
|-heal|p2a: Celebi|64/100|[from] item: Leftovers
|-heal|p1a: Blissey|59/100|[from] item: Leftovers
|upkeep
|turn|31
|
|t:|1730751461
|switch|p2a: Swampert|Swampert, M|19/100
|move|p1a: Blissey|Soft-Boiled|p1a: Blissey
|-heal|p1a: Blissey|100/100
|
|-weather|Sandstorm|[upkeep]
|-damage|p1a: Blissey|94/100|[from] Sandstorm
|-heal|p1a: Blissey|100/100|[from] item: Leftovers
|-heal|p2a: Swampert|25/100|[from] item: Leftovers
|upkeep
|turn|32
|
|t:|1730751464
|move|p1a: Blissey|Ice Beam|p2a: Swampert
|-damage|p2a: Swampert|0 fnt
|faint|p2a: Swampert
|
|t:|1730751470
|switch|p2a: Charizard|Charizard, M|64/100
|
|-weather|Sandstorm|[upkeep]
|-damage|p2a: Charizard|58/100|[from] Sandstorm
|-damage|p1a: Blissey|94/100|[from] Sandstorm
|-heal|p2a: Charizard|64/100|[from] item: Leftovers
|-heal|p1a: Blissey|100/100|[from] item: Leftovers
|upkeep
|turn|33
|
|t:|1730751475
|move|p2a: Charizard|Flamethrower|p1a: Blissey
|-damage|p1a: Blissey|88/100
|move|p1a: Blissey|Thunderbolt|p2a: Charizard
|-supereffective|p2a: Charizard
|-damage|p2a: Charizard|0 fnt
|faint|p2a: Charizard
|
|t:|1730751478
|switch|p2a: Celebi|Celebi|64/100
|
|-weather|Sandstorm|[upkeep]
|-damage|p2a: Celebi|58/100|[from] Sandstorm
|-damage|p1a: Blissey|81/100|[from] Sandstorm
|-heal|p2a: Celebi|64/100|[from] item: Leftovers
|-heal|p1a: Blissey|88/100|[from] item: Leftovers
|upkeep
|turn|34
|
|t:|1730751482
|move|p2a: Celebi|Giga Drain|p1a: Blissey
|-damage|p1a: Blissey|81/100
|-heal|p2a: Celebi|70/100|[from] drain|[of] p1a: Blissey
|move|p1a: Blissey|Ice Beam|p2a: Celebi
|-supereffective|p2a: Celebi
|-damage|p2a: Celebi|0 fnt
|faint|p2a: Celebi
|
|win|blyargh
|c|☆Milkshook♡|gg
|c|☆blyargh|ggs

</script>
<script type="application/json" class="data" id="replaydata-smogtours-gen3ou-804791">
{"id":"smogtours-gen3ou-804791","format":"[Gen 3] OU","players":["blyargh","Milkshook\u2661"],"uploadtime":1730751482,"views":71,"formatid":"gen3ou","rating":null,"private":0,"password":null}
</script>

<script defer src="js/replays.js?9d40a366"></script>
