<!DOCTYPE html>
<meta charset="utf-8" />
<meta name="viewport" content="width=device-width" />

<title>[Gen 3] OU: GreenCatKid vs. bandoodee - Replays - Pok&eacute;mon Showdown!</title>

<meta name="description" content="Watch a replay of a Pok&eacute;mon battle between GreenCatKid and bandoodee! Format: [Gen 3] OU; Date: Oct 14, 2024" />
<!--

Hey, you! Looking in the source for the replay log?

You can find them in JSON format, just add `.json` at the end of a replay URL.

https://replay.pokemonshowdown.com/gen7randomdoublesbattle-865046831.json

Or, if you only need the log itself, add `.log` instead:

https://replay.pokemonshowdown.com/gen7randomdoublesbattle-865046831.log

-->

<link rel="stylesheet" href="//pokemonshowdown.com/style/global.css?0.767286132409787" />
<link rel="stylesheet" href="//play.pokemonshowdown.com/style/font-awesome.css?0.9266228007934947" />
<link rel="stylesheet" href="//play.pokemonshowdown.com/style/battle.css?0.7924700842790926" />
<link rel="stylesheet" href="//play.pokemonshowdown.com/style/utilichart.css?0.8777417872839479" />

<!-- Global site tag (gtag.js) - Google Analytics -->
<script async src="https://www.googletagmanager.com/gtag/js?id=UA-26211653-1"></script>
<script>
  window.dataLayer = window.dataLayer || [];
  function gtag(){dataLayer.push(arguments);}
  gtag('js', new Date());

  gtag('config', 'UA-26211653-1');
</script>
<!-- End Google Analytics -->
<!-- Venatus Ad Manager - Install in <HEAD> of page -->
	<script src="https://hb.vntsm.com/v3/live/ad-manager.min.js" type="text/javascript" data-site-id="642aba63ec9a7b11c3c9c1be" data-mode="scan" async></script>
<!-- / Venatus Ad Manager -->

<style>
	@media (max-width:820px) {
		.battle {
			margin: 0 auto;
		}
		.battle-log {
			margin: 7px auto 0;
			max-width: 640px;
			height: 300px;
			position: static;
		}
	}
	.optgroup {
		display: inline-block;
		line-height: 22px;
		font-size: 10pt;
	}
	.optgroup .button {
		height: 25px;
		padding-top: 0;
		padding-bottom: 0;
	}
	.optgroup button.button {
		padding-left: 12px;
		padding-right: 12px;
	}
	.linklist {
		list-style: none;
		margin: 0.5em 0;
		padding: 0;
	}
	.linklist li {
		padding: 2px 0;
	}
	.sidebar {
		float: left;
		width: 320px;
	}
	.bar-wrapper {
		max-width: 1100px;
		margin: 0 auto;
	}
	.bar-wrapper.has-sidebar {
		max-width: 1430px;
	}
	.mainbar {
		margin: 0;
		padding-right: 1px;
	}
	.mainbar.has-sidebar {
		margin-left: 330px;
	}
	@media (min-width: 1511px) {
		.sidebar {
			width: 400px;
		}
		.bar-wrapper.has-sidebar {
			max-width: 1510px;
		}
		.mainbar.has-sidebar {
			margin-left: 410px;
		}
	}
	.section.first-section {
		margin-top: 9px;
	}
	.blocklink small {
		white-space: normal;
	}
	.button {
		vertical-align: middle;
	}
	.replay-controls {
		padding-top: 10px;
	}
	.replay-controls h1 {
		font-size: 16pt;
		font-weight: normal;
		color: #CCC;
	}
	.pagelink {
		text-align: center;
	}
	.pagelink a {
		width: 150px;
	}
	.textbox, .button {
		font-size: 11pt;
		vertical-align: middle;
	}
	@media (max-width: 450px) {
		.button {
			font-size: 9pt;
		}
	}
</style>

<div>

	<header>
		<div class="nav-wrapper"><ul class="nav">
			<li><a class="button nav-first" href="//pokemonshowdown.com/"><img src="//pokemonshowdown.com/images/pokemonshowdownbeta.png" srcset="//pokemonshowdown.com/images/pokemonshowdownbeta.png 1x, //pokemonshowdown.com/images/pokemonshowdownbeta@2x.png 2x" alt="Pok&eacute;mon Showdown" width="146" height="44" /> Home</a></li>
			<li><a class="button" href="//pokemonshowdown.com/dex/">Pok&eacute;dex</a></li>
			<li><a class="button cur" href="/">Replays</a></li>
			<li><a class="button" href="//pokemonshowdown.com/ladder/">Ladder</a></li>
			<li><a class="button nav-last" href="//pokemonshowdown.com/forums/">Forum</a></li>
			<li><a class="button greenbutton nav-first nav-last" href="//play.pokemonshowdown.com/">Play</a></li>
		</ul></div>
	</header>

	<div class="main" id="main">

		<noscript><section class="section">You need to enable JavaScript to use this page; sorry!</section></noscript>

	</div>

</div>

<script defer nomodule src="//play.pokemonshowdown.com/js/lib/ps-polyfill.js"></script>
<script defer src="//play.pokemonshowdown.com/js/lib/preact.min.js"></script>

<script defer src="//play.pokemonshowdown.com/config/config.js?6dec07f6"></script>
<script defer src="//play.pokemonshowdown.com/js/lib/jquery-1.11.0.min.js"></script>
<script defer src="//play.pokemonshowdown.com/js/lib/html-sanitizer-minified.js"></script>
<script defer src="//play.pokemonshowdown.com/js/battle-sound.js"></script>
<script defer src="//play.pokemonshowdown.com/js/battledata.js?0.6315294753075389"></script>
<script defer src="//play.pokemonshowdown.com/data/pokedex-mini.js?0.7603743185311358"></script>
<script defer src="//play.pokemonshowdown.com/data/pokedex-mini-bw.js?0.030888842834281283"></script>
<script defer src="//play.pokemonshowdown.com/data/graphics.js?0.05593094747507488"></script>
<script defer src="//play.pokemonshowdown.com/data/pokedex.js?0.47064822249611904"></script>
<script defer src="//play.pokemonshowdown.com/data/moves.js?0.8583693120512459"></script>
<script defer src="//play.pokemonshowdown.com/data/abilities.js?0.16017181182386842"></script>
<script defer src="//play.pokemonshowdown.com/data/items.js?0.4163379185673943"></script>
<script defer src="//play.pokemonshowdown.com/data/teambuilder-tables.js?0.31075597372830477"></script>
<script defer src="//play.pokemonshowdown.com/js/battle-tooltips.js?0.6536193500708172"></script>
<script defer src="//play.pokemonshowdown.com/js/battle.js?0.1916591943277901"></script>

<script defer src="js/utils.js?e31f9a17"></script>
<script defer src="js/replays-battle.js?7008c182"></script>

<!-- don't scrape this data! just add .json or .log after the URL!
Full API docs: https://github.com/smogon/pokemon-showdown-client/blob/master/WEB-API.md -->
<script type="text/plain" class="log" id="replaylog-smogtours-gen3ou-798636">
|inactive|Battle timer is ON: inactive players will automatically lose when time's up.
|t:|1728916433
|gametype|singles
|player|p1|GreenCatKid|fisherman-gen4|
|player|p2|bandoodee|101|
|teamsize|p1|6
|teamsize|p2|6
|gen|3
|tier|[Gen 3] OU
|rule|Sleep Clause Mod: Limit one foe put to sleep
|rule|Switch Priority Clause Mod: Faster Pokémon switch first
|rule|Species Clause: Limit one of each Pokémon
|rule|OHKO Clause: OHKO moves are banned
|rule|Evasion Items Clause: Evasion items are banned
|rule|Evasion Moves Clause: Evasion moves are banned
|rule|Endless Battle Clause: Forcing endless battles is banned
|rule|HP Percentage Mod: HP is shown in percentages
|rule|One Boost Passer Clause: Limit one Baton Passer that has a way to boost its stats
|rule|Freeze Clause Mod: Limit one foe frozen
|
|t:|1728916433
|start
|switch|p1a: Hector|Salamence, F|100/100
|switch|p2a: Tyranitar|Tyranitar, M|100/100
|-ability|p1a: Hector|Intimidate|boost
|-unboost|p2a: Tyranitar|atk|1
|-weather|Sandstorm|[from] ability: Sand Stream|[of] p2a: Tyranitar
|turn|1
|inactive|GreenCatKid also wants the timer to be on.
|
|t:|1728916451
|switch|p1a: Ryan Gossling|Hariyama, F|100/100
|switch|p2a: Suicune|Suicune|100/100
|
|-weather|Sandstorm|[upkeep]
|-damage|p2a: Suicune|94/100|[from] Sandstorm
|-damage|p1a: Ryan Gossling|94/100|[from] Sandstorm
|-heal|p2a: Suicune|100/100|[from] item: Leftovers
|-heal|p1a: Ryan Gossling|100/100|[from] item: Leftovers
|upkeep
|turn|2
|
|t:|1728916456
|switch|p2a: Jirachi|Jirachi|100/100
|move|p1a: Ryan Gossling|Knock Off|p2a: Jirachi
|-damage|p2a: Jirachi|99/100
|-enditem|p2a: Jirachi|Leftovers|[from] move: Knock Off|[of] p1a: Ryan Gossling
|-hint|In Gens 3-4, Knock Off only makes the target's item unusable; it cannot obtain a new item.
|
|-weather|Sandstorm|[upkeep]
|-damage|p1a: Ryan Gossling|94/100|[from] Sandstorm
|-heal|p1a: Ryan Gossling|100/100|[from] item: Leftovers
|upkeep
|turn|3
|inactive|GreenCatKid has 270 seconds left.
|
|t:|1728916505
|switch|p1a: Bluey|Suicune|100/100
|move|p2a: Jirachi|Fire Punch|p1a: Bluey
|-resisted|p1a: Bluey
|-damage|p1a: Bluey|95/100
|
|-weather|Sandstorm|[upkeep]
|-damage|p1a: Bluey|89/100|[from] Sandstorm
|-heal|p1a: Bluey|95/100|[from] item: Leftovers
|upkeep
|turn|4
|
|t:|1728916532
|switch|p1a: Ryan Gossling|Hariyama, F|100/100
|move|p2a: Jirachi|Toxic|p1a: Ryan Gossling
|-status|p1a: Ryan Gossling|tox
|
|-weather|Sandstorm|[upkeep]
|-damage|p1a: Ryan Gossling|94/100 tox|[from] Sandstorm
|-heal|p1a: Ryan Gossling|100/100 tox|[from] item: Leftovers
|-damage|p1a: Ryan Gossling|94/100 tox|[from] psn
|upkeep
|turn|5
|inactive|GreenCatKid has 240 seconds left.
|
|t:|1728916554
|-singleturn|p1a: Ryan Gossling|move: Focus Punch
|move|p2a: Jirachi|Wish|p2a: Jirachi
|move|p1a: Ryan Gossling|Focus Punch|p2a: Jirachi
|-damage|p2a: Jirachi|34/100
|
|-weather|Sandstorm|[upkeep]
|-damage|p1a: Ryan Gossling|88/100 tox|[from] Sandstorm
|-heal|p1a: Ryan Gossling|94/100 tox|[from] item: Leftovers
|-damage|p1a: Ryan Gossling|82/100 tox|[from] psn
|upkeep
|turn|6
|inactive|GreenCatKid has 240 seconds left.
|
|t:|1728916578
|switch|p1a: Hector|Salamence, F|100/100
|-ability|p1a: Hector|Intimidate|boost
|-unboost|p2a: Jirachi|atk|1
|move|p2a: Jirachi|Protect||[still]
|-fail|p2a: Jirachi
|
|-heal|p2a: Jirachi|83/100|[from] move: Wish|[wisher] Jirachi
|-weather|Sandstorm|[upkeep]
|-damage|p1a: Hector|94/100|[from] Sandstorm
|upkeep
|turn|7
|
|t:|1728916590
|move|p2a: Jirachi|Protect|p2a: Jirachi
|-singleturn|p2a: Jirachi|Protect
|move|p1a: Hector|Earthquake|p2a: Jirachi
|-activate|p2a: Jirachi|Protect
|
|-weather|Sandstorm|[upkeep]
|-damage|p1a: Hector|88/100|[from] Sandstorm
|upkeep
|turn|8
|
|t:|1728916596
|switch|p2a: Claydol|Claydol|100/100
|move|p1a: Hector|Earthquake|p2a: Claydol
|-immune|p2a: Claydol
|
|-weather|Sandstorm|[upkeep]
|-damage|p1a: Hector|82/100|[from] Sandstorm
|upkeep
|turn|9
|inactive|GreenCatKid has 240 seconds left.
|
|t:|1728916609
|switch|p1a: Ryan Gossling|Hariyama, F|82/100 tox
|switch|p2a: Hariyama|Hariyama, M|100/100
|
|-weather|Sandstorm|[upkeep]
|-damage|p2a: Hariyama|94/100|[from] Sandstorm
|-damage|p1a: Ryan Gossling|76/100 tox|[from] Sandstorm
|-heal|p2a: Hariyama|100/100|[from] item: Leftovers
|-heal|p1a: Ryan Gossling|82/100 tox|[from] item: Leftovers
|-damage|p1a: Ryan Gossling|76/100 tox|[from] psn
|upkeep
|turn|10
|inactive|GreenCatKid has 240 seconds left.
|inactive|GreenCatKid has 210 seconds left.
|
|t:|1728916645
|move|p2a: Hariyama|Knock Off|p1a: Ryan Gossling
|-resisted|p1a: Ryan Gossling
|-damage|p1a: Ryan Gossling|75/100 tox
|-enditem|p1a: Ryan Gossling|Leftovers|[from] move: Knock Off|[of] p2a: Hariyama
|move|p1a: Ryan Gossling|Knock Off|p2a: Hariyama
|-resisted|p2a: Hariyama
|-damage|p2a: Hariyama|99/100
|-enditem|p2a: Hariyama|Leftovers|[from] move: Knock Off|[of] p1a: Ryan Gossling
|
|-weather|Sandstorm|[upkeep]
|-damage|p1a: Ryan Gossling|69/100 tox|[from] Sandstorm
|-damage|p2a: Hariyama|94/100|[from] Sandstorm
|-damage|p1a: Ryan Gossling|57/100 tox|[from] psn
|upkeep
|turn|11
|inactive|GreenCatKid has 210 seconds left.
|
|t:|1728916659
|switch|p1a: Aladdin|Jirachi|100/100
|switch|p2a: Claydol|Claydol|100/100
|
|-weather|Sandstorm|[upkeep]
|upkeep
|turn|12
|inactive|GreenCatKid has 210 seconds left.
|
|t:|1728916679
|switch|p2a: Hariyama|Hariyama, M|94/100
|move|p1a: Aladdin|Wish|p1a: Aladdin
|
|-weather|Sandstorm|[upkeep]
|-damage|p2a: Hariyama|87/100|[from] Sandstorm
|upkeep
|turn|13
|inactive|GreenCatKid has 210 seconds left.
|
|t:|1728916702
|-singleturn|p2a: Hariyama|move: Focus Punch
|switch|p1a: Hector|Salamence, F|82/100
|-ability|p1a: Hector|Intimidate|boost
|-unboost|p2a: Hariyama|atk|1
|move|p2a: Hariyama|Focus Punch|p1a: Hector
|-resisted|p1a: Hector
|-damage|p1a: Hector|53/100
|
|-heal|p1a: Hector|100/100|[from] move: Wish|[wisher] Aladdin
|-weather|Sandstorm|[upkeep]
|-damage|p1a: Hector|94/100|[from] Sandstorm
|-damage|p2a: Hariyama|81/100|[from] Sandstorm
|upkeep
|turn|14
|
|t:|1728916725
|switch|p2a: Claydol|Claydol|100/100
|move|p1a: Hector|Hidden Power|p2a: Claydol
|-damage|p2a: Claydol|35/100
|
|-weather|Sandstorm|[upkeep]
|-damage|p1a: Hector|88/100|[from] Sandstorm
|-heal|p2a: Claydol|41/100|[from] item: Leftovers
|upkeep
|turn|15
|
|t:|1728916738
|switch|p2a: Jirachi|Jirachi|83/100
|move|p1a: Hector|Hidden Power|p2a: Jirachi
|-resisted|p2a: Jirachi
|-damage|p2a: Jirachi|67/100
|
|-weather|Sandstorm|[upkeep]
|-damage|p1a: Hector|82/100|[from] Sandstorm
|upkeep
|turn|16
|
|t:|1728916744
|switch|p1a: Aladdin|Jirachi|100/100
|move|p2a: Jirachi|Wish|p2a: Jirachi
|
|-weather|Sandstorm|[upkeep]
|upkeep
|turn|17
|
|t:|1728916751
|switch|p2a: Claydol|Claydol|41/100
|move|p1a: Aladdin|Wish|p1a: Aladdin
|
|-heal|p2a: Claydol|91/100|[from] move: Wish|[wisher] Jirachi
|-weather|Sandstorm|[upkeep]
|-heal|p2a: Claydol|97/100|[from] item: Leftovers
|upkeep
|turn|18
|inactive|GreenCatKid has 210 seconds left.
|
|t:|1728916775
|switch|p1a: Ryan Gossling|Hariyama, F|57/100 tox
|switch|p2a: Jirachi|Jirachi|67/100
|
|-heal|p1a: Ryan Gossling|100/100 tox|[from] move: Wish|[wisher] Aladdin
|-weather|Sandstorm|[upkeep]
|-damage|p1a: Ryan Gossling|94/100 tox|[from] Sandstorm
|-damage|p1a: Ryan Gossling|88/100 tox|[from] psn
|upkeep
|turn|19
|
|t:|1728916794
|-singleturn|p1a: Ryan Gossling|move: Focus Punch
|move|p2a: Jirachi|Protect|p2a: Jirachi
|-singleturn|p2a: Jirachi|Protect
|move|p1a: Ryan Gossling|Focus Punch|p2a: Jirachi
|-activate|p2a: Jirachi|Protect
|
|-weather|Sandstorm|[upkeep]
|-damage|p1a: Ryan Gossling|82/100 tox|[from] Sandstorm
|-damage|p1a: Ryan Gossling|70/100 tox|[from] psn
|upkeep
|turn|20
|inactive|GreenCatKid has 180 seconds left.
|
|t:|1728916834
|switch|p1a: Hector|Salamence, F|82/100
|-ability|p1a: Hector|Intimidate|boost
|-unboost|p2a: Jirachi|atk|1
|move|p2a: Jirachi|Fire Punch|p1a: Hector
|-resisted|p1a: Hector
|-damage|p1a: Hector|71/100
|
|-weather|Sandstorm|[upkeep]
|-damage|p1a: Hector|65/100|[from] Sandstorm
|upkeep
|turn|21
|
|t:|1728916843
|move|p2a: Jirachi|Protect|p2a: Jirachi
|-singleturn|p2a: Jirachi|Protect
|move|p1a: Hector|Earthquake|p2a: Jirachi
|-activate|p2a: Jirachi|Protect
|
|-weather|Sandstorm|[upkeep]
|-damage|p1a: Hector|59/100|[from] Sandstorm
|upkeep
|turn|22
|
|t:|1728916860
|switch|p1a: Ryan Gossling|Hariyama, F|70/100 tox
|switch|p2a: Claydol|Claydol|97/100
|
|-weather|Sandstorm|[upkeep]
|-damage|p1a: Ryan Gossling|64/100 tox|[from] Sandstorm
|-heal|p2a: Claydol|100/100|[from] item: Leftovers
|-damage|p1a: Ryan Gossling|58/100 tox|[from] psn
|upkeep
|turn|23
|
|t:|1728916873
|switch|p2a: Hariyama|Hariyama, M|81/100
|move|p1a: Ryan Gossling|Knock Off|p2a: Hariyama
|-resisted|p2a: Hariyama
|-damage|p2a: Hariyama|80/100
|
|-weather|Sandstorm|[upkeep]
|-damage|p2a: Hariyama|74/100|[from] Sandstorm
|-damage|p1a: Ryan Gossling|52/100 tox|[from] Sandstorm
|-damage|p1a: Ryan Gossling|40/100 tox|[from] psn
|upkeep
|turn|24
|
|t:|1728916893
|-singleturn|p2a: Hariyama|move: Focus Punch
|switch|p1a: Aladdin|Jirachi|100/100
|move|p2a: Hariyama|Focus Punch|p1a: Aladdin
|-damage|p1a: Aladdin|51/100
|
|-weather|Sandstorm|[upkeep]
|-damage|p2a: Hariyama|68/100|[from] Sandstorm
|-heal|p1a: Aladdin|58/100|[from] item: Leftovers
|upkeep
|turn|25
|
|t:|1728916900
|-singleturn|p2a: Hariyama|move: Focus Punch
|move|p1a: Aladdin|Wish|p1a: Aladdin
|move|p2a: Hariyama|Focus Punch|p1a: Aladdin
|-damage|p1a: Aladdin|9/100
|
|-weather|Sandstorm|[upkeep]
|-damage|p2a: Hariyama|62/100|[from] Sandstorm
|-heal|p1a: Aladdin|15/100|[from] item: Leftovers
|upkeep
|turn|26
|
|t:|1728916922
|-singleturn|p2a: Hariyama|move: Focus Punch
|move|p1a: Aladdin|Protect|p1a: Aladdin
|-singleturn|p1a: Aladdin|Protect
|move|p2a: Hariyama|Focus Punch|p1a: Aladdin
|-activate|p1a: Aladdin|Protect
|
|-heal|p1a: Aladdin|65/100|[from] move: Wish|[wisher] Aladdin
|-weather|Sandstorm|[upkeep]
|-damage|p2a: Hariyama|56/100|[from] Sandstorm
|-heal|p1a: Aladdin|71/100|[from] item: Leftovers
|upkeep
|turn|27
|
|t:|1728916935
|switch|p2a: Jirachi|Jirachi|67/100
|move|p1a: Aladdin|Protect||[still]
|-fail|p1a: Aladdin
|
|-weather|Sandstorm|[upkeep]
|-heal|p1a: Aladdin|77/100|[from] item: Leftovers
|upkeep
|turn|28
|
|t:|1728916945
|move|p2a: Jirachi|Fire Punch|p1a: Aladdin
|-supereffective|p1a: Aladdin
|-damage|p1a: Aladdin|48/100
|move|p1a: Aladdin|Wish|p1a: Aladdin
|
|-weather|Sandstorm|[upkeep]
|-heal|p1a: Aladdin|54/100|[from] item: Leftovers
|upkeep
|turn|29
|
|t:|1728916959
|switch|p1a: Ryan Gossling|Hariyama, F|40/100 tox
|move|p2a: Jirachi|Fire Punch|p1a: Ryan Gossling
|-damage|p1a: Ryan Gossling|24/100 tox
|
|-heal|p1a: Ryan Gossling|74/100 tox|[from] move: Wish|[wisher] Aladdin
|-weather|Sandstorm|[upkeep]
|-damage|p1a: Ryan Gossling|68/100 tox|[from] Sandstorm
|-damage|p1a: Ryan Gossling|62/100 tox|[from] psn
|upkeep
|turn|30
|
|t:|1728916973
|switch|p1a: Aladdin|Jirachi|54/100
|move|p2a: Jirachi|Wish|p2a: Jirachi
|
|-weather|Sandstorm|[upkeep]
|-heal|p1a: Aladdin|61/100|[from] item: Leftovers
|upkeep
|turn|31
|
|t:|1728917001
|switch|p2a: Hariyama|Hariyama, M|56/100
|move|p1a: Aladdin|Wish|p1a: Aladdin
|
|-heal|p2a: Hariyama|100/100|[from] move: Wish|[wisher] Jirachi
|-weather|Sandstorm|[upkeep]
|-damage|p2a: Hariyama|94/100|[from] Sandstorm
|-heal|p1a: Aladdin|67/100|[from] item: Leftovers
|upkeep
|turn|32
|
|t:|1728917015
|move|p1a: Aladdin|Protect|p1a: Aladdin
|-singleturn|p1a: Aladdin|Protect
|move|p2a: Hariyama|Knock Off|p1a: Aladdin
|-activate|p1a: Aladdin|Protect
|
|-heal|p1a: Aladdin|100/100|[from] move: Wish|[wisher] Aladdin
|-weather|Sandstorm|[upkeep]
|-damage|p2a: Hariyama|88/100|[from] Sandstorm
|upkeep
|turn|33
|
|t:|1728917026
|move|p1a: Aladdin|Wish|p1a: Aladdin
|move|p2a: Hariyama|Knock Off|p1a: Aladdin
|-damage|p1a: Aladdin|99/100
|-enditem|p1a: Aladdin|Leftovers|[from] move: Knock Off|[of] p2a: Hariyama
|
|-weather|Sandstorm|[upkeep]
|-damage|p2a: Hariyama|82/100|[from] Sandstorm
|upkeep
|turn|34
|inactive|GreenCatKid has 150 seconds left.
|
|t:|1728917043
|switch|p1a: Hector|Salamence, F|59/100
|-ability|p1a: Hector|Intimidate|boost
|-unboost|p2a: Hariyama|atk|1
|move|p2a: Hariyama|Knock Off|p1a: Hector
|-damage|p1a: Hector|56/100
|-enditem|p1a: Hector|Choice Band|[from] move: Knock Off|[of] p2a: Hariyama
|
|-heal|p1a: Hector|100/100|[from] move: Wish|[wisher] Aladdin
|-weather|Sandstorm|[upkeep]
|-damage|p1a: Hector|94/100|[from] Sandstorm
|-damage|p2a: Hariyama|76/100|[from] Sandstorm
|upkeep
|turn|35
|inactive|GreenCatKid has 150 seconds left.
|
|t:|1728917060
|switch|p2a: Claydol|Claydol|100/100
|move|p1a: Hector|Hidden Power|p2a: Claydol
|-damage|p2a: Claydol|58/100
|
|-weather|Sandstorm|[upkeep]
|-damage|p1a: Hector|88/100|[from] Sandstorm
|-heal|p2a: Claydol|64/100|[from] item: Leftovers
|upkeep
|turn|36
|inactive|GreenCatKid has 150 seconds left.
|inactive|GreenCatKid has 120 seconds left.
|
|t:|1728917114
|switch|p2a: Suicune|Suicune|100/100
|move|p1a: Hector|Hidden Power|p2a: Suicune
|-damage|p2a: Suicune|78/100
|
|-weather|Sandstorm|[upkeep]
|-damage|p1a: Hector|82/100|[from] Sandstorm
|-damage|p2a: Suicune|72/100|[from] Sandstorm
|-heal|p2a: Suicune|78/100|[from] item: Leftovers
|upkeep
|turn|37
|
|t:|1728917127
|switch|p1a: Ryan Gossling|Hariyama, F|62/100 tox
|move|p2a: Suicune|Calm Mind|p2a: Suicune
|-boost|p2a: Suicune|spa|1
|-boost|p2a: Suicune|spd|1
|
|-weather|Sandstorm|[upkeep]
|-damage|p2a: Suicune|72/100|[from] Sandstorm
|-damage|p1a: Ryan Gossling|56/100 tox|[from] Sandstorm
|-heal|p2a: Suicune|78/100|[from] item: Leftovers
|-damage|p1a: Ryan Gossling|50/100 tox|[from] psn
|upkeep
|turn|38
|inactive|bandoodee has 270 seconds left.
|inactive|GreenCatKid has 90 seconds left.
|
|t:|1728917176
|-singleturn|p1a: Ryan Gossling|move: Focus Punch
|move|p2a: Suicune|Surf|p1a: Ryan Gossling
|-damage|p1a: Ryan Gossling|3/100 tox
|move|p1a: Ryan Gossling|Focus Punch||[still]
|cant|p1a: Ryan Gossling|Focus Punch|Focus Punch
|
|-weather|Sandstorm|[upkeep]
|-damage|p2a: Suicune|72/100|[from] Sandstorm
|-damage|p1a: Ryan Gossling|0 fnt|[from] Sandstorm
|faint|p1a: Ryan Gossling
|-heal|p2a: Suicune|78/100|[from] item: Leftovers
|upkeep
|inactive|GreenCatKid has 90 seconds left.
|
|t:|1728917190
|switch|p1a: Bluey|Suicune|95/100
|turn|39
|
|t:|1728917199
|move|p2a: Suicune|Roar|p1a: Bluey
|drag|p1a: Cocomelon|Claydol|100/100
|
|-weather|Sandstorm|[upkeep]
|-damage|p2a: Suicune|72/100|[from] Sandstorm
|-heal|p2a: Suicune|78/100|[from] item: Leftovers
|upkeep
|turn|40
|inactive|GreenCatKid has 90 seconds left.
|
|t:|1728917221
|switch|p1a: Aladdin|Jirachi|99/100
|move|p2a: Suicune|Surf|p1a: Aladdin
|-damage|p1a: Aladdin|61/100
|
|-weather|Sandstorm|[upkeep]
|-damage|p2a: Suicune|72/100|[from] Sandstorm
|-heal|p2a: Suicune|78/100|[from] item: Leftovers
|upkeep
|turn|41
|inactive|GreenCatKid has 90 seconds left.
|inactive|bandoodee has 270 seconds left.
|
|t:|1728917235
|move|p1a: Aladdin|Toxic|p2a: Suicune
|-status|p2a: Suicune|tox
|move|p2a: Suicune|Calm Mind|p2a: Suicune
|-boost|p2a: Suicune|spa|1
|-boost|p2a: Suicune|spd|1
|
|-weather|Sandstorm|[upkeep]
|-damage|p2a: Suicune|72/100 tox|[from] Sandstorm
|-heal|p2a: Suicune|78/100 tox|[from] item: Leftovers
|-damage|p2a: Suicune|72/100 tox|[from] psn
|upkeep
|turn|42
|
|t:|1728917242
|move|p1a: Aladdin|Wish|p1a: Aladdin
|move|p2a: Suicune|Surf|p1a: Aladdin
|-crit|p1a: Aladdin
|-damage|p1a: Aladdin|0 fnt
|faint|p1a: Aladdin
|
|t:|1728917252
|switch|p1a: Bluey|Suicune|95/100
|
|-weather|Sandstorm|[upkeep]
|-damage|p2a: Suicune|66/100 tox|[from] Sandstorm
|-damage|p1a: Bluey|89/100|[from] Sandstorm
|-heal|p2a: Suicune|72/100 tox|[from] item: Leftovers
|-heal|p1a: Bluey|95/100|[from] item: Leftovers
|-damage|p2a: Suicune|60/100 tox|[from] psn
|upkeep
|turn|43
|
|t:|1728917261
|move|p1a: Bluey|Calm Mind|p1a: Bluey
|-boost|p1a: Bluey|spa|1
|-boost|p1a: Bluey|spd|1
|move|p2a: Suicune|Rest|p2a: Suicune
|-status|p2a: Suicune|slp|[from] move: Rest
|-heal|p2a: Suicune|100/100 slp|[silent]
|
|-heal|p1a: Bluey|100/100|[from] move: Wish|[wisher] Aladdin
|-weather|Sandstorm|[upkeep]
|-damage|p2a: Suicune|94/100 slp|[from] Sandstorm
|-damage|p1a: Bluey|94/100|[from] Sandstorm
|-heal|p1a: Bluey|100/100|[from] item: Leftovers
|-heal|p2a: Suicune|100/100 slp|[from] item: Leftovers
|upkeep
|turn|44
|
|t:|1728917277
|switch|p2a: Hariyama|Hariyama, M|76/100
|move|p1a: Bluey|Calm Mind|p1a: Bluey
|-boost|p1a: Bluey|spa|1
|-boost|p1a: Bluey|spd|1
|
|-weather|Sandstorm|[upkeep]
|-damage|p1a: Bluey|94/100|[from] Sandstorm
|-damage|p2a: Hariyama|70/100|[from] Sandstorm
|-heal|p1a: Bluey|100/100|[from] item: Leftovers
|upkeep
|turn|45
|inactive|GreenCatKid has 90 seconds left.
|
|t:|1728917298
|switch|p1a: Hector|Salamence, F|82/100
|-ability|p1a: Hector|Intimidate|boost
|-unboost|p2a: Hariyama|atk|1
|move|p2a: Hariyama|Knock Off|p1a: Hector
|-damage|p1a: Hector|80/100
|
|-weather|Sandstorm|[upkeep]
|-damage|p1a: Hector|74/100|[from] Sandstorm
|-damage|p2a: Hariyama|64/100|[from] Sandstorm
|upkeep
|turn|46
|inactive|GreenCatKid has 90 seconds left.
|
|t:|1728917307
|switch|p2a: Jirachi|Jirachi|67/100
|move|p1a: Hector|Earthquake|p2a: Jirachi
|-supereffective|p2a: Jirachi
|-crit|p2a: Jirachi
|-damage|p2a: Jirachi|0 fnt
|faint|p2a: Jirachi
|
|t:|1728917313
|switch|p2a: Blissey|Blissey, F|100/100
|
|-weather|Sandstorm|[upkeep]
|-damage|p1a: Hector|68/100|[from] Sandstorm
|-damage|p2a: Blissey|94/100|[from] Sandstorm
|-heal|p2a: Blissey|100/100|[from] item: Leftovers
|upkeep
|turn|47
|inactive|GreenCatKid has 90 seconds left.
|inactive|GreenCatKid has 60 seconds left.
|
|t:|1728917363
|move|p1a: Hector|Brick Break|p2a: Blissey
|-supereffective|p2a: Blissey
|-damage|p2a: Blissey|46/100
|move|p2a: Blissey|Ice Beam|p1a: Hector
|-supereffective|p1a: Hector
|-damage|p1a: Hector|0 fnt
|faint|p1a: Hector
|
|t:|1728917379
|switch|p1a: Cocomelon|Claydol|100/100
|
|-weather|Sandstorm|[upkeep]
|-damage|p2a: Blissey|40/100|[from] Sandstorm
|-heal|p2a: Blissey|46/100|[from] item: Leftovers
|upkeep
|turn|48
|inactive|GreenCatKid has 30 seconds left.
|inactive|bandoodee has 270 seconds left.
|
|t:|1728917432
|switch|p2a: Claydol|Claydol|64/100
|move|p1a: Cocomelon|Explosion|p2a: Claydol
|-damage|p2a: Claydol|0 fnt
|faint|p1a: Cocomelon
|faint|p2a: Claydol
|
|t:|1728917437
|switch|p1a: Bluey|Suicune|100/100
|switch|p2a: Hariyama|Hariyama, M|64/100
|
|-weather|Sandstorm|[upkeep]
|-damage|p1a: Bluey|94/100|[from] Sandstorm
|-damage|p2a: Hariyama|58/100|[from] Sandstorm
|-heal|p1a: Bluey|100/100|[from] item: Leftovers
|upkeep
|turn|49
|
|t:|1728917453
|move|p1a: Bluey|Surf|p2a: Hariyama
|-damage|p2a: Hariyama|28/100
|move|p2a: Hariyama|Knock Off|p1a: Bluey
|-damage|p1a: Bluey|99/100
|-enditem|p1a: Bluey|Leftovers|[from] move: Knock Off|[of] p2a: Hariyama
|
|-weather|Sandstorm|[upkeep]
|-damage|p1a: Bluey|93/100|[from] Sandstorm
|-damage|p2a: Hariyama|22/100|[from] Sandstorm
|upkeep
|turn|50
|
|t:|1728917462
|switch|p2a: Blissey|Blissey, F|46/100
|move|p1a: Bluey|Calm Mind|p1a: Bluey
|-boost|p1a: Bluey|spa|1
|-boost|p1a: Bluey|spd|1
|
|-weather|Sandstorm|[upkeep]
|-damage|p1a: Bluey|86/100|[from] Sandstorm
|-damage|p2a: Blissey|40/100|[from] Sandstorm
|-heal|p2a: Blissey|46/100|[from] item: Leftovers
|upkeep
|turn|51
|
|t:|1728917478
|move|p1a: Bluey|Calm Mind|p1a: Bluey
|-boost|p1a: Bluey|spa|1
|-boost|p1a: Bluey|spd|1
|move|p2a: Blissey|Soft-Boiled|p2a: Blissey
|-heal|p2a: Blissey|96/100
|
|-weather|Sandstorm|[upkeep]
|-damage|p1a: Bluey|80/100|[from] Sandstorm
|-damage|p2a: Blissey|90/100|[from] Sandstorm
|-heal|p2a: Blissey|96/100|[from] item: Leftovers
|upkeep
|turn|52
|
|t:|1728917483
|move|p1a: Bluey|Calm Mind|p1a: Bluey
|-boost|p1a: Bluey|spa|1
|-boost|p1a: Bluey|spd|1
|move|p2a: Blissey|Aromatherapy|p2a: Blissey
|-cureteam|p2a: Blissey|[from] move: Aromatherapy
|
|-weather|Sandstorm|[upkeep]
|-damage|p1a: Bluey|74/100|[from] Sandstorm
|-damage|p2a: Blissey|90/100|[from] Sandstorm
|-heal|p2a: Blissey|96/100|[from] item: Leftovers
|upkeep
|turn|53
|
|t:|1728917500
|move|p1a: Bluey|Rest|p1a: Bluey
|-status|p1a: Bluey|slp|[from] move: Rest
|-heal|p1a: Bluey|100/100 slp|[silent]
|move|p2a: Blissey|Thunderbolt|p1a: Bluey
|-supereffective|p1a: Bluey
|-damage|p1a: Bluey|85/100 slp
|
|-weather|Sandstorm|[upkeep]
|-damage|p1a: Bluey|79/100 slp|[from] Sandstorm
|-damage|p2a: Blissey|90/100|[from] Sandstorm
|-heal|p2a: Blissey|96/100|[from] item: Leftovers
|upkeep
|turn|54
|
|t:|1728917513
|switch|p1a: Momo|Blissey, F|100/100
|switch|p2a: Suicune|Suicune|100/100
|
|-weather|Sandstorm|[upkeep]
|-damage|p2a: Suicune|94/100|[from] Sandstorm
|-damage|p1a: Momo|94/100|[from] Sandstorm
|-heal|p2a: Suicune|100/100|[from] item: Leftovers
|-heal|p1a: Momo|100/100|[from] item: Leftovers
|upkeep
|turn|55
|
|t:|1728917523
|switch|p2a: Tyranitar|Tyranitar, M|100/100
|move|p1a: Momo|Thunderbolt|p2a: Tyranitar
|-damage|p2a: Tyranitar|81/100
|
|-weather|Sandstorm|[upkeep]
|-damage|p1a: Momo|94/100|[from] Sandstorm
|-heal|p2a: Tyranitar|87/100|[from] item: Leftovers
|-heal|p1a: Momo|100/100|[from] item: Leftovers
|upkeep
|turn|56
|
|t:|1728917529
|move|p2a: Tyranitar|Dragon Dance|p2a: Tyranitar
|-boost|p2a: Tyranitar|atk|1
|-boost|p2a: Tyranitar|spe|1
|move|p1a: Momo|Aromatherapy|p1a: Momo
|-cureteam|p1a: Momo|[from] move: Aromatherapy
|
|-weather|Sandstorm|[upkeep]
|-damage|p1a: Momo|94/100|[from] Sandstorm
|-heal|p2a: Tyranitar|93/100|[from] item: Leftovers
|-heal|p1a: Momo|100/100|[from] item: Leftovers
|upkeep
|turn|57
|inactive|GreenCatKid has 30 seconds left.
|inactive|GreenCatKid has 20 seconds left.
|
|t:|1728917567
|move|p2a: Tyranitar|Dragon Dance|p2a: Tyranitar
|-boost|p2a: Tyranitar|atk|1
|-boost|p2a: Tyranitar|spe|1
|move|p1a: Momo|Ice Beam|p2a: Tyranitar
|-damage|p2a: Tyranitar|70/100
|-status|p2a: Tyranitar|frz
|
|-weather|Sandstorm|[upkeep]
|-damage|p1a: Momo|94/100|[from] Sandstorm
|-heal|p2a: Tyranitar|76/100 frz|[from] item: Leftovers
|-heal|p1a: Momo|100/100|[from] item: Leftovers
|upkeep
|turn|58
|inactive|GreenCatKid has 30 seconds left this turn.
|c|☆GreenCatKid|sorry
|c|☆bandoodee|oh my god 
|c|☆bandoodee|lol 
|inactive|bandoodee has 270 seconds left.
|
|t:|1728917605
|switch|p2a: Blissey|Blissey, F|96/100
|switch|p1a: Bluey|Suicune|79/100
|
|-weather|Sandstorm|[upkeep]
|-damage|p1a: Bluey|73/100|[from] Sandstorm
|-damage|p2a: Blissey|90/100|[from] Sandstorm
|-heal|p2a: Blissey|96/100|[from] item: Leftovers
|upkeep
|turn|59
|inactive|GreenCatKid has 30 seconds left.
|
|t:|1728917620
|move|p1a: Bluey|Calm Mind|p1a: Bluey
|-boost|p1a: Bluey|spa|1
|-boost|p1a: Bluey|spd|1
|move|p2a: Blissey|Thunderbolt|p1a: Bluey
|-supereffective|p1a: Bluey
|-damage|p1a: Bluey|48/100
|
|-weather|Sandstorm|[upkeep]
|-damage|p1a: Bluey|42/100|[from] Sandstorm
|-damage|p2a: Blissey|90/100|[from] Sandstorm
|-heal|p2a: Blissey|96/100|[from] item: Leftovers
|upkeep
|turn|60
|inactive|GreenCatKid has 30 seconds left.
|
|t:|1728917633
|move|p1a: Bluey|Calm Mind|p1a: Bluey
|-boost|p1a: Bluey|spa|1
|-boost|p1a: Bluey|spd|1
|move|p2a: Blissey|Aromatherapy|p2a: Blissey
|-cureteam|p2a: Blissey|[from] move: Aromatherapy
|
|-weather|Sandstorm|[upkeep]
|-damage|p1a: Bluey|35/100|[from] Sandstorm
|-damage|p2a: Blissey|90/100|[from] Sandstorm
|-heal|p2a: Blissey|96/100|[from] item: Leftovers
|upkeep
|turn|61
|inactive|GreenCatKid has 30 seconds left.
|
|t:|1728917644
|move|p1a: Bluey|Rest|p1a: Bluey
|-status|p1a: Bluey|slp|[from] move: Rest
|-heal|p1a: Bluey|100/100 slp|[silent]
|move|p2a: Blissey|Thunderbolt|p1a: Bluey
|-supereffective|p1a: Bluey
|-damage|p1a: Bluey|83/100 slp
|
|-weather|Sandstorm|[upkeep]
|-damage|p1a: Bluey|77/100 slp|[from] Sandstorm
|-damage|p2a: Blissey|90/100|[from] Sandstorm
|-heal|p2a: Blissey|96/100|[from] item: Leftovers
|upkeep
|turn|62
|inactive|GreenCatKid has 30 seconds left.
|
|t:|1728917654
|switch|p2a: Suicune|Suicune|100/100
|cant|p1a: Bluey|slp
|
|-weather|Sandstorm|[upkeep]
|-damage|p1a: Bluey|70/100 slp|[from] Sandstorm
|-damage|p2a: Suicune|94/100|[from] Sandstorm
|-heal|p2a: Suicune|100/100|[from] item: Leftovers
|upkeep
|turn|63
|inactive|GreenCatKid has 30 seconds left.
|
|t:|1728917660
|move|p2a: Suicune|Roar|p1a: Bluey
|drag|p1a: Momo|Blissey, F|100/100
|
|-weather|Sandstorm|[upkeep]
|-damage|p2a: Suicune|94/100|[from] Sandstorm
|-damage|p1a: Momo|94/100|[from] Sandstorm
|-heal|p2a: Suicune|100/100|[from] item: Leftovers
|-heal|p1a: Momo|100/100|[from] item: Leftovers
|upkeep
|turn|64
|
|t:|1728917665
|switch|p2a: Blissey|Blissey, F|96/100
|move|p1a: Momo|Aromatherapy|p1a: Momo
|-cureteam|p1a: Momo|[from] move: Aromatherapy
|
|-weather|Sandstorm|[upkeep]
|-damage|p2a: Blissey|90/100|[from] Sandstorm
|-damage|p1a: Momo|94/100|[from] Sandstorm
|-heal|p2a: Blissey|96/100|[from] item: Leftovers
|-heal|p1a: Momo|100/100|[from] item: Leftovers
|upkeep
|turn|65
|
|t:|1728917677
|switch|p2a: Suicune|Suicune|100/100
|move|p1a: Momo|Ice Beam|p2a: Suicune
|-resisted|p2a: Suicune
|-damage|p2a: Suicune|92/100
|
|-weather|Sandstorm|[upkeep]
|-damage|p2a: Suicune|85/100|[from] Sandstorm
|-damage|p1a: Momo|94/100|[from] Sandstorm
|-heal|p2a: Suicune|92/100|[from] item: Leftovers
|-heal|p1a: Momo|100/100|[from] item: Leftovers
|upkeep
|turn|66
|
|t:|1728917681
|switch|p2a: Blissey|Blissey, F|96/100
|move|p1a: Momo|Thunderbolt|p2a: Blissey
|-damage|p2a: Blissey|86/100
|
|-weather|Sandstorm|[upkeep]
|-damage|p2a: Blissey|80/100|[from] Sandstorm
|-damage|p1a: Momo|94/100|[from] Sandstorm
|-heal|p1a: Momo|100/100|[from] item: Leftovers
|-heal|p2a: Blissey|86/100|[from] item: Leftovers
|upkeep
|turn|67
|inactive|GreenCatKid has 60 seconds left.
|inactive|bandoodee has 270 seconds left.
|
|t:|1728917711
|move|p1a: Momo|Ice Beam|p2a: Blissey
|-damage|p2a: Blissey|76/100
|move|p2a: Blissey|Ice Beam|p1a: Momo
|-damage|p1a: Momo|90/100
|
|-weather|Sandstorm|[upkeep]
|-damage|p2a: Blissey|70/100|[from] Sandstorm
|-damage|p1a: Momo|84/100|[from] Sandstorm
|-heal|p1a: Momo|90/100|[from] item: Leftovers
|-heal|p2a: Blissey|76/100|[from] item: Leftovers
|upkeep
|turn|68
|inactive|bandoodee has 270 seconds left.
|
|t:|1728917735
|switch|p2a: Tyranitar|Tyranitar, M|76/100
|move|p1a: Momo|Ice Beam|p2a: Tyranitar
|-damage|p2a: Tyranitar|53/100
|
|-weather|Sandstorm|[upkeep]
|-damage|p1a: Momo|84/100|[from] Sandstorm
|-heal|p2a: Tyranitar|59/100|[from] item: Leftovers
|-heal|p1a: Momo|90/100|[from] item: Leftovers
|upkeep
|turn|69
|inactive|bandoodee has 270 seconds left.
|inactive|GreenCatKid has 60 seconds left.
|
|t:|1728917750
|switch|p1a: Bluey|Suicune|70/100
|move|p2a: Tyranitar|Rock Slide|p1a: Bluey
|-damage|p1a: Bluey|49/100
|
|-weather|Sandstorm|[upkeep]
|-damage|p1a: Bluey|43/100|[from] Sandstorm
|-heal|p2a: Tyranitar|66/100|[from] item: Leftovers
|upkeep
|turn|70
|inactive|GreenCatKid has 60 seconds left.
|inactive|bandoodee has 270 seconds left.
|
|t:|1728917768
|switch|p2a: Blissey|Blissey, F|76/100
|move|p1a: Bluey|Roar|p2a: Blissey
|drag|p2a: Tyranitar|Tyranitar, M|66/100
|
|-weather|Sandstorm|[upkeep]
|-damage|p1a: Bluey|37/100|[from] Sandstorm
|-heal|p2a: Tyranitar|72/100|[from] item: Leftovers
|upkeep
|turn|71
|inactive|GreenCatKid has 60 seconds left.
|inactive|bandoodee has 270 seconds left.
|
|t:|1728917777
|switch|p2a: Suicune|Suicune|92/100
|move|p1a: Bluey|Rest|p1a: Bluey
|-status|p1a: Bluey|slp|[from] move: Rest
|-heal|p1a: Bluey|100/100 slp|[silent]
|
|-weather|Sandstorm|[upkeep]
|-damage|p2a: Suicune|85/100|[from] Sandstorm
|-damage|p1a: Bluey|94/100 slp|[from] Sandstorm
|-heal|p2a: Suicune|92/100|[from] item: Leftovers
|upkeep
|turn|72
|inactive|bandoodee has 270 seconds left.
|
|t:|1728917793
|switch|p2a: Tyranitar|Tyranitar, M|72/100
|cant|p1a: Bluey|slp
|
|-weather|Sandstorm|[upkeep]
|-damage|p1a: Bluey|88/100 slp|[from] Sandstorm
|-heal|p2a: Tyranitar|78/100|[from] item: Leftovers
|upkeep
|turn|73
|inactive|bandoodee has 270 seconds left.
|
|t:|1728917805
|cant|p1a: Bluey|slp
|move|p2a: Tyranitar|Earthquake|p1a: Bluey
|-damage|p1a: Bluey|69/100 slp
|
|-weather|Sandstorm|[upkeep]
|-damage|p1a: Bluey|63/100 slp|[from] Sandstorm
|-heal|p2a: Tyranitar|84/100|[from] item: Leftovers
|upkeep
|turn|74
|inactive|bandoodee has 270 seconds left.
|
|t:|1728917811
|switch|p2a: Blissey|Blissey, F|76/100
|-curestatus|p1a: Bluey|slp|[msg]
|move|p1a: Bluey|Surf|p2a: Blissey
|-damage|p2a: Blissey|63/100
|
|-weather|Sandstorm|[upkeep]
|-damage|p1a: Bluey|56/100|[from] Sandstorm
|-damage|p2a: Blissey|57/100|[from] Sandstorm
|-heal|p2a: Blissey|63/100|[from] item: Leftovers
|upkeep
|turn|75
|
|t:|1728917819
|move|p1a: Bluey|Rest|p1a: Bluey
|-status|p1a: Bluey|slp|[from] move: Rest
|-heal|p1a: Bluey|100/100 slp|[silent]
|move|p2a: Blissey|Soft-Boiled|p2a: Blissey
|-heal|p2a: Blissey|100/100
|
|-weather|Sandstorm|[upkeep]
|-damage|p1a: Bluey|94/100 slp|[from] Sandstorm
|-damage|p2a: Blissey|94/100|[from] Sandstorm
|-heal|p2a: Blissey|100/100|[from] item: Leftovers
|upkeep
|turn|76
|
|t:|1728917822
|switch|p1a: Momo|Blissey, F|90/100
|switch|p2a: Tyranitar|Tyranitar, M|84/100
|
|-weather|Sandstorm|[upkeep]
|-damage|p1a: Momo|84/100|[from] Sandstorm
|-heal|p2a: Tyranitar|90/100|[from] item: Leftovers
|-heal|p1a: Momo|90/100|[from] item: Leftovers
|upkeep
|turn|77
|
|t:|1728917828
|move|p2a: Tyranitar|Rock Slide|p1a: Momo
|-damage|p1a: Momo|47/100
|move|p1a: Momo|Aromatherapy|p1a: Momo
|-cureteam|p1a: Momo|[from] move: Aromatherapy
|
|-weather|Sandstorm|[upkeep]
|-damage|p1a: Momo|41/100|[from] Sandstorm
|-heal|p2a: Tyranitar|97/100|[from] item: Leftovers
|-heal|p1a: Momo|47/100|[from] item: Leftovers
|upkeep
|turn|78
|
|t:|1728917848
|switch|p1a: Bluey|Suicune|94/100
|move|p2a: Tyranitar|Rock Slide|p1a: Bluey
|-damage|p1a: Bluey|70/100
|
|-weather|Sandstorm|[upkeep]
|-damage|p1a: Bluey|64/100|[from] Sandstorm
|-heal|p2a: Tyranitar|100/100|[from] item: Leftovers
|upkeep
|turn|79
|
|t:|1728917858
|switch|p2a: Blissey|Blissey, F|100/100
|move|p1a: Bluey|Calm Mind|p1a: Bluey
|-boost|p1a: Bluey|spa|1
|-boost|p1a: Bluey|spd|1
|
|-weather|Sandstorm|[upkeep]
|-damage|p1a: Bluey|58/100|[from] Sandstorm
|-damage|p2a: Blissey|94/100|[from] Sandstorm
|-heal|p2a: Blissey|100/100|[from] item: Leftovers
|upkeep
|turn|80
|inactive|GreenCatKid has 120 seconds left.
|
|t:|1728917871
|move|p1a: Bluey|Calm Mind|p1a: Bluey
|-boost|p1a: Bluey|spa|1
|-boost|p1a: Bluey|spd|1
|move|p2a: Blissey|Thunderbolt|p1a: Bluey
|-supereffective|p1a: Bluey
|-damage|p1a: Bluey|38/100
|
|-weather|Sandstorm|[upkeep]
|-damage|p1a: Bluey|32/100|[from] Sandstorm
|-damage|p2a: Blissey|94/100|[from] Sandstorm
|-heal|p2a: Blissey|100/100|[from] item: Leftovers
|upkeep
|turn|81
|inactive|GreenCatKid has 120 seconds left.
|
|t:|1728917879
|switch|p2a: Suicune|Suicune|92/100
|move|p1a: Bluey|Surf|p2a: Suicune
|-resisted|p2a: Suicune
|-damage|p2a: Suicune|70/100
|
|-weather|Sandstorm|[upkeep]
|-damage|p1a: Bluey|25/100|[from] Sandstorm
|-damage|p2a: Suicune|64/100|[from] Sandstorm
|-heal|p2a: Suicune|70/100|[from] item: Leftovers
|upkeep
|turn|82
|
|t:|1728917886
|move|p2a: Suicune|Calm Mind|p2a: Suicune
|-boost|p2a: Suicune|spa|1
|-boost|p2a: Suicune|spd|1
|move|p1a: Bluey|Rest|p1a: Bluey
|-status|p1a: Bluey|slp|[from] move: Rest
|-heal|p1a: Bluey|100/100 slp|[silent]
|
|-weather|Sandstorm|[upkeep]
|-damage|p1a: Bluey|94/100 slp|[from] Sandstorm
|-damage|p2a: Suicune|64/100|[from] Sandstorm
|-heal|p2a: Suicune|70/100|[from] item: Leftovers
|upkeep
|turn|83
|
|t:|1728917897
|switch|p2a: Hariyama|Hariyama, M|22/100
|cant|p1a: Bluey|slp
|
|-weather|Sandstorm|[upkeep]
|-damage|p1a: Bluey|88/100 slp|[from] Sandstorm
|-damage|p2a: Hariyama|16/100|[from] Sandstorm
|upkeep
|turn|84
|
|t:|1728917903
|-singleturn|p2a: Hariyama|move: Focus Punch
|cant|p1a: Bluey|slp
|move|p2a: Hariyama|Focus Punch|p1a: Bluey
|-damage|p1a: Bluey|44/100 slp
|
|-weather|Sandstorm|[upkeep]
|-damage|p1a: Bluey|38/100 slp|[from] Sandstorm
|-damage|p2a: Hariyama|10/100|[from] Sandstorm
|upkeep
|turn|85
|inactive|GreenCatKid has 150 seconds left.
|
|t:|1728917914
|switch|p2a: Suicune|Suicune|70/100
|-curestatus|p1a: Bluey|slp|[msg]
|move|p1a: Bluey|Surf|p2a: Suicune
|-resisted|p2a: Suicune
|-damage|p2a: Suicune|47/100
|
|-weather|Sandstorm|[upkeep]
|-damage|p1a: Bluey|32/100|[from] Sandstorm
|-damage|p2a: Suicune|40/100|[from] Sandstorm
|-heal|p2a: Suicune|47/100|[from] item: Leftovers
|upkeep
|turn|86
|
|t:|1728917934
|move|p2a: Suicune|Rest|p2a: Suicune
|-status|p2a: Suicune|slp|[from] move: Rest
|-heal|p2a: Suicune|100/100 slp|[silent]
|move|p1a: Bluey|Rest|p1a: Bluey
|-status|p1a: Bluey|slp|[from] move: Rest
|-heal|p1a: Bluey|100/100 slp|[silent]
|
|-weather|Sandstorm|[upkeep]
|-damage|p1a: Bluey|94/100 slp|[from] Sandstorm
|-damage|p2a: Suicune|94/100 slp|[from] Sandstorm
|-heal|p2a: Suicune|100/100 slp|[from] item: Leftovers
|upkeep
|turn|87
|inactive|GreenCatKid has 150 seconds left.
|
|t:|1728917954
|cant|p1a: Bluey|slp
|cant|p2a: Suicune|slp
|
|-weather|Sandstorm|[upkeep]
|-damage|p1a: Bluey|88/100 slp|[from] Sandstorm
|-damage|p2a: Suicune|94/100 slp|[from] Sandstorm
|-heal|p2a: Suicune|100/100 slp|[from] item: Leftovers
|upkeep
|turn|88
|
|t:|1728917960
|cant|p1a: Bluey|slp
|cant|p2a: Suicune|slp
|
|-weather|Sandstorm|[upkeep]
|-damage|p1a: Bluey|82/100 slp|[from] Sandstorm
|-damage|p2a: Suicune|94/100 slp|[from] Sandstorm
|-heal|p2a: Suicune|100/100 slp|[from] item: Leftovers
|upkeep
|turn|89
|
|t:|1728917963
|-curestatus|p1a: Bluey|slp|[msg]
|move|p1a: Bluey|Calm Mind|p1a: Bluey
|-boost|p1a: Bluey|spa|1
|-boost|p1a: Bluey|spd|1
|-curestatus|p2a: Suicune|slp|[msg]
|move|p2a: Suicune|Roar|p1a: Bluey
|drag|p1a: Momo|Blissey, F|47/100
|
|-weather|Sandstorm|[upkeep]
|-damage|p2a: Suicune|94/100|[from] Sandstorm
|-damage|p1a: Momo|41/100|[from] Sandstorm
|-heal|p2a: Suicune|100/100|[from] item: Leftovers
|-heal|p1a: Momo|47/100|[from] item: Leftovers
|upkeep
|turn|90
|
|t:|1728917974
|switch|p2a: Tyranitar|Tyranitar, M|100/100
|move|p1a: Momo|Thunderbolt|p2a: Tyranitar
|-damage|p2a: Tyranitar|80/100
|
|-weather|Sandstorm|[upkeep]
|-damage|p1a: Momo|41/100|[from] Sandstorm
|-heal|p2a: Tyranitar|87/100|[from] item: Leftovers
|-heal|p1a: Momo|47/100|[from] item: Leftovers
|upkeep
|turn|91
|
|t:|1728917981
|switch|p1a: Bluey|Suicune|82/100
|move|p2a: Tyranitar|Rock Slide|p1a: Bluey
|-damage|p1a: Bluey|60/100
|
|-weather|Sandstorm|[upkeep]
|-damage|p1a: Bluey|53/100|[from] Sandstorm
|-heal|p2a: Tyranitar|93/100|[from] item: Leftovers
|upkeep
|turn|92
|inactive|GreenCatKid has 180 seconds left.
|
|t:|1728918000
|switch|p2a: Blissey|Blissey, F|100/100
|move|p1a: Bluey|Surf|p2a: Blissey
|-damage|p2a: Blissey|87/100
|
|-weather|Sandstorm|[upkeep]
|-damage|p1a: Bluey|47/100|[from] Sandstorm
|-damage|p2a: Blissey|81/100|[from] Sandstorm
|-heal|p2a: Blissey|87/100|[from] item: Leftovers
|upkeep
|turn|93
|
|t:|1728918007
|switch|p1a: Momo|Blissey, F|47/100
|move|p2a: Blissey|Thunderbolt|p1a: Momo
|-damage|p1a: Momo|36/100
|
|-weather|Sandstorm|[upkeep]
|-damage|p2a: Blissey|81/100|[from] Sandstorm
|-damage|p1a: Momo|30/100|[from] Sandstorm
|-heal|p2a: Blissey|87/100|[from] item: Leftovers
|-heal|p1a: Momo|36/100|[from] item: Leftovers
|upkeep
|turn|94
|
|t:|1728918018
|switch|p2a: Tyranitar|Tyranitar, M|93/100
|move|p1a: Momo|Soft-Boiled|p1a: Momo
|-heal|p1a: Momo|86/100
|
|-weather|Sandstorm|[upkeep]
|-damage|p1a: Momo|80/100|[from] Sandstorm
|-heal|p2a: Tyranitar|99/100|[from] item: Leftovers
|-heal|p1a: Momo|86/100|[from] item: Leftovers
|upkeep
|turn|95
|
|t:|1728918027
|switch|p1a: Bluey|Suicune|47/100
|move|p2a: Tyranitar|Dragon Dance|p2a: Tyranitar
|-boost|p2a: Tyranitar|atk|1
|-boost|p2a: Tyranitar|spe|1
|
|-weather|Sandstorm|[upkeep]
|-damage|p1a: Bluey|41/100|[from] Sandstorm
|-heal|p2a: Tyranitar|100/100|[from] item: Leftovers
|upkeep
|turn|96
|
|t:|1728918043
|move|p2a: Tyranitar|Rock Slide|p1a: Bluey
|-damage|p1a: Bluey|9/100
|cant|p1a: Bluey|flinch
|
|-weather|Sandstorm|[upkeep]
|-damage|p1a: Bluey|3/100|[from] Sandstorm
|upkeep
|turn|97
|
|t:|1728918052
|move|p2a: Tyranitar|Earthquake|p1a: Bluey
|-damage|p1a: Bluey|0 fnt
|faint|p1a: Bluey
|c|☆GreenCatKid|gg
|
|t:|1728918062
|switch|p1a: Momo|Blissey, F|86/100
|
|-weather|Sandstorm|[upkeep]
|-damage|p1a: Momo|80/100|[from] Sandstorm
|-heal|p1a: Momo|86/100|[from] item: Leftovers
|upkeep
|turn|98
|
|t:|1728918066
|move|p2a: Tyranitar|Dragon Dance|p2a: Tyranitar
|-boost|p2a: Tyranitar|atk|1
|-boost|p2a: Tyranitar|spe|1
|move|p1a: Momo|Thunderbolt|p2a: Tyranitar
|-damage|p2a: Tyranitar|78/100
|
|-weather|Sandstorm|[upkeep]
|-damage|p1a: Momo|80/100|[from] Sandstorm
|-heal|p2a: Tyranitar|85/100|[from] item: Leftovers
|-heal|p1a: Momo|86/100|[from] item: Leftovers
|upkeep
|turn|99
|
|t:|1728918069
|move|p2a: Tyranitar|Dragon Dance|p2a: Tyranitar
|-boost|p2a: Tyranitar|atk|1
|-boost|p2a: Tyranitar|spe|1
|move|p1a: Momo|Ice Beam|p2a: Tyranitar
|-damage|p2a: Tyranitar|64/100
|
|-weather|Sandstorm|[upkeep]
|-damage|p1a: Momo|80/100|[from] Sandstorm
|-heal|p2a: Tyranitar|70/100|[from] item: Leftovers
|-heal|p1a: Momo|86/100|[from] item: Leftovers
|upkeep
|turn|100
|
|t:|1728918074
|move|p2a: Tyranitar|Dragon Dance|p2a: Tyranitar
|-boost|p2a: Tyranitar|atk|1
|-boost|p2a: Tyranitar|spe|1
|move|p1a: Momo|Ice Beam|p2a: Tyranitar
|-damage|p2a: Tyranitar|46/100
|
|-weather|Sandstorm|[upkeep]
|-damage|p1a: Momo|80/100|[from] Sandstorm
|-heal|p2a: Tyranitar|53/100|[from] item: Leftovers
|-heal|p1a: Momo|86/100|[from] item: Leftovers
|upkeep
|turn|101
|
|t:|1728918078
|move|p2a: Tyranitar|Earthquake|p1a: Momo
|-damage|p1a: Momo|0 fnt
|faint|p1a: Momo
|
|win|bandoodee
|c|☆bandoodee|gg

</script>
<script type="application/json" class="data" id="replaydata-smogtours-gen3ou-798636">
{"id":"smogtours-gen3ou-798636","format":"[Gen 3] OU","players":["GreenCatKid","bandoodee"],"uploadtime":1728918078,"views":169,"formatid":"gen3ou","rating":null,"private":0,"password":null}
</script>

<script defer src="js/replays.js?9d40a366"></script>
