<!DOCTYPE html>
<meta charset="utf-8" />
<meta name="viewport" content="width=device-width" />

<title>[Gen 3] OU: alphasapphire918 vs. Rambode - Replays - Pok&eacute;mon Showdown!</title>

<meta name="description" content="Watch a replay of a Pok&eacute;mon battle between alphasapphire918 and Rambode! Format: [Gen 3] OU; Date: Oct 23, 2024" />
<!--

Hey, you! Looking in the source for the replay log?

You can find them in JSON format, just add `.json` at the end of a replay URL.

https://replay.pokemonshowdown.com/gen7randomdoublesbattle-865046831.json

Or, if you only need the log itself, add `.log` instead:

https://replay.pokemonshowdown.com/gen7randomdoublesbattle-865046831.log

-->

<link rel="stylesheet" href="//pokemonshowdown.com/style/global.css?0.023195364461161105" />
<link rel="stylesheet" href="//play.pokemonshowdown.com/style/font-awesome.css?0.13261647063804238" />
<link rel="stylesheet" href="//play.pokemonshowdown.com/style/battle.css?0.8753245789963631" />
<link rel="stylesheet" href="//play.pokemonshowdown.com/style/utilichart.css?0.8627959624976733" />

<!-- Global site tag (gtag.js) - Google Analytics -->
<script async src="https://www.googletagmanager.com/gtag/js?id=UA-26211653-1"></script>
<script>
  window.dataLayer = window.dataLayer || [];
  function gtag(){dataLayer.push(arguments);}
  gtag('js', new Date());

  gtag('config', 'UA-26211653-1');
</script>
<!-- End Google Analytics -->
<!-- Venatus Ad Manager - Install in <HEAD> of page -->
	<script src="https://hb.vntsm.com/v3/live/ad-manager.min.js" type="text/javascript" data-site-id="642aba63ec9a7b11c3c9c1be" data-mode="scan" async></script>
<!-- / Venatus Ad Manager -->

<style>
	@media (max-width:820px) {
		.battle {
			margin: 0 auto;
		}
		.battle-log {
			margin: 7px auto 0;
			max-width: 640px;
			height: 300px;
			position: static;
		}
	}
	.optgroup {
		display: inline-block;
		line-height: 22px;
		font-size: 10pt;
	}
	.optgroup .button {
		height: 25px;
		padding-top: 0;
		padding-bottom: 0;
	}
	.optgroup button.button {
		padding-left: 12px;
		padding-right: 12px;
	}
	.linklist {
		list-style: none;
		margin: 0.5em 0;
		padding: 0;
	}
	.linklist li {
		padding: 2px 0;
	}
	.sidebar {
		float: left;
		width: 320px;
	}
	.bar-wrapper {
		max-width: 1100px;
		margin: 0 auto;
	}
	.bar-wrapper.has-sidebar {
		max-width: 1430px;
	}
	.mainbar {
		margin: 0;
		padding-right: 1px;
	}
	.mainbar.has-sidebar {
		margin-left: 330px;
	}
	@media (min-width: 1511px) {
		.sidebar {
			width: 400px;
		}
		.bar-wrapper.has-sidebar {
			max-width: 1510px;
		}
		.mainbar.has-sidebar {
			margin-left: 410px;
		}
	}
	.section.first-section {
		margin-top: 9px;
	}
	.blocklink small {
		white-space: normal;
	}
	.button {
		vertical-align: middle;
	}
	.replay-controls {
		padding-top: 10px;
	}
	.replay-controls h1 {
		font-size: 16pt;
		font-weight: normal;
		color: #CCC;
	}
	.pagelink {
		text-align: center;
	}
	.pagelink a {
		width: 150px;
	}
	.textbox, .button {
		font-size: 11pt;
		vertical-align: middle;
	}
	@media (max-width: 450px) {
		.button {
			font-size: 9pt;
		}
	}
</style>

<div>

	<header>
		<div class="nav-wrapper"><ul class="nav">
			<li><a class="button nav-first" href="//pokemonshowdown.com/"><img src="//pokemonshowdown.com/images/pokemonshowdownbeta.png" srcset="//pokemonshowdown.com/images/pokemonshowdownbeta.png 1x, //pokemonshowdown.com/images/pokemonshowdownbeta@2x.png 2x" alt="Pok&eacute;mon Showdown" width="146" height="44" /> Home</a></li>
			<li><a class="button" href="//pokemonshowdown.com/dex/">Pok&eacute;dex</a></li>
			<li><a class="button cur" href="/">Replays</a></li>
			<li><a class="button" href="//pokemonshowdown.com/ladder/">Ladder</a></li>
			<li><a class="button nav-last" href="//pokemonshowdown.com/forums/">Forum</a></li>
			<li><a class="button greenbutton nav-first nav-last" href="//play.pokemonshowdown.com/">Play</a></li>
		</ul></div>
	</header>

	<div class="main" id="main">

		<noscript><section class="section">You need to enable JavaScript to use this page; sorry!</section></noscript>

	</div>

</div>

<script defer nomodule src="//play.pokemonshowdown.com/js/lib/ps-polyfill.js"></script>
<script defer src="//play.pokemonshowdown.com/js/lib/preact.min.js"></script>

<script defer src="//play.pokemonshowdown.com/config/config.js?2bddbc15"></script>
<script defer src="//play.pokemonshowdown.com/js/lib/jquery-1.11.0.min.js"></script>
<script defer src="//play.pokemonshowdown.com/js/lib/html-sanitizer-minified.js"></script>
<script defer src="//play.pokemonshowdown.com/js/battle-sound.js"></script>
<script defer src="//play.pokemonshowdown.com/js/battledata.js?0.7209276989879541"></script>
<script defer src="//play.pokemonshowdown.com/data/pokedex-mini.js?0.6111056340867951"></script>
<script defer src="//play.pokemonshowdown.com/data/pokedex-mini-bw.js?0.3532142036491459"></script>
<script defer src="//play.pokemonshowdown.com/data/graphics.js?0.24223875632456182"></script>
<script defer src="//play.pokemonshowdown.com/data/pokedex.js?0.38839984266356864"></script>
<script defer src="//play.pokemonshowdown.com/data/moves.js?0.21866028504024015"></script>
<script defer src="//play.pokemonshowdown.com/data/abilities.js?0.2005157953846628"></script>
<script defer src="//play.pokemonshowdown.com/data/items.js?0.9894211263848525"></script>
<script defer src="//play.pokemonshowdown.com/data/teambuilder-tables.js?0.6008791140282215"></script>
<script defer src="//play.pokemonshowdown.com/js/battle-tooltips.js?0.7580118955022959"></script>
<script defer src="//play.pokemonshowdown.com/js/battle.js?0.6057722274234274"></script>

<script defer src="js/utils.js?e31f9a17"></script>
<script defer src="js/replays-battle.js?7008c182"></script>

<!-- don't scrape this data! just add .json or .log after the URL!
Full API docs: https://github.com/smogon/pokemon-showdown-client/blob/master/WEB-API.md -->
<script type="text/plain" class="log" id="replaylog-smogtours-gen3ou-801340">
|inactive|Battle timer is ON: inactive players will automatically lose when time's up.
|t:|1729650815
|gametype|singles
|player|p1|alphasapphire918|galacticgruntf|
|player|p2|Rambode|chase|
|teamsize|p1|6
|teamsize|p2|6
|gen|3
|tier|[Gen 3] OU
|rule|Sleep Clause Mod: Limit one foe put to sleep
|rule|Switch Priority Clause Mod: Faster Pokémon switch first
|rule|Species Clause: Limit one of each Pokémon
|rule|OHKO Clause: OHKO moves are banned
|rule|Evasion Items Clause: Evasion items are banned
|rule|Evasion Moves Clause: Evasion moves are banned
|rule|Endless Battle Clause: Forcing endless battles is banned
|rule|HP Percentage Mod: HP is shown in percentages
|rule|One Boost Passer Clause: Limit one Baton Passer that has a way to boost its stats
|rule|Freeze Clause Mod: Limit one foe frozen
|
|t:|1729650815
|start
|switch|p1a: Love Shocker|Metagross, shiny|100/100
|switch|p2a: Four|Metagross|100/100
|turn|1
|c|☆Rambode|gl hf
|c|☆alphasapphire918|glhf!
|
|t:|1729650839
|move|p2a: Four|Earthquake|p1a: Love Shocker
|-supereffective|p1a: Love Shocker
|-damage|p1a: Love Shocker|15/100
|move|p1a: Love Shocker|Earthquake|p2a: Four
|-supereffective|p2a: Four
|-damage|p2a: Four|10/100
|
|upkeep
|turn|2
|
|t:|1729650853
|switch|p2a: Also Four|Salamence, F|100/100
|-ability|p2a: Also Four|Intimidate|boost
|-fail|p1a: Love Shocker|unboost|[from] ability: Clear Body|[of] p1a: Love Shocker
|switch|p1a: Poison Jam|Gengar, F, shiny|100/100
|
|upkeep
|turn|3
|
|t:|1729650862
|switch|p2a: Two|Tyranitar, F, shiny|100/100
|-weather|Sandstorm|[from] ability: Sand Stream|[of] p2a: Two
|move|p1a: Poison Jam|Ice Punch|p2a: Two
|-damage|p2a: Two|77/100
|
|-weather|Sandstorm|[upkeep]
|-damage|p1a: Poison Jam|94/100|[from] Sandstorm
|-heal|p1a: Poison Jam|100/100|[from] item: Leftovers
|upkeep
|turn|4
|
|t:|1729650887
|-activate|p1a: Poison Jam|move: Pursuit
|move|p2a: Two|Pursuit|p1a: Poison Jam|[from]Pursuit
|-supereffective|p1a: Poison Jam
|-damage|p1a: Poison Jam|0 fnt
|faint|p1a: Poison Jam
|-hint|Previously chosen switches continue in Gen 2-4 after a Pursuit target faints.
|switch|p1a: Doom Rider|Suicune, shiny|100/100
|
|-weather|Sandstorm|[upkeep]
|-damage|p1a: Doom Rider|94/100|[from] Sandstorm
|-heal|p1a: Doom Rider|100/100|[from] item: Leftovers
|upkeep
|turn|5
|
|t:|1729650902
|switch|p2a: Two?|Snorlax, F|100/100
|move|p1a: Doom Rider|Surf|p2a: Two?
|-crit|p2a: Two?
|-damage|p2a: Two?|51/100
|
|-weather|Sandstorm|[upkeep]
|-damage|p1a: Doom Rider|94/100|[from] Sandstorm
|-damage|p2a: Two?|45/100|[from] Sandstorm
|-heal|p1a: Doom Rider|100/100|[from] item: Leftovers
|-heal|p2a: Two?|51/100|[from] item: Leftovers
|upkeep
|turn|6
|inactive|Rambode has 270 seconds left.
|inactive|alphasapphire918 has 270 seconds left.
|inactive|Rambode has 240 seconds left.
|inactive|Rambode has 210 seconds left.
|
|t:|1729650983
|switch|p1a: Noise Tank|Forretress, M, shiny|100/100
|move|p2a: Two?|Body Slam|p1a: Noise Tank
|-resisted|p1a: Noise Tank
|-damage|p1a: Noise Tank|86/100
|
|-weather|Sandstorm|[upkeep]
|-damage|p2a: Two?|45/100|[from] Sandstorm
|-heal|p1a: Noise Tank|92/100|[from] item: Leftovers
|-heal|p2a: Two?|51/100|[from] item: Leftovers
|upkeep
|turn|7
|
|t:|1729650990
|switch|p2a: Four|Metagross|10/100
|move|p1a: Noise Tank|Spikes|p2a: Four
|-sidestart|p2: Rambode|Spikes
|
|-weather|Sandstorm|[upkeep]
|-heal|p1a: Noise Tank|98/100|[from] item: Leftovers
|upkeep
|turn|8
|inactive|alphasapphire918 has 270 seconds left.
|
|t:|1729651007
|move|p2a: Four|Explosion|p1a: Noise Tank
|-resisted|p1a: Noise Tank
|-damage|p1a: Noise Tank|0 fnt
|faint|p2a: Four
|faint|p1a: Noise Tank
|inactive|alphasapphire918 has 270 seconds left.
|
|t:|1729651028
|switch|p2a: Foour|Suicune, shiny|100/100
|switch|p1a: Doom Rider|Suicune, shiny|100/100
|-damage|p2a: Foour|88/100|[from] Spikes
|
|-weather|Sandstorm|[upkeep]
|-damage|p2a: Foour|82/100|[from] Sandstorm
|-damage|p1a: Doom Rider|94/100|[from] Sandstorm
|-heal|p2a: Foour|88/100|[from] item: Leftovers
|-heal|p1a: Doom Rider|100/100|[from] item: Leftovers
|upkeep
|turn|9
|
|t:|1729651036
|switch|p1a: Immortal|Snorlax, M, shiny|100/100
|move|p2a: Foour|Roar|p1a: Immortal
|drag|p1a: Rapid 99|Tyranitar, F, shiny|100/100
|
|-weather|Sandstorm|[upkeep]
|-damage|p2a: Foour|82/100|[from] Sandstorm
|-heal|p2a: Foour|88/100|[from] item: Leftovers
|upkeep
|turn|10
|inactive|alphasapphire918 has 270 seconds left.
|
|t:|1729651050
|switch|p1a: Immortal|Snorlax, M, shiny|100/100
|move|p2a: Foour|Hydro Pump|p1a: Immortal
|-damage|p1a: Immortal|70/100
|
|-weather|Sandstorm|[upkeep]
|-damage|p2a: Foour|82/100|[from] Sandstorm
|-damage|p1a: Immortal|64/100|[from] Sandstorm
|-heal|p2a: Foour|88/100|[from] item: Leftovers
|-heal|p1a: Immortal|70/100|[from] item: Leftovers
|upkeep
|turn|11
|inactive|alphasapphire918 has 270 seconds left.
|
|t:|1729651062
|switch|p2a: None|Claydol|100/100
|move|p1a: Immortal|Body Slam|p2a: None
|-damage|p2a: None|62/100
|
|-weather|Sandstorm|[upkeep]
|-damage|p1a: Immortal|64/100|[from] Sandstorm
|-heal|p2a: None|68/100|[from] item: Leftovers
|-heal|p1a: Immortal|70/100|[from] item: Leftovers
|upkeep
|turn|12
|inactive|alphasapphire918 has 270 seconds left.
|
|t:|1729651075
|move|p2a: None|Rapid Spin|p1a: Immortal
|-damage|p1a: Immortal|65/100
|-sideend|p2: Rambode|Spikes|[from] move: Rapid Spin|[of] p2a: None
|move|p1a: Immortal|Shadow Ball|p2a: None
|-supereffective|p2a: None
|-damage|p2a: None|21/100
|
|-weather|Sandstorm|[upkeep]
|-damage|p1a: Immortal|59/100|[from] Sandstorm
|-heal|p2a: None|27/100|[from] item: Leftovers
|-heal|p1a: Immortal|65/100|[from] item: Leftovers
|upkeep
|turn|13
|inactive|alphasapphire918 has 270 seconds left.
|inactive|Rambode has 240 seconds left.
|
|t:|1729651097
|switch|p1a: Love Shocker|Metagross, shiny|15/100
|move|p2a: None|Earthquake|p1a: Love Shocker
|-supereffective|p1a: Love Shocker
|-damage|p1a: Love Shocker|0 fnt
|faint|p1a: Love Shocker
|
|t:|1729651105
|switch|p1a: Doom Rider|Suicune, shiny|100/100
|
|-weather|Sandstorm|[upkeep]
|-damage|p1a: Doom Rider|94/100|[from] Sandstorm
|-heal|p1a: Doom Rider|100/100|[from] item: Leftovers
|-heal|p2a: None|34/100|[from] item: Leftovers
|upkeep
|turn|14
|inactive|alphasapphire918 has 270 seconds left.
|
|t:|1729651118
|switch|p2a: Foour|Suicune, shiny|88/100
|move|p1a: Doom Rider|Surf|p2a: Foour
|-resisted|p2a: Foour
|-damage|p2a: Foour|72/100
|
|-weather|Sandstorm|[upkeep]
|-damage|p2a: Foour|66/100|[from] Sandstorm
|-damage|p1a: Doom Rider|94/100|[from] Sandstorm
|-heal|p2a: Foour|72/100|[from] item: Leftovers
|-heal|p1a: Doom Rider|100/100|[from] item: Leftovers
|upkeep
|turn|15
|
|t:|1729651127
|move|p1a: Doom Rider|Surf|p2a: Foour
|-resisted|p2a: Foour
|-damage|p2a: Foour|54/100
|move|p2a: Foour|Roar|p1a: Doom Rider
|drag|p1a: Rapid 99|Tyranitar, F, shiny|100/100
|
|-weather|Sandstorm|[upkeep]
|-damage|p2a: Foour|48/100|[from] Sandstorm
|-heal|p2a: Foour|54/100|[from] item: Leftovers
|upkeep
|turn|16
|
|t:|1729651138
|switch|p1a: Doom Rider|Suicune, shiny|100/100
|move|p2a: Foour|Hydro Pump|p1a: Doom Rider|[miss]
|-miss|p2a: Foour|p1a: Doom Rider
|
|-weather|Sandstorm|[upkeep]
|-damage|p2a: Foour|48/100|[from] Sandstorm
|-damage|p1a: Doom Rider|94/100|[from] Sandstorm
|-heal|p2a: Foour|54/100|[from] item: Leftovers
|-heal|p1a: Doom Rider|100/100|[from] item: Leftovers
|upkeep
|turn|17
|inactive|Rambode has 240 seconds left.
|
|t:|1729651155
|move|p1a: Doom Rider|Surf|p2a: Foour
|-resisted|p2a: Foour
|-damage|p2a: Foour|35/100
|move|p2a: Foour|Roar|p1a: Doom Rider
|drag|p1a: Rapid 99|Tyranitar, F, shiny|100/100
|
|-weather|Sandstorm|[upkeep]
|-damage|p2a: Foour|29/100|[from] Sandstorm
|-heal|p2a: Foour|35/100|[from] item: Leftovers
|upkeep
|turn|18
|inactive|Rambode has 240 seconds left.
|
|t:|1729651166
|switch|p2a: Two?|Snorlax, F|51/100
|switch|p1a: Doom Rider|Suicune, shiny|100/100
|
|-weather|Sandstorm|[upkeep]
|-damage|p1a: Doom Rider|94/100|[from] Sandstorm
|-damage|p2a: Two?|45/100|[from] Sandstorm
|-heal|p1a: Doom Rider|100/100|[from] item: Leftovers
|-heal|p2a: Two?|51/100|[from] item: Leftovers
|upkeep
|turn|19
|inactive|Rambode has 240 seconds left.
|
|t:|1729651179
|-singleturn|p2a: Two?|move: Focus Punch
|move|p1a: Doom Rider|Calm Mind|p1a: Doom Rider
|-boost|p1a: Doom Rider|spa|1
|-boost|p1a: Doom Rider|spd|1
|move|p2a: Two?|Focus Punch|p1a: Doom Rider
|-crit|p1a: Doom Rider
|-damage|p1a: Doom Rider|29/100
|
|-weather|Sandstorm|[upkeep]
|-damage|p1a: Doom Rider|23/100|[from] Sandstorm
|-damage|p2a: Two?|45/100|[from] Sandstorm
|-heal|p1a: Doom Rider|29/100|[from] item: Leftovers
|-heal|p2a: Two?|51/100|[from] item: Leftovers
|upkeep
|turn|20
|
|t:|1729651191
|move|p1a: Doom Rider|Rest|p1a: Doom Rider
|-status|p1a: Doom Rider|slp|[from] move: Rest
|-heal|p1a: Doom Rider|100/100 slp|[silent]
|move|p2a: Two?|Body Slam|p1a: Doom Rider
|-damage|p1a: Doom Rider|67/100 slp
|
|-weather|Sandstorm|[upkeep]
|-damage|p1a: Doom Rider|61/100 slp|[from] Sandstorm
|-damage|p2a: Two?|45/100|[from] Sandstorm
|-heal|p1a: Doom Rider|67/100 slp|[from] item: Leftovers
|-heal|p2a: Two?|51/100|[from] item: Leftovers
|upkeep
|turn|21
|inactive|Rambode has 240 seconds left.
|
|t:|1729651210
|cant|p1a: Doom Rider|slp
|move|p1a: Doom Rider|Sleep Talk|p1a: Doom Rider
|move|p1a: Doom Rider|Surf|p2a: Two?|[from]Sleep Talk
|-damage|p2a: Two?|14/100
|move|p2a: Two?|Self-Destruct|p1a: Doom Rider
|-damage|p1a: Doom Rider|0 fnt
|faint|p2a: Two?
|faint|p1a: Doom Rider
|inactive|Rambode has 240 seconds left.
|
|t:|1729651221
|switch|p1a: Rapid 99|Tyranitar, F, shiny|100/100
|switch|p2a: None|Claydol|34/100
|
|-weather|Sandstorm|[upkeep]
|-heal|p2a: None|40/100|[from] item: Leftovers
|upkeep
|turn|22
|
|t:|1729651235
|move|p1a: Rapid 99|Dragon Dance|p1a: Rapid 99
|-boost|p1a: Rapid 99|atk|1
|-boost|p1a: Rapid 99|spe|1
|move|p2a: None|Explosion|p1a: Rapid 99
|-resisted|p1a: Rapid 99
|-damage|p1a: Rapid 99|43/100
|faint|p2a: None
|
|t:|1729651237
|switch|p2a: Also Four|Salamence, F|100/100
|-ability|p2a: Also Four|Intimidate|boost
|-unboost|p1a: Rapid 99|atk|1
|
|-weather|Sandstorm|[upkeep]
|-damage|p2a: Also Four|94/100|[from] Sandstorm
|-heal|p2a: Also Four|100/100|[from] item: Leftovers
|upkeep
|turn|23
|
|t:|1729651251
|move|p1a: Rapid 99|Ice Beam|p2a: Also Four
|-supereffective|p2a: Also Four
|-damage|p2a: Also Four|0 fnt
|faint|p2a: Also Four
|
|t:|1729651253
|switch|p2a: Two|Tyranitar, F, shiny|77/100
|
|-weather|Sandstorm|[upkeep]
|upkeep
|turn|24
|inactive|Rambode has 240 seconds left.
|inactive|alphasapphire918 has 270 seconds left.
|
|t:|1729651297
|move|p1a: Rapid 99|Dragon Dance|p1a: Rapid 99
|-boost|p1a: Rapid 99|atk|1
|-boost|p1a: Rapid 99|spe|1
|move|p2a: Two|Hidden Power|p1a: Rapid 99
|-supereffective|p1a: Rapid 99
|-damage|p1a: Rapid 99|0 fnt
|faint|p1a: Rapid 99
|inactive|alphasapphire918 has 270 seconds left.
|
|t:|1729651304
|switch|p1a: Immortal|Snorlax, M, shiny|65/100
|
|-weather|Sandstorm|[upkeep]
|-damage|p1a: Immortal|59/100|[from] Sandstorm
|-heal|p1a: Immortal|65/100|[from] item: Leftovers
|upkeep
|turn|25
|
|t:|1729651312
|move|p2a: Two|Crunch|p1a: Immortal
|-damage|p1a: Immortal|42/100
|-unboost|p1a: Immortal|spd|1
|move|p1a: Immortal|Body Slam|p2a: Two
|-resisted|p2a: Two
|-damage|p2a: Two|62/100
|-status|p2a: Two|par
|
|-weather|Sandstorm|[upkeep]
|-damage|p1a: Immortal|36/100|[from] Sandstorm
|-heal|p1a: Immortal|42/100|[from] item: Leftovers
|upkeep
|turn|26
|
|t:|1729651320
|-singleturn|p1a: Immortal|move: Focus Punch
|move|p2a: Two|Crunch|p1a: Immortal
|-damage|p1a: Immortal|7/100
|-unboost|p1a: Immortal|spd|1
|move|p1a: Immortal|Focus Punch||[still]
|cant|p1a: Immortal|Focus Punch|Focus Punch
|
|-weather|Sandstorm|[upkeep]
|-damage|p1a: Immortal|0 fnt|[from] Sandstorm
|faint|p1a: Immortal
|
|win|Rambode
|upkeep
|c|☆Rambode|gg
|c|☆alphasapphire918|ggwp

</script>
<script type="application/json" class="data" id="replaydata-smogtours-gen3ou-801340">
{"id":"smogtours-gen3ou-801340","format":"[Gen 3] OU","players":["alphasapphire918","Rambode"],"uploadtime":1729651320,"views":89,"formatid":"gen3ou","rating":null,"private":0,"password":null}
</script>

<script defer src="js/replays.js?9d40a366"></script>
