<!DOCTYPE html>
<meta charset="utf-8" />
<meta name="viewport" content="width=device-width" />

<title>[Gen 3] OU: violet river vs. Sificon~ - Replays - Pok&eacute;mon Showdown!</title>

<meta name="description" content="Watch a replay of a Pok&eacute;mon battle between violet river and Sificon~! Format: [Gen 3] OU; Date: Nov 13, 2024" />
<!--

Hey, you! Looking in the source for the replay log?

You can find them in JSON format, just add `.json` at the end of a replay URL.

https://replay.pokemonshowdown.com/gen7randomdoublesbattle-865046831.json

Or, if you only need the log itself, add `.log` instead:

https://replay.pokemonshowdown.com/gen7randomdoublesbattle-865046831.log

-->

<link rel="stylesheet" href="//pokemonshowdown.com/style/global.css?0.767286132409787" />
<link rel="stylesheet" href="//play.pokemonshowdown.com/style/font-awesome.css?0.9266228007934947" />
<link rel="stylesheet" href="//play.pokemonshowdown.com/style/battle.css?0.7924700842790926" />
<link rel="stylesheet" href="//play.pokemonshowdown.com/style/utilichart.css?0.8777417872839479" />

<!-- Global site tag (gtag.js) - Google Analytics -->
<script async src="https://www.googletagmanager.com/gtag/js?id=UA-26211653-1"></script>
<script>
  window.dataLayer = window.dataLayer || [];
  function gtag(){dataLayer.push(arguments);}
  gtag('js', new Date());

  gtag('config', 'UA-26211653-1');
</script>
<!-- End Google Analytics -->
<!-- Venatus Ad Manager - Install in <HEAD> of page -->
	<script src="https://hb.vntsm.com/v3/live/ad-manager.min.js" type="text/javascript" data-site-id="642aba63ec9a7b11c3c9c1be" data-mode="scan" async></script>
<!-- / Venatus Ad Manager -->

<style>
	@media (max-width:820px) {
		.battle {
			margin: 0 auto;
		}
		.battle-log {
			margin: 7px auto 0;
			max-width: 640px;
			height: 300px;
			position: static;
		}
	}
	.optgroup {
		display: inline-block;
		line-height: 22px;
		font-size: 10pt;
	}
	.optgroup .button {
		height: 25px;
		padding-top: 0;
		padding-bottom: 0;
	}
	.optgroup button.button {
		padding-left: 12px;
		padding-right: 12px;
	}
	.linklist {
		list-style: none;
		margin: 0.5em 0;
		padding: 0;
	}
	.linklist li {
		padding: 2px 0;
	}
	.sidebar {
		float: left;
		width: 320px;
	}
	.bar-wrapper {
		max-width: 1100px;
		margin: 0 auto;
	}
	.bar-wrapper.has-sidebar {
		max-width: 1430px;
	}
	.mainbar {
		margin: 0;
		padding-right: 1px;
	}
	.mainbar.has-sidebar {
		margin-left: 330px;
	}
	@media (min-width: 1511px) {
		.sidebar {
			width: 400px;
		}
		.bar-wrapper.has-sidebar {
			max-width: 1510px;
		}
		.mainbar.has-sidebar {
			margin-left: 410px;
		}
	}
	.section.first-section {
		margin-top: 9px;
	}
	.blocklink small {
		white-space: normal;
	}
	.button {
		vertical-align: middle;
	}
	.replay-controls {
		padding-top: 10px;
	}
	.replay-controls h1 {
		font-size: 16pt;
		font-weight: normal;
		color: #CCC;
	}
	.pagelink {
		text-align: center;
	}
	.pagelink a {
		width: 150px;
	}
	.textbox, .button {
		font-size: 11pt;
		vertical-align: middle;
	}
	@media (max-width: 450px) {
		.button {
			font-size: 9pt;
		}
	}
</style>

<div>

	<header>
		<div class="nav-wrapper"><ul class="nav">
			<li><a class="button nav-first" href="//pokemonshowdown.com/"><img src="//pokemonshowdown.com/images/pokemonshowdownbeta.png" srcset="//pokemonshowdown.com/images/pokemonshowdownbeta.png 1x, //pokemonshowdown.com/images/pokemonshowdownbeta@2x.png 2x" alt="Pok&eacute;mon Showdown" width="146" height="44" /> Home</a></li>
			<li><a class="button" href="//pokemonshowdown.com/dex/">Pok&eacute;dex</a></li>
			<li><a class="button cur" href="/">Replays</a></li>
			<li><a class="button" href="//pokemonshowdown.com/ladder/">Ladder</a></li>
			<li><a class="button nav-last" href="//pokemonshowdown.com/forums/">Forum</a></li>
			<li><a class="button greenbutton nav-first nav-last" href="//play.pokemonshowdown.com/">Play</a></li>
		</ul></div>
	</header>

	<div class="main" id="main">

		<noscript><section class="section">You need to enable JavaScript to use this page; sorry!</section></noscript>

	</div>

</div>

<script defer nomodule src="//play.pokemonshowdown.com/js/lib/ps-polyfill.js"></script>
<script defer src="//play.pokemonshowdown.com/js/lib/preact.min.js"></script>

<script defer src="//play.pokemonshowdown.com/config/config.js?6dec07f6"></script>
<script defer src="//play.pokemonshowdown.com/js/lib/jquery-1.11.0.min.js"></script>
<script defer src="//play.pokemonshowdown.com/js/lib/html-sanitizer-minified.js"></script>
<script defer src="//play.pokemonshowdown.com/js/battle-sound.js"></script>
<script defer src="//play.pokemonshowdown.com/js/battledata.js?0.6315294753075389"></script>
<script defer src="//play.pokemonshowdown.com/data/pokedex-mini.js?0.7603743185311358"></script>
<script defer src="//play.pokemonshowdown.com/data/pokedex-mini-bw.js?0.030888842834281283"></script>
<script defer src="//play.pokemonshowdown.com/data/graphics.js?0.05593094747507488"></script>
<script defer src="//play.pokemonshowdown.com/data/pokedex.js?0.47064822249611904"></script>
<script defer src="//play.pokemonshowdown.com/data/moves.js?0.8583693120512459"></script>
<script defer src="//play.pokemonshowdown.com/data/abilities.js?0.16017181182386842"></script>
<script defer src="//play.pokemonshowdown.com/data/items.js?0.4163379185673943"></script>
<script defer src="//play.pokemonshowdown.com/data/teambuilder-tables.js?0.31075597372830477"></script>
<script defer src="//play.pokemonshowdown.com/js/battle-tooltips.js?0.6536193500708172"></script>
<script defer src="//play.pokemonshowdown.com/js/battle.js?0.1916591943277901"></script>

<script defer src="js/utils.js?e31f9a17"></script>
<script defer src="js/replays-battle.js?7008c182"></script>

<!-- don't scrape this data! just add .json or .log after the URL!
Full API docs: https://github.com/smogon/pokemon-showdown-client/blob/master/WEB-API.md -->
<script type="text/plain" class="log" id="replaylog-smogtours-gen3ou-806138">
|inactive|Battle timer is ON: inactive players will automatically lose when time's up.
|t:|1731497875
|gametype|singles
|player|p1|violet river|jasmine-masters2|
|player|p2|Sificon~|#sificon|
|teamsize|p1|6
|teamsize|p2|6
|gen|3
|tier|[Gen 3] OU
|rule|Sleep Clause Mod: Limit one foe put to sleep
|rule|Switch Priority Clause Mod: Faster Pokémon switch first
|rule|Species Clause: Limit one of each Pokémon
|rule|OHKO Clause: OHKO moves are banned
|rule|Evasion Items Clause: Evasion items are banned
|rule|Evasion Moves Clause: Evasion moves are banned
|rule|Endless Battle Clause: Forcing endless battles is banned
|rule|HP Percentage Mod: HP is shown in percentages
|rule|One Boost Passer Clause: Limit one Baton Passer that has a way to boost its stats
|rule|Freeze Clause Mod: Limit one foe frozen
|
|t:|1731497875
|start
|switch|p1a: Crapbo|Swampert, M|100/100
|switch|p2a: Metagross|Metagross|100/100
|turn|1
|
|t:|1731497887
|switch|p1a: Jet Lee|Metagross|100/100
|move|p2a: Metagross|Explosion|p1a: Jet Lee
|-resisted|p1a: Jet Lee
|-damage|p1a: Jet Lee|0 fnt
|faint|p2a: Metagross
|faint|p1a: Jet Lee
|c|☆violet river|hf
|c|☆Sificon~|z2
|c|☆Sificon~|u2
|
|t:|1731497905
|switch|p2a: Tyranitar|Tyranitar, F|100/100
|switch|p1a: Dumbest Girl Alive|Jolteon, F|100/100
|-weather|Sandstorm|[from] ability: Sand Stream|[of] p2a: Tyranitar
|
|-weather|Sandstorm|[upkeep]
|-damage|p1a: Dumbest Girl Alive|94/100|[from] Sandstorm
|-heal|p1a: Dumbest Girl Alive|100/100|[from] item: Leftovers
|upkeep
|turn|2
|
|t:|1731497921
|move|p1a: Dumbest Girl Alive|Baton Pass|p1a: Dumbest Girl Alive
|
|t:|1731497923
|switch|p1a: Crapbo|Swampert, M|100/100|[from] Baton Pass
|move|p2a: Tyranitar|Rock Slide|p1a: Crapbo
|-resisted|p1a: Crapbo
|-damage|p1a: Crapbo|72/100
|
|-weather|Sandstorm|[upkeep]
|-heal|p1a: Crapbo|78/100|[from] item: Leftovers
|upkeep
|turn|3
|
|t:|1731497928
|switch|p2a: Swampert|Swampert, F|100/100
|move|p1a: Crapbo|Surf|p2a: Swampert
|-damage|p2a: Swampert|66/100
|
|-weather|Sandstorm|[upkeep]
|-heal|p1a: Crapbo|84/100|[from] item: Leftovers
|-heal|p2a: Swampert|72/100|[from] item: Leftovers
|upkeep
|turn|4
|
|t:|1731497932
|switch|p1a: SHUT ME OFF|Celebi|100/100
|move|p2a: Swampert|Hydro Pump|p1a: SHUT ME OFF
|-resisted|p1a: SHUT ME OFF
|-damage|p1a: SHUT ME OFF|80/100
|
|-weather|Sandstorm|[upkeep]
|-damage|p1a: SHUT ME OFF|74/100|[from] Sandstorm
|-heal|p1a: SHUT ME OFF|80/100|[from] item: Leftovers
|-heal|p2a: Swampert|78/100|[from] item: Leftovers
|upkeep
|turn|5
|
|t:|1731497946
|switch|p2a: Aerodactyl|Aerodactyl, M|100/100
|move|p1a: SHUT ME OFF|Calm Mind|p1a: SHUT ME OFF
|-boost|p1a: SHUT ME OFF|spa|1
|-boost|p1a: SHUT ME OFF|spd|1
|
|-weather|Sandstorm|[upkeep]
|-damage|p1a: SHUT ME OFF|74/100|[from] Sandstorm
|-heal|p1a: SHUT ME OFF|80/100|[from] item: Leftovers
|upkeep
|turn|6
|
|t:|1731497956
|switch|p1a: Dumbest Girl Alive|Jolteon, F|100/100
|move|p2a: Aerodactyl|Hidden Power|p1a: Dumbest Girl Alive
|-resisted|p1a: Dumbest Girl Alive
|-damage|p1a: Dumbest Girl Alive|57/100
|
|-weather|Sandstorm|[upkeep]
|-damage|p1a: Dumbest Girl Alive|50/100|[from] Sandstorm
|-heal|p1a: Dumbest Girl Alive|57/100|[from] item: Leftovers
|upkeep
|turn|7
|
|t:|1731497969
|switch|p2a: Claydol|Claydol|100/100
|move|p1a: Dumbest Girl Alive|Baton Pass|p1a: Dumbest Girl Alive
|
|t:|1731497973
|switch|p1a: SHUT ME OFF|Celebi|80/100|[from] Baton Pass
|
|-weather|Sandstorm|[upkeep]
|-damage|p1a: SHUT ME OFF|74/100|[from] Sandstorm
|-heal|p1a: SHUT ME OFF|80/100|[from] item: Leftovers
|upkeep
|turn|8
|
|t:|1731497984
|move|p1a: SHUT ME OFF|Substitute|p1a: SHUT ME OFF
|-start|p1a: SHUT ME OFF|Substitute
|-damage|p1a: SHUT ME OFF|55/100
|move|p2a: Claydol|Rock Slide|p1a: SHUT ME OFF
|-crit|p1a: SHUT ME OFF
|-end|p1a: SHUT ME OFF|Substitute
|
|-weather|Sandstorm|[upkeep]
|-damage|p1a: SHUT ME OFF|49/100|[from] Sandstorm
|-heal|p1a: SHUT ME OFF|55/100|[from] item: Leftovers
|upkeep
|turn|9
|
|t:|1731497988
|move|p1a: SHUT ME OFF|Substitute|p1a: SHUT ME OFF
|-start|p1a: SHUT ME OFF|Substitute
|-damage|p1a: SHUT ME OFF|30/100
|move|p2a: Claydol|Rock Slide|p1a: SHUT ME OFF
|-activate|p1a: SHUT ME OFF|Substitute|[damage]
|
|-weather|Sandstorm|[upkeep]
|-damage|p1a: SHUT ME OFF|24/100|[from] Sandstorm
|-heal|p1a: SHUT ME OFF|30/100|[from] item: Leftovers
|upkeep
|turn|10
|
|t:|1731497995
|move|p1a: SHUT ME OFF|Baton Pass|p1a: SHUT ME OFF
|
|t:|1731497998
|switch|p1a: Crapbo|Swampert, M|84/100|[from] Baton Pass
|move|p2a: Claydol|Earthquake|p1a: Crapbo
|-end|p1a: Crapbo|Substitute
|
|-weather|Sandstorm|[upkeep]
|-heal|p1a: Crapbo|90/100|[from] item: Leftovers
|upkeep
|turn|11
|
|t:|1731498004
|switch|p2a: Swampert|Swampert, F|78/100
|move|p1a: Crapbo|Surf|p2a: Swampert
|-damage|p2a: Swampert|46/100
|
|-weather|Sandstorm|[upkeep]
|-heal|p1a: Crapbo|96/100|[from] item: Leftovers
|-heal|p2a: Swampert|52/100|[from] item: Leftovers
|upkeep
|turn|12
|c|☆violet river|wp
|
|t:|1731498008
|switch|p1a: SHUT ME OFF|Celebi|30/100
|move|p2a: Swampert|Hydro Pump|p1a: SHUT ME OFF
|-resisted|p1a: SHUT ME OFF
|-damage|p1a: SHUT ME OFF|9/100
|
|-weather|Sandstorm|[upkeep]
|-damage|p1a: SHUT ME OFF|3/100|[from] Sandstorm
|-heal|p1a: SHUT ME OFF|9/100|[from] item: Leftovers
|-heal|p2a: Swampert|59/100|[from] item: Leftovers
|upkeep
|turn|13
|
|t:|1731498013
|move|p2a: Swampert|Protect|p2a: Swampert
|-singleturn|p2a: Swampert|Protect
|move|p1a: SHUT ME OFF|Baton Pass|p1a: SHUT ME OFF
|
|t:|1731498017
|switch|p1a: Dumbest Girl Alive|Jolteon, F|57/100|[from] Baton Pass
|
|-weather|Sandstorm|[upkeep]
|-damage|p1a: Dumbest Girl Alive|50/100|[from] Sandstorm
|-heal|p1a: Dumbest Girl Alive|57/100|[from] item: Leftovers
|-heal|p2a: Swampert|65/100|[from] item: Leftovers
|upkeep
|turn|14
|
|t:|1731498022
|switch|p2a: Claydol|Claydol|100/100
|move|p1a: Dumbest Girl Alive|Hidden Power|p2a: Claydol
|-supereffective|p2a: Claydol
|-damage|p2a: Claydol|57/100
|
|-weather|Sandstorm|[upkeep]
|-damage|p1a: Dumbest Girl Alive|50/100|[from] Sandstorm
|-heal|p1a: Dumbest Girl Alive|57/100|[from] item: Leftovers
|-heal|p2a: Claydol|63/100|[from] item: Leftovers
|upkeep
|turn|15
|
|t:|1731498025
|move|p1a: Dumbest Girl Alive|Baton Pass|p1a: Dumbest Girl Alive
|
|t:|1731498027
|switch|p1a: Liquid Flame|Charizard, F|100/100|[from] Baton Pass
|move|p2a: Claydol|Earthquake|p1a: Liquid Flame
|-immune|p1a: Liquid Flame
|
|-weather|Sandstorm|[upkeep]
|-damage|p1a: Liquid Flame|94/100|[from] Sandstorm
|-heal|p1a: Liquid Flame|100/100|[from] item: Leftovers
|-heal|p2a: Claydol|69/100|[from] item: Leftovers
|upkeep
|turn|16
|
|t:|1731498033
|switch|p1a: SHUT ME OFF|Celebi|9/100
|move|p2a: Claydol|Rock Slide|p1a: SHUT ME OFF
|-damage|p1a: SHUT ME OFF|0 fnt
|faint|p1a: SHUT ME OFF
|
|t:|1731498035
|switch|p1a: Crapbo|Swampert, M|96/100
|
|-weather|Sandstorm|[upkeep]
|-heal|p2a: Claydol|75/100|[from] item: Leftovers
|-heal|p1a: Crapbo|100/100|[from] item: Leftovers
|upkeep
|turn|17
|
|t:|1731498047
|move|p2a: Claydol|Explosion|p1a: Crapbo
|-damage|p1a: Crapbo|0 fnt
|faint|p2a: Claydol
|faint|p1a: Crapbo
|
|t:|1731498056
|switch|p2a: Tyranitar|Tyranitar, F|100/100
|switch|p1a: sharp fangs!|Tyranitar, M|100/100
|
|-weather|Sandstorm|[upkeep]
|upkeep
|turn|18
|
|t:|1731498064
|switch|p1a: Liquid Flame|Charizard, F|100/100
|move|p2a: Tyranitar|Earthquake|p1a: Liquid Flame
|-immune|p1a: Liquid Flame
|
|-weather|Sandstorm|[upkeep]
|-damage|p1a: Liquid Flame|94/100|[from] Sandstorm
|-heal|p1a: Liquid Flame|100/100|[from] item: Leftovers
|upkeep
|turn|19
|
|t:|1731498070
|switch|p1a: sharp fangs!|Tyranitar, M|100/100
|switch|p2a: Aerodactyl|Aerodactyl, M|100/100
|
|-weather|Sandstorm|[upkeep]
|upkeep
|turn|20
|
|t:|1731498081
|-singleturn|p1a: sharp fangs!|move: Focus Punch
|move|p2a: Aerodactyl|Rock Slide|p1a: sharp fangs!
|-damage|p1a: sharp fangs!|62/100
|move|p1a: sharp fangs!|Focus Punch||[still]
|cant|p1a: sharp fangs!|Focus Punch|Focus Punch
|
|-weather|Sandstorm|[upkeep]
|-heal|p1a: sharp fangs!|68/100|[from] item: Leftovers
|upkeep
|turn|21
|
|t:|1731498087
|-singleturn|p1a: sharp fangs!|move: Focus Punch
|move|p2a: Aerodactyl|Rock Slide|p1a: sharp fangs!
|-damage|p1a: sharp fangs!|30/100
|move|p1a: sharp fangs!|Focus Punch||[still]
|cant|p1a: sharp fangs!|Focus Punch|Focus Punch
|
|-weather|Sandstorm|[upkeep]
|-heal|p1a: sharp fangs!|36/100|[from] item: Leftovers
|upkeep
|turn|22
|c|☆violet river|??#R@w;pjoigrhgio342ehiotgyhi9
|
|t:|1731498105
|move|p2a: Aerodactyl|Rock Slide|p1a: sharp fangs!
|-damage|p1a: sharp fangs!|0 fnt
|faint|p1a: sharp fangs!
|
|t:|1731498106
|switch|p1a: Dumbest Girl Alive|Jolteon, F|57/100
|
|-weather|Sandstorm|[upkeep]
|-damage|p1a: Dumbest Girl Alive|50/100|[from] Sandstorm
|-heal|p1a: Dumbest Girl Alive|57/100|[from] item: Leftovers
|upkeep
|turn|23
|c|☆Sificon~|My plan was to chip it and then have my last Gengar as the wincon
|
|t:|1731498121
|switch|p2a: Swampert|Swampert, F|65/100
|move|p1a: Dumbest Girl Alive|Thunderbolt|p2a: Swampert
|-immune|p2a: Swampert
|
|-weather|Sandstorm|[upkeep]
|-damage|p1a: Dumbest Girl Alive|50/100|[from] Sandstorm
|-heal|p1a: Dumbest Girl Alive|57/100|[from] item: Leftovers
|-heal|p2a: Swampert|71/100|[from] item: Leftovers
|upkeep
|turn|24
|c|☆violet river|gengar doesnt even come close to winning here
|c|☆violet river|that was truly awful you have a 100% winpath without it
|
|t:|1731498135
|move|p1a: Dumbest Girl Alive|Hidden Power|p2a: Swampert
|-supereffective|p2a: Swampert
|-damage|p2a: Swampert|0 fnt
|faint|p2a: Swampert
|
|t:|1731498142
|switch|p2a: Tyranitar|Tyranitar, F|100/100
|
|-weather|Sandstorm|[upkeep]
|-damage|p1a: Dumbest Girl Alive|50/100|[from] Sandstorm
|-heal|p1a: Dumbest Girl Alive|57/100|[from] item: Leftovers
|upkeep
|turn|25
|
|t:|1731498144
|move|p1a: Dumbest Girl Alive|Substitute|p1a: Dumbest Girl Alive
|-start|p1a: Dumbest Girl Alive|Substitute
|-damage|p1a: Dumbest Girl Alive|32/100
|move|p2a: Tyranitar|Rock Slide|p1a: Dumbest Girl Alive
|-end|p1a: Dumbest Girl Alive|Substitute
|
|-weather|Sandstorm|[upkeep]
|-damage|p1a: Dumbest Girl Alive|25/100|[from] Sandstorm
|-heal|p1a: Dumbest Girl Alive|32/100|[from] item: Leftovers
|upkeep
|turn|26
|
|t:|1731498149
|move|p1a: Dumbest Girl Alive|Thunderbolt|p2a: Tyranitar
|-damage|p2a: Tyranitar|65/100
|move|p2a: Tyranitar|Rock Slide|p1a: Dumbest Girl Alive
|-damage|p1a: Dumbest Girl Alive|0 fnt
|faint|p1a: Dumbest Girl Alive
|
|t:|1731498150
|switch|p1a: Liquid Flame|Charizard, F|100/100
|
|-weather|Sandstorm|[upkeep]
|-damage|p1a: Liquid Flame|94/100|[from] Sandstorm
|-heal|p1a: Liquid Flame|100/100|[from] item: Leftovers
|upkeep
|turn|27
|
|t:|1731498152
|move|p1a: Liquid Flame|Hidden Power|p2a: Tyranitar
|-supereffective|p2a: Tyranitar
|-damage|p2a: Tyranitar|27/100
|move|p2a: Tyranitar|Rock Slide|p1a: Liquid Flame
|-supereffective|p1a: Liquid Flame
|-damage|p1a: Liquid Flame|0 fnt
|faint|p1a: Liquid Flame
|
|win|Sificon~
|c|☆violet river|gg i guess
|c|☆Sificon~|ggs
|c|☆violet river|this game is good

</script>
<script type="application/json" class="data" id="replaydata-smogtours-gen3ou-806138">
{"id":"smogtours-gen3ou-806138","format":"[Gen 3] OU","players":["violet river","Sificon~"],"uploadtime":1731498152,"views":6,"formatid":"gen3ou","rating":null,"private":0,"password":null}
</script>

<script defer src="js/replays.js?9d40a366"></script>
