<!DOCTYPE html>
<meta charset="utf-8" />
<meta name="viewport" content="width=device-width" />

<title>[Gen 3] OU: KoboldSorcerer vs. JensenDale - Replays - Pok&eacute;mon Showdown!</title>

<meta name="description" content="Watch a replay of a Pok&eacute;mon battle between KoboldSorcerer and JensenDale! Format: [Gen 3] OU; Date: Oct 14, 2024" />
<!--

Hey, you! Looking in the source for the replay log?

You can find them in JSON format, just add `.json` at the end of a replay URL.

https://replay.pokemonshowdown.com/gen7randomdoublesbattle-865046831.json

Or, if you only need the log itself, add `.log` instead:

https://replay.pokemonshowdown.com/gen7randomdoublesbattle-865046831.log

-->

<link rel="stylesheet" href="//pokemonshowdown.com/style/global.css?0.767286132409787" />
<link rel="stylesheet" href="//play.pokemonshowdown.com/style/font-awesome.css?0.9266228007934947" />
<link rel="stylesheet" href="//play.pokemonshowdown.com/style/battle.css?0.7924700842790926" />
<link rel="stylesheet" href="//play.pokemonshowdown.com/style/utilichart.css?0.8777417872839479" />

<!-- Global site tag (gtag.js) - Google Analytics -->
<script async src="https://www.googletagmanager.com/gtag/js?id=UA-26211653-1"></script>
<script>
  window.dataLayer = window.dataLayer || [];
  function gtag(){dataLayer.push(arguments);}
  gtag('js', new Date());

  gtag('config', 'UA-26211653-1');
</script>
<!-- End Google Analytics -->
<!-- Venatus Ad Manager - Install in <HEAD> of page -->
	<script src="https://hb.vntsm.com/v3/live/ad-manager.min.js" type="text/javascript" data-site-id="642aba63ec9a7b11c3c9c1be" data-mode="scan" async></script>
<!-- / Venatus Ad Manager -->

<style>
	@media (max-width:820px) {
		.battle {
			margin: 0 auto;
		}
		.battle-log {
			margin: 7px auto 0;
			max-width: 640px;
			height: 300px;
			position: static;
		}
	}
	.optgroup {
		display: inline-block;
		line-height: 22px;
		font-size: 10pt;
	}
	.optgroup .button {
		height: 25px;
		padding-top: 0;
		padding-bottom: 0;
	}
	.optgroup button.button {
		padding-left: 12px;
		padding-right: 12px;
	}
	.linklist {
		list-style: none;
		margin: 0.5em 0;
		padding: 0;
	}
	.linklist li {
		padding: 2px 0;
	}
	.sidebar {
		float: left;
		width: 320px;
	}
	.bar-wrapper {
		max-width: 1100px;
		margin: 0 auto;
	}
	.bar-wrapper.has-sidebar {
		max-width: 1430px;
	}
	.mainbar {
		margin: 0;
		padding-right: 1px;
	}
	.mainbar.has-sidebar {
		margin-left: 330px;
	}
	@media (min-width: 1511px) {
		.sidebar {
			width: 400px;
		}
		.bar-wrapper.has-sidebar {
			max-width: 1510px;
		}
		.mainbar.has-sidebar {
			margin-left: 410px;
		}
	}
	.section.first-section {
		margin-top: 9px;
	}
	.blocklink small {
		white-space: normal;
	}
	.button {
		vertical-align: middle;
	}
	.replay-controls {
		padding-top: 10px;
	}
	.replay-controls h1 {
		font-size: 16pt;
		font-weight: normal;
		color: #CCC;
	}
	.pagelink {
		text-align: center;
	}
	.pagelink a {
		width: 150px;
	}
	.textbox, .button {
		font-size: 11pt;
		vertical-align: middle;
	}
	@media (max-width: 450px) {
		.button {
			font-size: 9pt;
		}
	}
</style>

<div>

	<header>
		<div class="nav-wrapper"><ul class="nav">
			<li><a class="button nav-first" href="//pokemonshowdown.com/"><img src="//pokemonshowdown.com/images/pokemonshowdownbeta.png" srcset="//pokemonshowdown.com/images/pokemonshowdownbeta.png 1x, //pokemonshowdown.com/images/pokemonshowdownbeta@2x.png 2x" alt="Pok&eacute;mon Showdown" width="146" height="44" /> Home</a></li>
			<li><a class="button" href="//pokemonshowdown.com/dex/">Pok&eacute;dex</a></li>
			<li><a class="button cur" href="/">Replays</a></li>
			<li><a class="button" href="//pokemonshowdown.com/ladder/">Ladder</a></li>
			<li><a class="button nav-last" href="//pokemonshowdown.com/forums/">Forum</a></li>
			<li><a class="button greenbutton nav-first nav-last" href="//play.pokemonshowdown.com/">Play</a></li>
		</ul></div>
	</header>

	<div class="main" id="main">

		<noscript><section class="section">You need to enable JavaScript to use this page; sorry!</section></noscript>

	</div>

</div>

<script defer nomodule src="//play.pokemonshowdown.com/js/lib/ps-polyfill.js"></script>
<script defer src="//play.pokemonshowdown.com/js/lib/preact.min.js"></script>

<script defer src="//play.pokemonshowdown.com/config/config.js?6dec07f6"></script>
<script defer src="//play.pokemonshowdown.com/js/lib/jquery-1.11.0.min.js"></script>
<script defer src="//play.pokemonshowdown.com/js/lib/html-sanitizer-minified.js"></script>
<script defer src="//play.pokemonshowdown.com/js/battle-sound.js"></script>
<script defer src="//play.pokemonshowdown.com/js/battledata.js?0.6315294753075389"></script>
<script defer src="//play.pokemonshowdown.com/data/pokedex-mini.js?0.7603743185311358"></script>
<script defer src="//play.pokemonshowdown.com/data/pokedex-mini-bw.js?0.030888842834281283"></script>
<script defer src="//play.pokemonshowdown.com/data/graphics.js?0.05593094747507488"></script>
<script defer src="//play.pokemonshowdown.com/data/pokedex.js?0.47064822249611904"></script>
<script defer src="//play.pokemonshowdown.com/data/moves.js?0.8583693120512459"></script>
<script defer src="//play.pokemonshowdown.com/data/abilities.js?0.16017181182386842"></script>
<script defer src="//play.pokemonshowdown.com/data/items.js?0.4163379185673943"></script>
<script defer src="//play.pokemonshowdown.com/data/teambuilder-tables.js?0.31075597372830477"></script>
<script defer src="//play.pokemonshowdown.com/js/battle-tooltips.js?0.6536193500708172"></script>
<script defer src="//play.pokemonshowdown.com/js/battle.js?0.1916591943277901"></script>

<script defer src="js/utils.js?e31f9a17"></script>
<script defer src="js/replays-battle.js?7008c182"></script>

<!-- don't scrape this data! just add .json or .log after the URL!
Full API docs: https://github.com/smogon/pokemon-showdown-client/blob/master/WEB-API.md -->
<script type="text/plain" class="log" id="replaylog-smogtours-gen3ou-798795">
|inactive|Battle timer is ON: inactive players will automatically lose when time's up.
|t:|1728943388
|gametype|singles
|player|p1|KoboldSorcerer|265|
|player|p2|JensenDale|larry|
|teamsize|p1|6
|teamsize|p2|6
|gen|3
|tier|[Gen 3] OU
|rule|Sleep Clause Mod: Limit one foe put to sleep
|rule|Switch Priority Clause Mod: Faster Pokémon switch first
|rule|Species Clause: Limit one of each Pokémon
|rule|OHKO Clause: OHKO moves are banned
|rule|Evasion Items Clause: Evasion items are banned
|rule|Evasion Moves Clause: Evasion moves are banned
|rule|Endless Battle Clause: Forcing endless battles is banned
|rule|HP Percentage Mod: HP is shown in percentages
|rule|One Boost Passer Clause: Limit one Baton Passer that has a way to boost its stats
|rule|Freeze Clause Mod: Limit one foe frozen
|
|t:|1728943388
|start
|switch|p1a: Salamence|Salamence, M|100/100
|switch|p2a: Suicune|Suicune|100/100
|-ability|p1a: Salamence|Intimidate|boost
|-unboost|p2a: Suicune|atk|1
|turn|1
|c|☆KoboldSorcerer|glhf!
|c|☆JensenDale|h1!
|c|☆JensenDale|hf*
|inactive|JensenDale has 270 seconds left.
|
|t:|1728943419
|switch|p1a: Blissey|Blissey, F|100/100
|move|p2a: Suicune|Calm Mind|p2a: Suicune
|-boost|p2a: Suicune|spa|1
|-boost|p2a: Suicune|spd|1
|
|upkeep
|turn|2
|
|t:|1728943427
|switch|p2a: Snorlax|Snorlax, M|100/100
|move|p1a: Blissey|Seismic Toss|p2a: Snorlax
|-damage|p2a: Snorlax|79/100
|
|-heal|p2a: Snorlax|85/100|[from] item: Leftovers
|upkeep
|turn|3
|
|t:|1728943442
|switch|p1a: Salamence|Salamence, M|100/100
|-ability|p1a: Salamence|Intimidate|boost
|-unboost|p2a: Snorlax|atk|1
|move|p2a: Snorlax|Shadow Ball|p1a: Salamence
|-damage|p1a: Salamence|80/100
|
|-heal|p1a: Salamence|86/100|[from] item: Leftovers
|-heal|p2a: Snorlax|91/100|[from] item: Leftovers
|upkeep
|turn|4
|
|t:|1728943452
|switch|p1a: Tyranitar|Tyranitar, F|100/100
|-weather|Sandstorm|[from] ability: Sand Stream|[of] p1a: Tyranitar
|move|p2a: Snorlax|Body Slam|p1a: Tyranitar
|-resisted|p1a: Tyranitar
|-damage|p1a: Tyranitar|90/100
|-status|p1a: Tyranitar|par
|
|-weather|Sandstorm|[upkeep]
|-damage|p2a: Snorlax|85/100|[from] Sandstorm
|-heal|p2a: Snorlax|91/100|[from] item: Leftovers
|-heal|p1a: Tyranitar|96/100 par|[from] item: Leftovers
|upkeep
|turn|5
|
|t:|1728943465
|switch|p1a: Forretress|Forretress, M|100/100
|move|p2a: Snorlax|Earthquake|p1a: Forretress
|-damage|p1a: Forretress|84/100
|
|-weather|Sandstorm|[upkeep]
|-damage|p2a: Snorlax|85/100|[from] Sandstorm
|-heal|p1a: Forretress|91/100|[from] item: Leftovers
|-heal|p2a: Snorlax|91/100|[from] item: Leftovers
|upkeep
|turn|6
|
|t:|1728943471
|switch|p2a: Magneton|Magneton|100/100
|move|p1a: Forretress|Spikes|p2a: Magneton
|-sidestart|p2: JensenDale|Spikes
|
|-weather|Sandstorm|[upkeep]
|-heal|p1a: Forretress|97/100|[from] item: Leftovers
|upkeep
|turn|7
|
|t:|1728943480
|switch|p2a: Salamence|Salamence, M|100/100
|-ability|p2a: Salamence|Intimidate|boost
|-unboost|p1a: Forretress|atk|1
|move|p1a: Forretress|Earthquake|p2a: Salamence
|-immune|p2a: Salamence
|
|-weather|Sandstorm|[upkeep]
|-damage|p2a: Salamence|94/100|[from] Sandstorm
|-heal|p2a: Salamence|100/100|[from] item: Leftovers
|-heal|p1a: Forretress|100/100|[from] item: Leftovers
|upkeep
|turn|8
|
|t:|1728943492
|switch|p2a: Magneton|Magneton|100/100
|-damage|p2a: Magneton|88/100|[from] Spikes
|switch|p1a: Blissey|Blissey, F|100/100
|
|-weather|Sandstorm|[upkeep]
|-damage|p1a: Blissey|94/100|[from] Sandstorm
|-heal|p1a: Blissey|100/100|[from] item: Leftovers
|upkeep
|turn|9
|
|t:|1728943520
|move|p2a: Magneton|Rain Dance|p2a: Magneton
|-weather|RainDance
|move|p1a: Blissey|Seismic Toss|p2a: Magneton
|-damage|p2a: Magneton|49/100
|
|-weather|RainDance|[upkeep]
|upkeep
|turn|10
|inactive|KoboldSorcerer has 270 seconds left.
|
|t:|1728943539
|switch|p2a: Snorlax|Snorlax, M|91/100
|-damage|p2a: Snorlax|79/100|[from] Spikes
|move|p1a: Blissey|Heal Bell|p1a: Blissey
|-activate|p1a: Blissey|move: Heal Bell
|-curestatus|p1: Tyranitar|par|[silent]
|
|-weather|RainDance|[upkeep]
|-heal|p2a: Snorlax|85/100|[from] item: Leftovers
|upkeep
|turn|11
|inactive|KoboldSorcerer has 270 seconds left.
|
|t:|1728943568
|switch|p1a: Jirachi|Jirachi|100/100
|switch|p2a: Salamence|Salamence, M|100/100
|-ability|p2a: Salamence|Intimidate|boost
|-unboost|p1a: Jirachi|atk|1
|
|-weather|RainDance|[upkeep]
|upkeep
|turn|12
|
|t:|1728943580
|switch|p2a: Suicune|Suicune|100/100
|-damage|p2a: Suicune|88/100|[from] Spikes
|move|p1a: Jirachi|Toxic|p2a: Suicune
|-status|p2a: Suicune|tox
|
|-weather|RainDance|[upkeep]
|-heal|p2a: Suicune|94/100 tox|[from] item: Leftovers
|-damage|p2a: Suicune|88/100 tox|[from] psn
|upkeep
|turn|13
|
|t:|1728943594
|move|p2a: Suicune|Hydro Pump|p1a: Jirachi
|-damage|p1a: Jirachi|33/100
|move|p1a: Jirachi|Wish|p1a: Jirachi
|
|-weather|none
|-heal|p2a: Suicune|94/100 tox|[from] item: Leftovers
|-damage|p2a: Suicune|82/100 tox|[from] psn
|-heal|p1a: Jirachi|39/100|[from] item: Leftovers
|upkeep
|turn|14
|
|t:|1728943602
|switch|p2a: Magneton|Magneton|49/100
|-damage|p2a: Magneton|37/100|[from] Spikes
|move|p1a: Jirachi|Protect||[still]
|-fail|p1a: Jirachi
|
|-heal|p1a: Jirachi|89/100|[from] move: Wish|[wisher] Jirachi
|-heal|p1a: Jirachi|95/100|[from] item: Leftovers
|upkeep
|turn|15
|
|t:|1728943613
|move|p1a: Jirachi|Fire Punch|p2a: Magneton
|-supereffective|p2a: Magneton
|-damage|p2a: Magneton|0 fnt
|faint|p2a: Magneton
|
|t:|1728943618
|switch|p2a: Snorlax|Snorlax, M|85/100
|-damage|p2a: Snorlax|73/100|[from] Spikes
|
|-heal|p1a: Jirachi|100/100|[from] item: Leftovers
|-heal|p2a: Snorlax|79/100|[from] item: Leftovers
|upkeep
|turn|16
|
|t:|1728943629
|switch|p1a: Salamence|Salamence, M|86/100
|-ability|p1a: Salamence|Intimidate|boost
|-unboost|p2a: Snorlax|atk|1
|move|p2a: Snorlax|Earthquake|p1a: Salamence
|-immune|p1a: Salamence
|
|-heal|p1a: Salamence|92/100|[from] item: Leftovers
|-heal|p2a: Snorlax|85/100|[from] item: Leftovers
|upkeep
|turn|17
|
|t:|1728943638
|switch|p1a: Tyranitar|Tyranitar, F|96/100
|-weather|Sandstorm|[from] ability: Sand Stream|[of] p1a: Tyranitar
|move|p2a: Snorlax|Body Slam|p1a: Tyranitar
|-resisted|p1a: Tyranitar
|-damage|p1a: Tyranitar|85/100
|
|-weather|Sandstorm|[upkeep]
|-damage|p2a: Snorlax|79/100|[from] Sandstorm
|-heal|p1a: Tyranitar|91/100|[from] item: Leftovers
|-heal|p2a: Snorlax|85/100|[from] item: Leftovers
|upkeep
|turn|18
|
|t:|1728943656
|switch|p1a: Forretress|Forretress, M|100/100
|move|p2a: Snorlax|Earthquake|p1a: Forretress
|-damage|p1a: Forretress|84/100
|
|-weather|Sandstorm|[upkeep]
|-damage|p2a: Snorlax|79/100|[from] Sandstorm
|-heal|p1a: Forretress|91/100|[from] item: Leftovers
|-heal|p2a: Snorlax|85/100|[from] item: Leftovers
|upkeep
|turn|19
|
|t:|1728943666
|switch|p2a: Suicune|Suicune|82/100 tox
|-damage|p2a: Suicune|70/100 tox|[from] Spikes
|move|p1a: Forretress|Spikes|p2a: Suicune
|-sidestart|p2: JensenDale|Spikes
|
|-weather|Sandstorm|[upkeep]
|-damage|p2a: Suicune|64/100 tox|[from] Sandstorm
|-heal|p2a: Suicune|70/100 tox|[from] item: Leftovers
|-damage|p2a: Suicune|64/100 tox|[from] psn
|-heal|p1a: Forretress|97/100|[from] item: Leftovers
|upkeep
|turn|20
|
|t:|1728943675
|switch|p2a: Heracross|Heracross, M|100/100
|-damage|p2a: Heracross|84/100|[from] Spikes
|move|p1a: Forretress|Earthquake|p2a: Heracross
|-resisted|p2a: Heracross
|-damage|p2a: Heracross|69/100
|
|-weather|Sandstorm|[upkeep]
|-damage|p2a: Heracross|63/100|[from] Sandstorm
|-heal|p1a: Forretress|100/100|[from] item: Leftovers
|upkeep
|turn|21
|
|t:|1728943682
|move|p2a: Heracross|Substitute|p2a: Heracross
|-start|p2a: Heracross|Substitute
|-damage|p2a: Heracross|38/100
|move|p1a: Forretress|Spikes|p2a: Heracross
|-sidestart|p2: JensenDale|Spikes
|
|-weather|Sandstorm|[upkeep]
|-damage|p2a: Heracross|32/100|[from] Sandstorm
|upkeep
|turn|22
|
|t:|1728943689
|move|p2a: Heracross|Swords Dance|p2a: Heracross
|-boost|p2a: Heracross|atk|2
|move|p1a: Forretress|Explosion|p2a: Heracross
|-end|p2a: Heracross|Substitute
|faint|p1a: Forretress
|inactive|KoboldSorcerer has 270 seconds left.
|c|☆KoboldSorcerer|gosh i hope sand doesnt put you into range on the rounding
|
|t:|1728943732
|switch|p1a: Aerodactyl|Aerodactyl, F|100/100
|
|-weather|Sandstorm|[upkeep]
|-damage|p2a: Heracross|26/100|[from] Sandstorm
|upkeep
|turn|23
|c|☆JensenDale|i was hoping the opposite
|c|☆JensenDale|just barely off
|inactive|JensenDale has 270 seconds left.
|
|t:|1728943773
|move|p1a: Aerodactyl|Double-Edge|p2a: Heracross
|-damage|p2a: Heracross|0 fnt
|faint|p2a: Heracross
|
|t:|1728943775
|switch|p2a: Salamence|Salamence, M|100/100
|-ability|p2a: Salamence|Intimidate|boost
|-unboost|p1a: Aerodactyl|atk|1
|
|-weather|Sandstorm|[upkeep]
|-damage|p2a: Salamence|94/100|[from] Sandstorm
|-heal|p2a: Salamence|100/100|[from] item: Leftovers
|upkeep
|turn|24
|inactive|JensenDale has 270 seconds left.
|
|t:|1728943781
|switch|p1a: Jirachi|Jirachi|100/100
|move|p2a: Salamence|Brick Break|p1a: Jirachi
|-damage|p1a: Jirachi|85/100
|
|-weather|Sandstorm|[upkeep]
|-damage|p2a: Salamence|94/100|[from] Sandstorm
|-heal|p2a: Salamence|100/100|[from] item: Leftovers
|-heal|p1a: Jirachi|92/100|[from] item: Leftovers
|upkeep
|turn|25
|
|t:|1728943789
|move|p2a: Salamence|Fire Blast|p1a: Jirachi
|-supereffective|p1a: Jirachi
|-damage|p1a: Jirachi|23/100
|move|p1a: Jirachi|Wish|p1a: Jirachi
|
|-weather|Sandstorm|[upkeep]
|-damage|p2a: Salamence|94/100|[from] Sandstorm
|-heal|p2a: Salamence|100/100|[from] item: Leftovers
|-heal|p1a: Jirachi|29/100|[from] item: Leftovers
|upkeep
|turn|26
|
|t:|1728943795
|move|p1a: Jirachi|Protect|p1a: Jirachi
|-singleturn|p1a: Jirachi|Protect
|move|p2a: Salamence|Fire Blast|p1a: Jirachi
|-activate|p1a: Jirachi|Protect
|
|-heal|p1a: Jirachi|79/100|[from] move: Wish|[wisher] Jirachi
|-weather|Sandstorm|[upkeep]
|-damage|p2a: Salamence|94/100|[from] Sandstorm
|-heal|p2a: Salamence|100/100|[from] item: Leftovers
|-heal|p1a: Jirachi|85/100|[from] item: Leftovers
|upkeep
|turn|27
|
|t:|1728943810
|move|p2a: Salamence|Fire Blast|p1a: Jirachi
|-supereffective|p1a: Jirachi
|-damage|p1a: Jirachi|22/100
|move|p1a: Jirachi|Wish|p1a: Jirachi
|
|-weather|Sandstorm|[upkeep]
|-damage|p2a: Salamence|94/100|[from] Sandstorm
|-heal|p2a: Salamence|100/100|[from] item: Leftovers
|-heal|p1a: Jirachi|28/100|[from] item: Leftovers
|upkeep
|turn|28
|
|t:|1728943819
|switch|p2a: Suicune|Suicune|64/100 tox
|-damage|p2a: Suicune|39/100 tox|[from] Spikes
|move|p1a: Jirachi|Protect||[still]
|-fail|p1a: Jirachi
|
|-heal|p1a: Jirachi|78/100|[from] move: Wish|[wisher] Jirachi
|-weather|Sandstorm|[upkeep]
|-damage|p2a: Suicune|33/100 tox|[from] Sandstorm
|-heal|p2a: Suicune|39/100 tox|[from] item: Leftovers
|-damage|p2a: Suicune|33/100 tox|[from] psn
|-heal|p1a: Jirachi|84/100|[from] item: Leftovers
|upkeep
|turn|29
|
|t:|1728943827
|switch|p2a: Snorlax|Snorlax, M|85/100
|-damage|p2a: Snorlax|60/100|[from] Spikes
|move|p1a: Jirachi|Wish|p1a: Jirachi
|
|-weather|Sandstorm|[upkeep]
|-damage|p2a: Snorlax|54/100|[from] Sandstorm
|-heal|p1a: Jirachi|91/100|[from] item: Leftovers
|-heal|p2a: Snorlax|60/100|[from] item: Leftovers
|upkeep
|turn|30
|
|t:|1728943836
|move|p1a: Jirachi|Fire Punch|p2a: Snorlax
|-damage|p2a: Snorlax|50/100
|-status|p2a: Snorlax|brn
|move|p2a: Snorlax|Body Slam|p1a: Jirachi
|-resisted|p1a: Jirachi
|-damage|p1a: Jirachi|84/100
|
|-heal|p1a: Jirachi|100/100|[from] move: Wish|[wisher] Jirachi
|-weather|Sandstorm|[upkeep]
|-damage|p2a: Snorlax|44/100 brn|[from] Sandstorm
|-heal|p2a: Snorlax|50/100 brn|[from] item: Leftovers
|-damage|p2a: Snorlax|37/100 brn|[from] brn
|upkeep
|turn|31
|-message|JensenDale forfeited.
|
|win|KoboldSorcerer
|c|☆JensenDale|gg
|c|☆KoboldSorcerer|gg
|c|☆JensenDale|next game 

</script>
<script type="application/json" class="data" id="replaydata-smogtours-gen3ou-798795">
{"id":"smogtours-gen3ou-798795","format":"[Gen 3] OU","players":["KoboldSorcerer","JensenDale"],"uploadtime":1728943847,"views":95,"formatid":"gen3ou","rating":null,"private":0,"password":null}
</script>

<script defer src="js/replays.js?9d40a366"></script>
