<!DOCTYPE html>
<meta charset="utf-8" />
<meta name="viewport" content="width=device-width" />

<title>[Gen 3] OU: kfz vs. moowee - Replays - Pok&eacute;mon Showdown!</title>

<meta name="description" content="Watch a replay of a Pok&eacute;mon battle between kfz and moowee! Format: [Gen 3] OU; Date: Oct 14, 2024" />
<!--

Hey, you! Looking in the source for the replay log?

You can find them in JSON format, just add `.json` at the end of a replay URL.

https://replay.pokemonshowdown.com/gen7randomdoublesbattle-865046831.json

Or, if you only need the log itself, add `.log` instead:

https://replay.pokemonshowdown.com/gen7randomdoublesbattle-865046831.log

-->

<link rel="stylesheet" href="//pokemonshowdown.com/style/global.css?0.023195364461161105" />
<link rel="stylesheet" href="//play.pokemonshowdown.com/style/font-awesome.css?0.13261647063804238" />
<link rel="stylesheet" href="//play.pokemonshowdown.com/style/battle.css?0.8753245789963631" />
<link rel="stylesheet" href="//play.pokemonshowdown.com/style/utilichart.css?0.8627959624976733" />

<!-- Global site tag (gtag.js) - Google Analytics -->
<script async src="https://www.googletagmanager.com/gtag/js?id=UA-26211653-1"></script>
<script>
  window.dataLayer = window.dataLayer || [];
  function gtag(){dataLayer.push(arguments);}
  gtag('js', new Date());

  gtag('config', 'UA-26211653-1');
</script>
<!-- End Google Analytics -->
<!-- Venatus Ad Manager - Install in <HEAD> of page -->
	<script src="https://hb.vntsm.com/v3/live/ad-manager.min.js" type="text/javascript" data-site-id="642aba63ec9a7b11c3c9c1be" data-mode="scan" async></script>
<!-- / Venatus Ad Manager -->

<style>
	@media (max-width:820px) {
		.battle {
			margin: 0 auto;
		}
		.battle-log {
			margin: 7px auto 0;
			max-width: 640px;
			height: 300px;
			position: static;
		}
	}
	.optgroup {
		display: inline-block;
		line-height: 22px;
		font-size: 10pt;
	}
	.optgroup .button {
		height: 25px;
		padding-top: 0;
		padding-bottom: 0;
	}
	.optgroup button.button {
		padding-left: 12px;
		padding-right: 12px;
	}
	.linklist {
		list-style: none;
		margin: 0.5em 0;
		padding: 0;
	}
	.linklist li {
		padding: 2px 0;
	}
	.sidebar {
		float: left;
		width: 320px;
	}
	.bar-wrapper {
		max-width: 1100px;
		margin: 0 auto;
	}
	.bar-wrapper.has-sidebar {
		max-width: 1430px;
	}
	.mainbar {
		margin: 0;
		padding-right: 1px;
	}
	.mainbar.has-sidebar {
		margin-left: 330px;
	}
	@media (min-width: 1511px) {
		.sidebar {
			width: 400px;
		}
		.bar-wrapper.has-sidebar {
			max-width: 1510px;
		}
		.mainbar.has-sidebar {
			margin-left: 410px;
		}
	}
	.section.first-section {
		margin-top: 9px;
	}
	.blocklink small {
		white-space: normal;
	}
	.button {
		vertical-align: middle;
	}
	.replay-controls {
		padding-top: 10px;
	}
	.replay-controls h1 {
		font-size: 16pt;
		font-weight: normal;
		color: #CCC;
	}
	.pagelink {
		text-align: center;
	}
	.pagelink a {
		width: 150px;
	}
	.textbox, .button {
		font-size: 11pt;
		vertical-align: middle;
	}
	@media (max-width: 450px) {
		.button {
			font-size: 9pt;
		}
	}
</style>

<div>

	<header>
		<div class="nav-wrapper"><ul class="nav">
			<li><a class="button nav-first" href="//pokemonshowdown.com/"><img src="//pokemonshowdown.com/images/pokemonshowdownbeta.png" srcset="//pokemonshowdown.com/images/pokemonshowdownbeta.png 1x, //pokemonshowdown.com/images/pokemonshowdownbeta@2x.png 2x" alt="Pok&eacute;mon Showdown" width="146" height="44" /> Home</a></li>
			<li><a class="button" href="//pokemonshowdown.com/dex/">Pok&eacute;dex</a></li>
			<li><a class="button cur" href="/">Replays</a></li>
			<li><a class="button" href="//pokemonshowdown.com/ladder/">Ladder</a></li>
			<li><a class="button nav-last" href="//pokemonshowdown.com/forums/">Forum</a></li>
			<li><a class="button greenbutton nav-first nav-last" href="//play.pokemonshowdown.com/">Play</a></li>
		</ul></div>
	</header>

	<div class="main" id="main">

		<noscript><section class="section">You need to enable JavaScript to use this page; sorry!</section></noscript>

	</div>

</div>

<script defer nomodule src="//play.pokemonshowdown.com/js/lib/ps-polyfill.js"></script>
<script defer src="//play.pokemonshowdown.com/js/lib/preact.min.js"></script>

<script defer src="//play.pokemonshowdown.com/config/config.js?2bddbc15"></script>
<script defer src="//play.pokemonshowdown.com/js/lib/jquery-1.11.0.min.js"></script>
<script defer src="//play.pokemonshowdown.com/js/lib/html-sanitizer-minified.js"></script>
<script defer src="//play.pokemonshowdown.com/js/battle-sound.js"></script>
<script defer src="//play.pokemonshowdown.com/js/battledata.js?0.7209276989879541"></script>
<script defer src="//play.pokemonshowdown.com/data/pokedex-mini.js?0.6111056340867951"></script>
<script defer src="//play.pokemonshowdown.com/data/pokedex-mini-bw.js?0.3532142036491459"></script>
<script defer src="//play.pokemonshowdown.com/data/graphics.js?0.24223875632456182"></script>
<script defer src="//play.pokemonshowdown.com/data/pokedex.js?0.38839984266356864"></script>
<script defer src="//play.pokemonshowdown.com/data/moves.js?0.21866028504024015"></script>
<script defer src="//play.pokemonshowdown.com/data/abilities.js?0.2005157953846628"></script>
<script defer src="//play.pokemonshowdown.com/data/items.js?0.9894211263848525"></script>
<script defer src="//play.pokemonshowdown.com/data/teambuilder-tables.js?0.6008791140282215"></script>
<script defer src="//play.pokemonshowdown.com/js/battle-tooltips.js?0.7580118955022959"></script>
<script defer src="//play.pokemonshowdown.com/js/battle.js?0.6057722274234274"></script>

<script defer src="js/utils.js?e31f9a17"></script>
<script defer src="js/replays-battle.js?7008c182"></script>

<!-- don't scrape this data! just add .json or .log after the URL!
Full API docs: https://github.com/smogon/pokemon-showdown-client/blob/master/WEB-API.md -->
<script type="text/plain" class="log" id="replaylog-smogtours-gen3ou-798670">
|inactive|Battle timer is ON: inactive players will automatically lose when time's up.
|t:|1728925919
|gametype|singles
|player|p1|kfz|101|
|player|p2|moowee|burglar|
|teamsize|p1|6
|teamsize|p2|6
|gen|3
|tier|[Gen 3] OU
|rule|Sleep Clause Mod: Limit one foe put to sleep
|rule|Switch Priority Clause Mod: Faster Pokémon switch first
|rule|Species Clause: Limit one of each Pokémon
|rule|OHKO Clause: OHKO moves are banned
|rule|Evasion Items Clause: Evasion items are banned
|rule|Evasion Moves Clause: Evasion moves are banned
|rule|Endless Battle Clause: Forcing endless battles is banned
|rule|HP Percentage Mod: HP is shown in percentages
|rule|One Boost Passer Clause: Limit one Baton Passer that has a way to boost its stats
|rule|Freeze Clause Mod: Limit one foe frozen
|
|t:|1728925919
|start
|switch|p1a: Medicham|Medicham, M|100/100
|switch|p2a: Tyranitar|Tyranitar, M|100/100
|-weather|Sandstorm|[from] ability: Sand Stream|[of] p2a: Tyranitar
|turn|1
|inactive|moowee has 270 seconds left.
|inactive|moowee has 240 seconds left.
|
|t:|1728925996
|switch|p2a: Gengar|Gengar, F|100/100
|move|p1a: Medicham|Brick Break|p2a: Gengar
|-immune|p2a: Gengar
|
|-weather|Sandstorm|[upkeep]
|-damage|p2a: Gengar|94/100|[from] Sandstorm
|-damage|p1a: Medicham|94/100|[from] Sandstorm
|-heal|p2a: Gengar|100/100|[from] item: Leftovers
|upkeep
|turn|2
|
|t:|1728926017
|switch|p1a: Jolteon|Jolteon, F|100/100
|move|p2a: Gengar|Thunderbolt|p1a: Jolteon
|-immune|p1a: Jolteon|[from] ability: Volt Absorb
|
|-weather|Sandstorm|[upkeep]
|-damage|p1a: Jolteon|94/100|[from] Sandstorm
|-damage|p2a: Gengar|94/100|[from] Sandstorm
|-heal|p2a: Gengar|100/100|[from] item: Leftovers
|upkeep
|turn|3
|
|t:|1728926029
|switch|p2a: Swampert|Swampert, M|100/100
|move|p1a: Jolteon|Thunder Wave|p2a: Swampert
|-immune|p2a: Swampert
|
|-weather|Sandstorm|[upkeep]
|-damage|p1a: Jolteon|88/100|[from] Sandstorm
|upkeep
|turn|4
|
|t:|1728926037
|switch|p2a: Blissey|Blissey, F|100/100
|move|p1a: Jolteon|Baton Pass|p1a: Jolteon
|
|t:|1728926041
|switch|p1a: Medicham|Medicham, M|94/100|[from] Baton Pass
|
|-weather|Sandstorm|[upkeep]
|-damage|p1a: Medicham|88/100|[from] Sandstorm
|-damage|p2a: Blissey|94/100|[from] Sandstorm
|-heal|p2a: Blissey|100/100|[from] item: Leftovers
|upkeep
|turn|5
|inactive|moowee has 270 seconds left.
|inactive|moowee has 240 seconds left.
|
|t:|1728926104
|move|p1a: Medicham|Brick Break|p2a: Blissey
|-supereffective|p2a: Blissey
|-damage|p2a: Blissey|0 fnt
|faint|p2a: Blissey
|inactive|moowee has 240 seconds left.
|
|t:|1728926113
|switch|p2a: Charizard|Charizard, M|100/100
|
|-weather|Sandstorm|[upkeep]
|-damage|p2a: Charizard|94/100|[from] Sandstorm
|-damage|p1a: Medicham|82/100|[from] Sandstorm
|-heal|p2a: Charizard|100/100|[from] item: Leftovers
|upkeep
|turn|6
|inactive|kfz has 270 seconds left.
|
|t:|1728926159
|switch|p1a: Moltres|Moltres|100/100
|move|p2a: Charizard|Fire Blast|p1a: Moltres
|-resisted|p1a: Moltres
|-damage|p1a: Moltres|65/100
|
|-weather|Sandstorm|[upkeep]
|-damage|p2a: Charizard|94/100|[from] Sandstorm
|-damage|p1a: Moltres|58/100|[from] Sandstorm
|-heal|p2a: Charizard|100/100|[from] item: Leftovers
|-heal|p1a: Moltres|65/100|[from] item: Leftovers
|upkeep
|turn|7
|
|t:|1728926169
|move|p2a: Charizard|Fire Blast|p1a: Moltres
|-resisted|p1a: Moltres
|-damage|p1a: Moltres|26/100
|move|p1a: Moltres|Roar|p2a: Charizard
|drag|p2a: Skarmory|Skarmory, F|100/100
|
|-weather|Sandstorm|[upkeep]
|-damage|p1a: Moltres|20/100|[from] Sandstorm
|-heal|p1a: Moltres|26/100|[from] item: Leftovers
|upkeep
|turn|8
|inactive|moowee has 240 seconds left.
|
|t:|1728926198
|switch|p2a: Charizard|Charizard, M|100/100
|move|p1a: Moltres|Hidden Power|p2a: Charizard
|-resisted|p2a: Charizard
|-damage|p2a: Charizard|93/100
|
|-weather|Sandstorm|[upkeep]
|-damage|p2a: Charizard|87/100|[from] Sandstorm
|-damage|p1a: Moltres|20/100|[from] Sandstorm
|-heal|p2a: Charizard|93/100|[from] item: Leftovers
|-heal|p1a: Moltres|26/100|[from] item: Leftovers
|upkeep
|turn|9
|inactive|moowee has 240 seconds left.
|
|t:|1728926211
|switch|p1a: Swampert|Swampert, M|100/100
|move|p2a: Charizard|Fire Blast|p1a: Swampert
|-resisted|p1a: Swampert
|-damage|p1a: Swampert|73/100
|
|-weather|Sandstorm|[upkeep]
|-damage|p2a: Charizard|87/100|[from] Sandstorm
|-heal|p2a: Charizard|93/100|[from] item: Leftovers
|-heal|p1a: Swampert|79/100|[from] item: Leftovers
|upkeep
|turn|10
|inactive|moowee has 240 seconds left.
|
|t:|1728926236
|switch|p1a: Butterfree|Butterfree, F|100/100
|move|p2a: Charizard|Hidden Power|p1a: Butterfree
|-resisted|p1a: Butterfree
|-damage|p1a: Butterfree|91/100
|
|-weather|Sandstorm|[upkeep]
|-damage|p2a: Charizard|87/100|[from] Sandstorm
|-damage|p1a: Butterfree|85/100|[from] Sandstorm
|-heal|p2a: Charizard|93/100|[from] item: Leftovers
|upkeep
|turn|11
|inactive|moowee has 240 seconds left.
|inactive|kfz has 240 seconds left.
|
|t:|1728926264
|move|p2a: Charizard|Fire Blast|p1a: Butterfree|[miss]
|-miss|p2a: Charizard|p1a: Butterfree
|move|p1a: Butterfree|Stun Spore|p2a: Charizard
|-status|p2a: Charizard|par
|
|-weather|Sandstorm|[upkeep]
|-damage|p1a: Butterfree|79/100|[from] Sandstorm
|-damage|p2a: Charizard|87/100 par|[from] Sandstorm
|-heal|p2a: Charizard|93/100 par|[from] item: Leftovers
|upkeep
|turn|12
|inactive|moowee has 240 seconds left.
|
|t:|1728926291
|switch|p1a: Swampert|Swampert, M|79/100
|move|p2a: Charizard|Fire Blast|p1a: Swampert
|-resisted|p1a: Swampert
|-damage|p1a: Swampert|52/100
|
|-weather|Sandstorm|[upkeep]
|-damage|p2a: Charizard|87/100 par|[from] Sandstorm
|-heal|p1a: Swampert|58/100|[from] item: Leftovers
|-heal|p2a: Charizard|93/100 par|[from] item: Leftovers
|upkeep
|turn|13
|inactive|moowee has 240 seconds left.
|
|t:|1728926297
|switch|p2a: Skarmory|Skarmory, F|100/100
|move|p1a: Swampert|Hydro Pump|p2a: Skarmory
|-damage|p2a: Skarmory|65/100
|
|-weather|Sandstorm|[upkeep]
|-heal|p2a: Skarmory|71/100|[from] item: Leftovers
|-heal|p1a: Swampert|64/100|[from] item: Leftovers
|upkeep
|turn|14
|
|t:|1728926319
|switch|p1a: Jolteon|Jolteon, F|88/100
|move|p2a: Skarmory|Toxic|p1a: Jolteon
|-status|p1a: Jolteon|tox
|-enditem|p1a: Jolteon|Lum Berry|[eat]
|-curestatus|p1a: Jolteon|tox|[msg]
|
|-weather|Sandstorm|[upkeep]
|-damage|p1a: Jolteon|82/100|[from] Sandstorm
|-heal|p2a: Skarmory|77/100|[from] item: Leftovers
|upkeep
|turn|15
|inactive|kfz has 210 seconds left.
|
|t:|1728926335
|move|p2a: Skarmory|Protect|p2a: Skarmory
|-singleturn|p2a: Skarmory|Protect
|move|p1a: Jolteon|Thunderbolt|p2a: Skarmory
|-activate|p2a: Skarmory|Protect
|
|-weather|Sandstorm|[upkeep]
|-damage|p1a: Jolteon|75/100|[from] Sandstorm
|-heal|p2a: Skarmory|83/100|[from] item: Leftovers
|upkeep
|turn|16
|inactive|kfz has 210 seconds left.
|
|t:|1728926353
|move|p1a: Jolteon|Baton Pass|p1a: Jolteon
|
|t:|1728926355
|switch|p1a: Butterfree|Butterfree, F|79/100|[from] Baton Pass
|move|p2a: Skarmory|Spikes|p1a: Butterfree
|-sidestart|p1: kfz|Spikes
|
|-weather|Sandstorm|[upkeep]
|-damage|p1a: Butterfree|73/100|[from] Sandstorm
|-heal|p2a: Skarmory|89/100|[from] item: Leftovers
|upkeep
|turn|17
|
|t:|1728926362
|switch|p2a: Charizard|Charizard, M|93/100 par
|move|p1a: Butterfree|Sleep Powder||[still]
|-fail|p1a: Butterfree
|
|-weather|Sandstorm|[upkeep]
|-damage|p1a: Butterfree|66/100|[from] Sandstorm
|-damage|p2a: Charizard|87/100 par|[from] Sandstorm
|-heal|p2a: Charizard|93/100 par|[from] item: Leftovers
|upkeep
|turn|18
|
|t:|1728926373
|-singleturn|p2a: Charizard|move: Focus Punch
|switch|p1a: Swampert|Swampert, M|64/100
|-damage|p1a: Swampert|52/100|[from] Spikes
|move|p2a: Charizard|Focus Punch|p1a: Swampert
|-damage|p1a: Swampert|30/100
|
|-weather|Sandstorm|[upkeep]
|-damage|p2a: Charizard|87/100 par|[from] Sandstorm
|-heal|p1a: Swampert|36/100|[from] item: Leftovers
|-heal|p2a: Charizard|93/100 par|[from] item: Leftovers
|upkeep
|turn|19
|inactive|moowee has 270 seconds left.
|
|t:|1728926385
|switch|p1a: Jolteon|Jolteon, F|75/100
|-damage|p1a: Jolteon|63/100|[from] Spikes
|switch|p2a: Skarmory|Skarmory, F|89/100
|
|-weather|Sandstorm|[upkeep]
|-damage|p1a: Jolteon|57/100|[from] Sandstorm
|-heal|p2a: Skarmory|95/100|[from] item: Leftovers
|upkeep
|turn|20
|
|t:|1728926390
|move|p2a: Skarmory|Protect|p2a: Skarmory
|-singleturn|p2a: Skarmory|Protect
|move|p1a: Jolteon|Thunderbolt|p2a: Skarmory
|-activate|p2a: Skarmory|Protect
|
|-weather|Sandstorm|[upkeep]
|-damage|p1a: Jolteon|50/100|[from] Sandstorm
|-heal|p2a: Skarmory|100/100|[from] item: Leftovers
|upkeep
|turn|21
|inactive|moowee has 270 seconds left.
|
|t:|1728926414
|move|p1a: Jolteon|Thunderbolt|p2a: Skarmory
|-supereffective|p2a: Skarmory
|-damage|p2a: Skarmory|15/100
|move|p2a: Skarmory|Toxic|p1a: Jolteon
|-status|p1a: Jolteon|tox
|
|-weather|Sandstorm|[upkeep]
|-damage|p1a: Jolteon|44/100 tox|[from] Sandstorm
|-damage|p1a: Jolteon|38/100 tox|[from] psn
|-heal|p2a: Skarmory|21/100|[from] item: Leftovers
|upkeep
|turn|22
|inactive|moowee has 270 seconds left.
|
|t:|1728926419
|move|p2a: Skarmory|Protect|p2a: Skarmory
|-singleturn|p2a: Skarmory|Protect
|move|p1a: Jolteon|Thunderbolt|p2a: Skarmory
|-activate|p2a: Skarmory|Protect
|
|-weather|Sandstorm|[upkeep]
|-damage|p1a: Jolteon|32/100 tox|[from] Sandstorm
|-damage|p1a: Jolteon|19/100 tox|[from] psn
|-heal|p2a: Skarmory|27/100|[from] item: Leftovers
|upkeep
|turn|23
|inactive|moowee has 270 seconds left.
|
|t:|1728926438
|move|p1a: Jolteon|Baton Pass|p1a: Jolteon
|inactive|kfz has 210 seconds left.
|
|t:|1728926475
|switch|p1a: Moltres|Moltres|26/100|[from] Baton Pass
|move|p2a: Skarmory|Spikes|p1a: Moltres
|-sidestart|p1: kfz|Spikes
|
|-weather|Sandstorm|[upkeep]
|-damage|p1a: Moltres|20/100|[from] Sandstorm
|-heal|p1a: Moltres|26/100|[from] item: Leftovers
|-heal|p2a: Skarmory|33/100|[from] item: Leftovers
|upkeep
|turn|24
|inactive|moowee has 270 seconds left.
|
|t:|1728926487
|move|p1a: Moltres|Flamethrower|p2a: Skarmory
|-supereffective|p2a: Skarmory
|-crit|p2a: Skarmory
|-damage|p2a: Skarmory|0 fnt
|faint|p2a: Skarmory
|inactive|moowee has 270 seconds left.
|
|t:|1728926495
|switch|p2a: Gengar|Gengar, F|100/100
|
|-weather|Sandstorm|[upkeep]
|-damage|p2a: Gengar|94/100|[from] Sandstorm
|-damage|p1a: Moltres|20/100|[from] Sandstorm
|-heal|p2a: Gengar|100/100|[from] item: Leftovers
|-heal|p1a: Moltres|26/100|[from] item: Leftovers
|upkeep
|turn|25
|inactive|kfz has 180 seconds left.
|
|t:|1728926527
|switch|p1a: Butterfree|Butterfree, F|66/100
|move|p2a: Gengar|Psychic|p1a: Butterfree
|-damage|p1a: Butterfree|15/100
|
|-weather|Sandstorm|[upkeep]
|-damage|p2a: Gengar|94/100|[from] Sandstorm
|-damage|p1a: Butterfree|9/100|[from] Sandstorm
|-heal|p2a: Gengar|100/100|[from] item: Leftovers
|upkeep
|turn|26
|
|t:|1728926536
|move|p2a: Gengar|Psychic|p1a: Butterfree
|-damage|p1a: Butterfree|0 fnt
|faint|p1a: Butterfree
|
|t:|1728926537
|switch|p1a: Banette|Banette, M|100/100
|-damage|p1a: Banette|84/100|[from] Spikes
|
|-weather|Sandstorm|[upkeep]
|-damage|p2a: Gengar|94/100|[from] Sandstorm
|-damage|p1a: Banette|78/100|[from] Sandstorm
|-heal|p2a: Gengar|100/100|[from] item: Leftovers
|upkeep
|turn|27
|inactive|kfz has 180 seconds left.
|inactive|moowee has 270 seconds left.
|
|t:|1728926563
|switch|p2a: Charizard|Charizard, M|93/100 par
|move|p1a: Banette|Shadow Ball|p2a: Charizard
|-damage|p2a: Charizard|29/100 par
|
|-weather|Sandstorm|[upkeep]
|-damage|p1a: Banette|72/100|[from] Sandstorm
|-damage|p2a: Charizard|23/100 par|[from] Sandstorm
|-heal|p2a: Charizard|29/100 par|[from] item: Leftovers
|upkeep
|turn|28
|
|t:|1728926571
|move|p1a: Banette|Shadow Ball|p2a: Charizard
|-damage|p2a: Charizard|0 fnt
|faint|p2a: Charizard
|
|t:|1728926577
|switch|p2a: Swampert|Swampert, M|100/100
|
|-weather|Sandstorm|[upkeep]
|-damage|p1a: Banette|66/100|[from] Sandstorm
|upkeep
|turn|29
|inactive|kfz has 180 seconds left.
|
|t:|1728926608
|switch|p1a: Jolteon|Jolteon, F|19/100 tox
|-damage|p1a: Jolteon|3/100 tox|[from] Spikes
|move|p2a: Swampert|Ice Beam|p1a: Jolteon
|-damage|p1a: Jolteon|0 fnt
|faint|p1a: Jolteon
|
|t:|1728926628
|switch|p1a: Moltres|Moltres|26/100
|
|-weather|Sandstorm|[upkeep]
|-damage|p1a: Moltres|20/100|[from] Sandstorm
|-heal|p1a: Moltres|26/100|[from] item: Leftovers
|upkeep
|turn|30
|
|t:|1728926647
|move|p1a: Moltres|Hidden Power|p2a: Swampert
|-supereffective|p2a: Swampert
|-damage|p2a: Swampert|9/100
|move|p2a: Swampert|Ice Beam|p1a: Moltres
|-damage|p1a: Moltres|2/100
|
|-weather|Sandstorm|[upkeep]
|-damage|p1a: Moltres|0 fnt|[from] Sandstorm
|faint|p1a: Moltres
|-heal|p2a: Swampert|15/100|[from] item: Leftovers
|upkeep
|inactive|kfz has 150 seconds left.
|inactive|kfz has 120 seconds left.
|
|t:|1728926691
|switch|p1a: Banette|Banette, M|66/100
|-damage|p1a: Banette|49/100|[from] Spikes
|turn|31
|
|t:|1728926699
|move|p2a: Swampert|Protect|p2a: Swampert
|-singleturn|p2a: Swampert|Protect
|move|p1a: Banette|Shadow Ball|p2a: Swampert
|-activate|p2a: Swampert|Protect
|
|-weather|Sandstorm|[upkeep]
|-damage|p1a: Banette|43/100|[from] Sandstorm
|-heal|p2a: Swampert|22/100|[from] item: Leftovers
|upkeep
|turn|32
|
|t:|1728926706
|move|p1a: Banette|Shadow Ball|p2a: Swampert
|-damage|p2a: Swampert|0 fnt
|faint|p2a: Swampert
|inactive|moowee has 270 seconds left.
|inactive|moowee has 240 seconds left.
|inactive|moowee has 210 seconds left.
|
|t:|1728926799
|switch|p2a: Tyranitar|Tyranitar, M|100/100
|
|-weather|Sandstorm|[upkeep]
|-damage|p1a: Banette|37/100|[from] Sandstorm
|upkeep
|turn|33
|
|t:|1728926812
|move|p2a: Tyranitar|Dragon Dance|p2a: Tyranitar
|-boost|p2a: Tyranitar|atk|1
|-boost|p2a: Tyranitar|spe|1
|move|p1a: Banette|Hidden Power|p2a: Tyranitar
|-supereffective|p2a: Tyranitar
|-damage|p2a: Tyranitar|25/100
|
|-weather|Sandstorm|[upkeep]
|-damage|p1a: Banette|31/100|[from] Sandstorm
|-heal|p2a: Tyranitar|31/100|[from] item: Leftovers
|upkeep
|turn|34
|
|t:|1728926825
|move|p2a: Tyranitar|Earthquake|p1a: Banette
|-damage|p1a: Banette|0 fnt
|faint|p1a: Banette
|
|t:|1728926837
|switch|p1a: Swampert|Swampert, M|36/100
|-damage|p1a: Swampert|19/100|[from] Spikes
|
|-weather|Sandstorm|[upkeep]
|-heal|p2a: Tyranitar|37/100|[from] item: Leftovers
|-heal|p1a: Swampert|25/100|[from] item: Leftovers
|upkeep
|turn|35
|
|t:|1728926842
|move|p1a: Swampert|Protect|p1a: Swampert
|-singleturn|p1a: Swampert|Protect
|move|p2a: Tyranitar|Earthquake|p1a: Swampert
|-activate|p1a: Swampert|Protect
|
|-weather|Sandstorm|[upkeep]
|-heal|p2a: Tyranitar|43/100|[from] item: Leftovers
|-heal|p1a: Swampert|32/100|[from] item: Leftovers
|upkeep
|turn|36
|
|t:|1728926855
|move|p2a: Tyranitar|Earthquake|p1a: Swampert
|-damage|p1a: Swampert|0 fnt
|faint|p1a: Swampert
|
|t:|1728926858
|switch|p1a: Medicham|Medicham, M|82/100
|-damage|p1a: Medicham|66/100|[from] Spikes
|
|-weather|Sandstorm|[upkeep]
|-damage|p1a: Medicham|60/100|[from] Sandstorm
|-heal|p2a: Tyranitar|50/100|[from] item: Leftovers
|upkeep
|turn|37
|
|t:|1728926865
|move|p2a: Tyranitar|Earthquake|p1a: Medicham
|-damage|p1a: Medicham|0 fnt
|faint|p1a: Medicham
|
|win|moowee
|player|p1|
|c|☆moowee|gg

</script>
<script type="application/json" class="data" id="replaydata-smogtours-gen3ou-798670">
{"id":"smogtours-gen3ou-798670","format":"[Gen 3] OU","players":["kfz","moowee"],"uploadtime":1728926865,"views":95,"formatid":"gen3ou","rating":null,"private":0,"password":null}
</script>

<script defer src="js/replays.js?9d40a366"></script>
