<!DOCTYPE html>
<meta charset="utf-8" />
<meta name="viewport" content="width=device-width" />

<title>[Gen 3] OU: drogasas vs. ljsampson - Replays - Pok&eacute;mon Showdown!</title>

<meta name="description" content="Watch a replay of a Pok&eacute;mon battle between drogasas and ljsampson! Format: [Gen 3] OU; Date: Oct 4, 2024" />
<!--

Hey, you! Looking in the source for the replay log?

You can find them in JSON format, just add `.json` at the end of a replay URL.

https://replay.pokemonshowdown.com/gen7randomdoublesbattle-865046831.json

Or, if you only need the log itself, add `.log` instead:

https://replay.pokemonshowdown.com/gen7randomdoublesbattle-865046831.log

-->

<link rel="stylesheet" href="//pokemonshowdown.com/style/global.css?0.023195364461161105" />
<link rel="stylesheet" href="//play.pokemonshowdown.com/style/font-awesome.css?0.13261647063804238" />
<link rel="stylesheet" href="//play.pokemonshowdown.com/style/battle.css?0.8753245789963631" />
<link rel="stylesheet" href="//play.pokemonshowdown.com/style/utilichart.css?0.8627959624976733" />

<!-- Global site tag (gtag.js) - Google Analytics -->
<script async src="https://www.googletagmanager.com/gtag/js?id=UA-26211653-1"></script>
<script>
  window.dataLayer = window.dataLayer || [];
  function gtag(){dataLayer.push(arguments);}
  gtag('js', new Date());

  gtag('config', 'UA-26211653-1');
</script>
<!-- End Google Analytics -->
<!-- Venatus Ad Manager - Install in <HEAD> of page -->
	<script src="https://hb.vntsm.com/v3/live/ad-manager.min.js" type="text/javascript" data-site-id="642aba63ec9a7b11c3c9c1be" data-mode="scan" async></script>
<!-- / Venatus Ad Manager -->

<style>
	@media (max-width:820px) {
		.battle {
			margin: 0 auto;
		}
		.battle-log {
			margin: 7px auto 0;
			max-width: 640px;
			height: 300px;
			position: static;
		}
	}
	.optgroup {
		display: inline-block;
		line-height: 22px;
		font-size: 10pt;
	}
	.optgroup .button {
		height: 25px;
		padding-top: 0;
		padding-bottom: 0;
	}
	.optgroup button.button {
		padding-left: 12px;
		padding-right: 12px;
	}
	.linklist {
		list-style: none;
		margin: 0.5em 0;
		padding: 0;
	}
	.linklist li {
		padding: 2px 0;
	}
	.sidebar {
		float: left;
		width: 320px;
	}
	.bar-wrapper {
		max-width: 1100px;
		margin: 0 auto;
	}
	.bar-wrapper.has-sidebar {
		max-width: 1430px;
	}
	.mainbar {
		margin: 0;
		padding-right: 1px;
	}
	.mainbar.has-sidebar {
		margin-left: 330px;
	}
	@media (min-width: 1511px) {
		.sidebar {
			width: 400px;
		}
		.bar-wrapper.has-sidebar {
			max-width: 1510px;
		}
		.mainbar.has-sidebar {
			margin-left: 410px;
		}
	}
	.section.first-section {
		margin-top: 9px;
	}
	.blocklink small {
		white-space: normal;
	}
	.button {
		vertical-align: middle;
	}
	.replay-controls {
		padding-top: 10px;
	}
	.replay-controls h1 {
		font-size: 16pt;
		font-weight: normal;
		color: #CCC;
	}
	.pagelink {
		text-align: center;
	}
	.pagelink a {
		width: 150px;
	}
	.textbox, .button {
		font-size: 11pt;
		vertical-align: middle;
	}
	@media (max-width: 450px) {
		.button {
			font-size: 9pt;
		}
	}
</style>

<div>

	<header>
		<div class="nav-wrapper"><ul class="nav">
			<li><a class="button nav-first" href="//pokemonshowdown.com/"><img src="//pokemonshowdown.com/images/pokemonshowdownbeta.png" srcset="//pokemonshowdown.com/images/pokemonshowdownbeta.png 1x, //pokemonshowdown.com/images/pokemonshowdownbeta@2x.png 2x" alt="Pok&eacute;mon Showdown" width="146" height="44" /> Home</a></li>
			<li><a class="button" href="//pokemonshowdown.com/dex/">Pok&eacute;dex</a></li>
			<li><a class="button cur" href="/">Replays</a></li>
			<li><a class="button" href="//pokemonshowdown.com/ladder/">Ladder</a></li>
			<li><a class="button nav-last" href="//pokemonshowdown.com/forums/">Forum</a></li>
			<li><a class="button greenbutton nav-first nav-last" href="//play.pokemonshowdown.com/">Play</a></li>
		</ul></div>
	</header>

	<div class="main" id="main">

		<noscript><section class="section">You need to enable JavaScript to use this page; sorry!</section></noscript>

	</div>

</div>

<script defer nomodule src="//play.pokemonshowdown.com/js/lib/ps-polyfill.js"></script>
<script defer src="//play.pokemonshowdown.com/js/lib/preact.min.js"></script>

<script defer src="//play.pokemonshowdown.com/config/config.js?2bddbc15"></script>
<script defer src="//play.pokemonshowdown.com/js/lib/jquery-1.11.0.min.js"></script>
<script defer src="//play.pokemonshowdown.com/js/lib/html-sanitizer-minified.js"></script>
<script defer src="//play.pokemonshowdown.com/js/battle-sound.js"></script>
<script defer src="//play.pokemonshowdown.com/js/battledata.js?0.7209276989879541"></script>
<script defer src="//play.pokemonshowdown.com/data/pokedex-mini.js?0.6111056340867951"></script>
<script defer src="//play.pokemonshowdown.com/data/pokedex-mini-bw.js?0.3532142036491459"></script>
<script defer src="//play.pokemonshowdown.com/data/graphics.js?0.24223875632456182"></script>
<script defer src="//play.pokemonshowdown.com/data/pokedex.js?0.38839984266356864"></script>
<script defer src="//play.pokemonshowdown.com/data/moves.js?0.21866028504024015"></script>
<script defer src="//play.pokemonshowdown.com/data/abilities.js?0.2005157953846628"></script>
<script defer src="//play.pokemonshowdown.com/data/items.js?0.9894211263848525"></script>
<script defer src="//play.pokemonshowdown.com/data/teambuilder-tables.js?0.6008791140282215"></script>
<script defer src="//play.pokemonshowdown.com/js/battle-tooltips.js?0.7580118955022959"></script>
<script defer src="//play.pokemonshowdown.com/js/battle.js?0.6057722274234274"></script>

<script defer src="js/utils.js?e31f9a17"></script>
<script defer src="js/replays-battle.js?7008c182"></script>

<!-- don't scrape this data! just add .json or .log after the URL!
Full API docs: https://github.com/smogon/pokemon-showdown-client/blob/master/WEB-API.md -->
<script type="text/plain" class="log" id="replaylog-smogtours-gen3ou-794559">
|inactive|Battle timer is ON: inactive players will automatically lose when time's up.
|t:|1728054464
|gametype|singles
|player|p1|drogasas|scientist-gen4|
|player|p2|ljsampson|169|
|teamsize|p1|6
|teamsize|p2|6
|gen|3
|tier|[Gen 3] OU
|rule|Sleep Clause Mod: Limit one foe put to sleep
|rule|Switch Priority Clause Mod: Faster Pokémon switch first
|rule|Species Clause: Limit one of each Pokémon
|rule|OHKO Clause: OHKO moves are banned
|rule|Evasion Items Clause: Evasion items are banned
|rule|Evasion Moves Clause: Evasion moves are banned
|rule|Endless Battle Clause: Forcing endless battles is banned
|rule|HP Percentage Mod: HP is shown in percentages
|rule|One Boost Passer Clause: Limit one Baton Passer that has a way to boost its stats
|rule|Freeze Clause Mod: Limit one foe frozen
|
|t:|1728054464
|start
|switch|p1a: Tyranitar|Tyranitar, M|100/100
|switch|p2a: Regirock|Regirock|100/100
|-weather|Sandstorm|[from] ability: Sand Stream|[of] p1a: Tyranitar
|turn|1
|c|☆drogasas|gl and hf!
|c|☆ljsampson|u2
|inactive|ljsampson has 270 seconds left.
|c|☆ljsampson|I sent live link
|inactive|ljsampson has 240 seconds left.
|
|t:|1728054524
|switch|p1a: Swampert|Swampert, M|100/100
|move|p2a: Regirock|Superpower|p1a: Swampert
|-damage|p1a: Swampert|49/100
|-unboost|p2a: Regirock|atk|1
|-unboost|p2a: Regirock|def|1
|
|-weather|Sandstorm|[upkeep]
|-heal|p1a: Swampert|55/100|[from] item: Leftovers
|upkeep
|turn|2
|inactive|ljsampson has 270 seconds left.
|
|t:|1728054566
|-singleturn|p1a: Swampert|move: Focus Punch
|switch|p2a: Cloyster|Cloyster, M|100/100
|move|p1a: Swampert|Focus Punch|p2a: Cloyster
|-supereffective|p2a: Cloyster
|-damage|p2a: Cloyster|47/100
|
|-weather|Sandstorm|[upkeep]
|-damage|p2a: Cloyster|40/100|[from] Sandstorm
|-heal|p1a: Swampert|61/100|[from] item: Leftovers
|-heal|p2a: Cloyster|47/100|[from] item: Leftovers
|upkeep
|turn|3
|inactive|drogasas has 270 seconds left.
|
|t:|1728054614
|switch|p1a: Gengar|Gengar, F|100/100
|move|p2a: Cloyster|Spikes|p1a: Gengar
|-sidestart|p1: drogasas|Spikes
|
|-weather|Sandstorm|[upkeep]
|-damage|p1a: Gengar|94/100|[from] Sandstorm
|-damage|p2a: Cloyster|40/100|[from] Sandstorm
|-heal|p1a: Gengar|100/100|[from] item: Leftovers
|-heal|p2a: Cloyster|47/100|[from] item: Leftovers
|upkeep
|turn|4
|inactive|ljsampson has 270 seconds left.
|
|t:|1728054623
|switch|p2a: Celebi|Celebi|100/100
|move|p1a: Gengar|Thunderbolt|p2a: Celebi
|-resisted|p2a: Celebi
|-damage|p2a: Celebi|86/100
|
|-weather|Sandstorm|[upkeep]
|-damage|p1a: Gengar|94/100|[from] Sandstorm
|-damage|p2a: Celebi|80/100|[from] Sandstorm
|-heal|p1a: Gengar|100/100|[from] item: Leftovers
|-heal|p2a: Celebi|86/100|[from] item: Leftovers
|upkeep
|turn|5
|inactive|ljsampson has 270 seconds left.
|
|t:|1728054634
|switch|p1a: Skarmory|Skarmory, M|100/100
|move|p2a: Celebi|Psychic|p1a: Skarmory
|-resisted|p1a: Skarmory
|-damage|p1a: Skarmory|80/100
|
|-weather|Sandstorm|[upkeep]
|-damage|p2a: Celebi|80/100|[from] Sandstorm
|-heal|p2a: Celebi|86/100|[from] item: Leftovers
|-heal|p1a: Skarmory|86/100|[from] item: Leftovers
|upkeep
|turn|6
|
|t:|1728054642
|move|p2a: Celebi|Calm Mind|p2a: Celebi
|-boost|p2a: Celebi|spa|1
|-boost|p2a: Celebi|spd|1
|move|p1a: Skarmory|Spikes|p2a: Celebi
|-sidestart|p2: ljsampson|Spikes
|
|-weather|Sandstorm|[upkeep]
|-damage|p2a: Celebi|80/100|[from] Sandstorm
|-heal|p2a: Celebi|86/100|[from] item: Leftovers
|-heal|p1a: Skarmory|92/100|[from] item: Leftovers
|upkeep
|turn|7
|
|t:|1728054644
|move|p2a: Celebi|Hidden Power|p1a: Skarmory
|-supereffective|p1a: Skarmory
|-damage|p1a: Skarmory|26/100
|move|p1a: Skarmory|Roar|p2a: Celebi
|drag|p2a: Zapdos|Zapdos|100/100
|
|-weather|Sandstorm|[upkeep]
|-damage|p2a: Zapdos|94/100|[from] Sandstorm
|-heal|p2a: Zapdos|100/100|[from] item: Leftovers
|-heal|p1a: Skarmory|32/100|[from] item: Leftovers
|upkeep
|turn|8
|
|t:|1728054652
|move|p1a: Skarmory|Protect|p1a: Skarmory
|-singleturn|p1a: Skarmory|Protect
|move|p2a: Zapdos|Thunderbolt|p1a: Skarmory
|-activate|p1a: Skarmory|Protect
|
|-weather|Sandstorm|[upkeep]
|-damage|p2a: Zapdos|94/100|[from] Sandstorm
|-heal|p2a: Zapdos|100/100|[from] item: Leftovers
|-heal|p1a: Skarmory|38/100|[from] item: Leftovers
|upkeep
|turn|9
|
|t:|1728054660
|switch|p1a: Blissey|Blissey, F|100/100
|-damage|p1a: Blissey|88/100|[from] Spikes
|move|p2a: Zapdos|Thunderbolt|p1a: Blissey
|-damage|p1a: Blissey|70/100
|
|-weather|Sandstorm|[upkeep]
|-damage|p2a: Zapdos|94/100|[from] Sandstorm
|-damage|p1a: Blissey|64/100|[from] Sandstorm
|-heal|p2a: Zapdos|100/100|[from] item: Leftovers
|-heal|p1a: Blissey|70/100|[from] item: Leftovers
|upkeep
|turn|10
|
|t:|1728054682
|switch|p2a: Snorlax|Snorlax, M|100/100
|-damage|p2a: Snorlax|88/100|[from] Spikes
|move|p1a: Blissey|Ice Beam|p2a: Snorlax
|-damage|p2a: Snorlax|73/100
|
|-weather|Sandstorm|[upkeep]
|-damage|p1a: Blissey|64/100|[from] Sandstorm
|-damage|p2a: Snorlax|66/100|[from] Sandstorm
|-heal|p1a: Blissey|70/100|[from] item: Leftovers
|-heal|p2a: Snorlax|73/100|[from] item: Leftovers
|upkeep
|turn|11
|
|t:|1728054690
|switch|p1a: Skarmory|Skarmory, M|38/100
|move|p2a: Snorlax|Return|p1a: Skarmory
|-resisted|p1a: Skarmory
|-damage|p1a: Skarmory|18/100
|
|-weather|Sandstorm|[upkeep]
|-damage|p2a: Snorlax|66/100|[from] Sandstorm
|-heal|p1a: Skarmory|24/100|[from] item: Leftovers
|-heal|p2a: Snorlax|73/100|[from] item: Leftovers
|upkeep
|turn|12
|
|t:|1728054694
|move|p1a: Skarmory|Spikes|p2a: Snorlax
|-sidestart|p2: ljsampson|Spikes
|move|p2a: Snorlax|Return|p1a: Skarmory
|-resisted|p1a: Skarmory
|-damage|p1a: Skarmory|5/100
|
|-weather|Sandstorm|[upkeep]
|-damage|p2a: Snorlax|66/100|[from] Sandstorm
|-heal|p1a: Skarmory|11/100|[from] item: Leftovers
|-heal|p2a: Snorlax|73/100|[from] item: Leftovers
|upkeep
|turn|13
|
|t:|1728054698
|move|p1a: Skarmory|Spikes|p2a: Snorlax
|-sidestart|p2: ljsampson|Spikes
|move|p2a: Snorlax|Return|p1a: Skarmory
|-resisted|p1a: Skarmory
|-crit|p1a: Skarmory
|-damage|p1a: Skarmory|0 fnt
|faint|p1a: Skarmory
|
|t:|1728054706
|switch|p1a: Gengar|Gengar, F|100/100
|
|-weather|Sandstorm|[upkeep]
|-damage|p1a: Gengar|94/100|[from] Sandstorm
|-damage|p2a: Snorlax|66/100|[from] Sandstorm
|-heal|p1a: Gengar|100/100|[from] item: Leftovers
|-heal|p2a: Snorlax|73/100|[from] item: Leftovers
|upkeep
|turn|14
|
|t:|1728054708
|move|p1a: Gengar|Will-O-Wisp|p2a: Snorlax|[miss]
|-miss|p1a: Gengar|p2a: Snorlax
|move|p2a: Snorlax|Shadow Ball|p1a: Gengar
|-supereffective|p1a: Gengar
|-damage|p1a: Gengar|21/100
|-unboost|p1a: Gengar|spd|1
|
|-weather|Sandstorm|[upkeep]
|-damage|p1a: Gengar|14/100|[from] Sandstorm
|-damage|p2a: Snorlax|66/100|[from] Sandstorm
|-heal|p1a: Gengar|21/100|[from] item: Leftovers
|-heal|p2a: Snorlax|73/100|[from] item: Leftovers
|upkeep
|turn|15
|c|☆ljsampson|mb
|
|t:|1728054722
|move|p1a: Gengar|Will-O-Wisp|p2a: Snorlax
|-status|p2a: Snorlax|brn
|move|p2a: Snorlax|Shadow Ball|p1a: Gengar
|-supereffective|p1a: Gengar
|-damage|p1a: Gengar|0 fnt
|faint|p1a: Gengar
|
|t:|1728054728
|switch|p1a: Tyranitar|Tyranitar, M|100/100
|-damage|p1a: Tyranitar|88/100|[from] Spikes
|
|-weather|Sandstorm|[upkeep]
|-damage|p2a: Snorlax|66/100 brn|[from] Sandstorm
|-heal|p2a: Snorlax|73/100 brn|[from] item: Leftovers
|-damage|p2a: Snorlax|60/100 brn|[from] brn
|upkeep
|turn|16
|
|t:|1728054731
|move|p1a: Tyranitar|Dragon Dance|p1a: Tyranitar
|-boost|p1a: Tyranitar|atk|1
|-boost|p1a: Tyranitar|spe|1
|move|p2a: Snorlax|Self-Destruct|p1a: Tyranitar
|-resisted|p1a: Tyranitar
|-damage|p1a: Tyranitar|42/100
|faint|p2a: Snorlax
|inactive|ljsampson has 270 seconds left.
|
|t:|1728054764
|switch|p2a: Suicune|Suicune|100/100
|-damage|p2a: Suicune|75/100|[from] Spikes
|
|-weather|Sandstorm|[upkeep]
|-damage|p2a: Suicune|69/100|[from] Sandstorm
|-heal|p2a: Suicune|75/100|[from] item: Leftovers
|upkeep
|turn|17
|
|t:|1728054774
|move|p1a: Tyranitar|Rock Slide|p2a: Suicune
|-damage|p2a: Suicune|44/100
|move|p2a: Suicune|Surf|p1a: Tyranitar
|-supereffective|p1a: Tyranitar
|-damage|p1a: Tyranitar|0 fnt
|faint|p1a: Tyranitar
|
|t:|1728054784
|switch|p1a: Starmie|Starmie|100/100
|-damage|p1a: Starmie|88/100|[from] Spikes
|
|-weather|Sandstorm|[upkeep]
|-damage|p1a: Starmie|82/100|[from] Sandstorm
|-damage|p2a: Suicune|38/100|[from] Sandstorm
|-heal|p1a: Starmie|88/100|[from] item: Leftovers
|-heal|p2a: Suicune|44/100|[from] item: Leftovers
|upkeep
|turn|18
|inactive|ljsampson has 270 seconds left.
|
|t:|1728054813
|move|p1a: Starmie|Thunderbolt|p2a: Suicune
|-supereffective|p2a: Suicune
|-damage|p2a: Suicune|0 fnt
|faint|p2a: Suicune
|inactive|ljsampson has 270 seconds left.
|inactive|ljsampson has 240 seconds left.
|
|t:|1728054858
|switch|p2a: Zapdos|Zapdos|100/100
|
|-weather|Sandstorm|[upkeep]
|-damage|p1a: Starmie|82/100|[from] Sandstorm
|-damage|p2a: Zapdos|94/100|[from] Sandstorm
|-heal|p1a: Starmie|88/100|[from] item: Leftovers
|-heal|p2a: Zapdos|100/100|[from] item: Leftovers
|upkeep
|turn|19
|
|t:|1728054869
|switch|p1a: Blissey|Blissey, F|70/100
|-damage|p1a: Blissey|58/100|[from] Spikes
|move|p2a: Zapdos|Thunderbolt|p1a: Blissey
|-damage|p1a: Blissey|40/100
|
|-weather|Sandstorm|[upkeep]
|-damage|p2a: Zapdos|94/100|[from] Sandstorm
|-damage|p1a: Blissey|34/100|[from] Sandstorm
|-heal|p2a: Zapdos|100/100|[from] item: Leftovers
|-heal|p1a: Blissey|40/100|[from] item: Leftovers
|upkeep
|turn|20
|inactive|ljsampson has 240 seconds left.
|
|t:|1728054878
|switch|p2a: Regirock|Regirock|100/100
|-damage|p2a: Regirock|75/100|[from] Spikes
|move|p1a: Blissey|Soft-Boiled|p1a: Blissey
|-heal|p1a: Blissey|90/100
|
|-weather|Sandstorm|[upkeep]
|-damage|p1a: Blissey|83/100|[from] Sandstorm
|-heal|p1a: Blissey|90/100|[from] item: Leftovers
|upkeep
|turn|21
|inactive|ljsampson has 240 seconds left.
|
|t:|1728054896
|switch|p1a: Swampert|Swampert, M|61/100
|-damage|p1a: Swampert|49/100|[from] Spikes
|move|p2a: Regirock|Explosion|p1a: Swampert
|-damage|p1a: Swampert|0 fnt
|faint|p2a: Regirock
|faint|p1a: Swampert
|inactive|ljsampson has 240 seconds left.
|
|t:|1728054910
|switch|p1a: Starmie|Starmie|88/100
|switch|p2a: Celebi|Celebi|86/100
|-damage|p1a: Starmie|76/100|[from] Spikes
|-damage|p2a: Celebi|61/100|[from] Spikes
|
|-weather|Sandstorm|[upkeep]
|-damage|p1a: Starmie|70/100|[from] Sandstorm
|-damage|p2a: Celebi|55/100|[from] Sandstorm
|-heal|p1a: Starmie|76/100|[from] item: Leftovers
|-heal|p2a: Celebi|61/100|[from] item: Leftovers
|upkeep
|turn|22
|
|t:|1728054913
|switch|p1a: Blissey|Blissey, F|90/100
|-damage|p1a: Blissey|77/100|[from] Spikes
|move|p2a: Celebi|Giga Drain|p1a: Blissey
|-damage|p1a: Blissey|66/100
|-heal|p2a: Celebi|71/100|[from] drain|[of] p1a: Blissey
|
|-weather|Sandstorm|[upkeep]
|-damage|p2a: Celebi|65/100|[from] Sandstorm
|-damage|p1a: Blissey|60/100|[from] Sandstorm
|-heal|p2a: Celebi|71/100|[from] item: Leftovers
|-heal|p1a: Blissey|66/100|[from] item: Leftovers
|upkeep
|turn|23
|
|t:|1728054916
|move|p2a: Celebi|Calm Mind|p2a: Celebi
|-boost|p2a: Celebi|spa|1
|-boost|p2a: Celebi|spd|1
|move|p1a: Blissey|Ice Beam|p2a: Celebi
|-supereffective|p2a: Celebi
|-damage|p2a: Celebi|36/100
|
|-weather|Sandstorm|[upkeep]
|-damage|p2a: Celebi|30/100|[from] Sandstorm
|-damage|p1a: Blissey|60/100|[from] Sandstorm
|-heal|p2a: Celebi|36/100|[from] item: Leftovers
|-heal|p1a: Blissey|66/100|[from] item: Leftovers
|upkeep
|turn|24
|
|t:|1728054924
|move|p2a: Celebi|Giga Drain|p1a: Blissey
|-damage|p1a: Blissey|49/100
|-heal|p2a: Celebi|53/100|[from] drain|[of] p1a: Blissey
|move|p1a: Blissey|Ice Beam|p2a: Celebi
|-supereffective|p2a: Celebi
|-crit|p2a: Celebi
|-damage|p2a: Celebi|0 fnt
|faint|p2a: Celebi
|c|☆drogasas|mb
|c|☆ljsampson|all g
|
|t:|1728054942
|switch|p2a: Cloyster|Cloyster, M|47/100
|-damage|p2a: Cloyster|22/100|[from] Spikes
|
|-weather|Sandstorm|[upkeep]
|-damage|p2a: Cloyster|15/100|[from] Sandstorm
|-damage|p1a: Blissey|42/100|[from] Sandstorm
|-heal|p2a: Cloyster|22/100|[from] item: Leftovers
|-heal|p1a: Blissey|49/100|[from] item: Leftovers
|upkeep
|turn|25
|
|t:|1728054950
|switch|p1a: Starmie|Starmie|76/100
|-damage|p1a: Starmie|64/100|[from] Spikes
|move|p2a: Cloyster|Explosion|p1a: Starmie
|-damage|p1a: Starmie|0 fnt
|faint|p2a: Cloyster
|faint|p1a: Starmie
|
|t:|1728054955
|switch|p1a: Blissey|Blissey, F|49/100
|switch|p2a: Zapdos|Zapdos|100/100
|-damage|p1a: Blissey|36/100|[from] Spikes
|
|-weather|Sandstorm|[upkeep]
|-damage|p2a: Zapdos|94/100|[from] Sandstorm
|-damage|p1a: Blissey|30/100|[from] Sandstorm
|-heal|p2a: Zapdos|100/100|[from] item: Leftovers
|-heal|p1a: Blissey|36/100|[from] item: Leftovers
|upkeep
|turn|26
|
|t:|1728054958
|move|p2a: Zapdos|Toxic|p1a: Blissey
|-status|p1a: Blissey|tox
|move|p1a: Blissey|Soft-Boiled|p1a: Blissey
|-heal|p1a: Blissey|86/100 tox
|
|-weather|Sandstorm|[upkeep]
|-damage|p2a: Zapdos|94/100|[from] Sandstorm
|-damage|p1a: Blissey|80/100 tox|[from] Sandstorm
|-heal|p2a: Zapdos|100/100|[from] item: Leftovers
|-heal|p1a: Blissey|86/100 tox|[from] item: Leftovers
|-damage|p1a: Blissey|80/100 tox|[from] psn
|upkeep
|turn|27
|inactive|ljsampson has 270 seconds left.
|
|t:|1728054990
|move|p2a: Zapdos|Thunderbolt|p1a: Blissey
|-damage|p1a: Blissey|61/100 tox
|move|p1a: Blissey|Ice Beam|p2a: Zapdos
|-supereffective|p2a: Zapdos
|-damage|p2a: Zapdos|44/100
|
|-weather|Sandstorm|[upkeep]
|-damage|p2a: Zapdos|38/100|[from] Sandstorm
|-damage|p1a: Blissey|55/100 tox|[from] Sandstorm
|-heal|p2a: Zapdos|44/100|[from] item: Leftovers
|-heal|p1a: Blissey|61/100 tox|[from] item: Leftovers
|-damage|p1a: Blissey|49/100 tox|[from] psn
|upkeep
|turn|28
|
|t:|1728055000
|move|p2a: Zapdos|Thunderbolt|p1a: Blissey
|-damage|p1a: Blissey|28/100 tox
|move|p1a: Blissey|Aromatherapy|p1a: Blissey
|-cureteam|p1a: Blissey|[from] move: Aromatherapy
|
|-weather|Sandstorm|[upkeep]
|-damage|p2a: Zapdos|38/100|[from] Sandstorm
|-damage|p1a: Blissey|22/100|[from] Sandstorm
|-heal|p2a: Zapdos|44/100|[from] item: Leftovers
|-heal|p1a: Blissey|28/100|[from] item: Leftovers
|upkeep
|turn|29
|
|t:|1728055011
|move|p2a: Zapdos|Thunderbolt|p1a: Blissey
|-damage|p1a: Blissey|10/100
|move|p1a: Blissey|Ice Beam|p2a: Zapdos
|-supereffective|p2a: Zapdos
|-damage|p2a: Zapdos|0 fnt
|faint|p2a: Zapdos
|
|win|drogasas
|c|☆drogasas|gg
|c|☆ljsampson|gg
|player|p2|

</script>
<script type="application/json" class="data" id="replaydata-smogtours-gen3ou-794559">
{"id":"smogtours-gen3ou-794559","format":"[Gen 3] OU","players":["drogasas","ljsampson"],"uploadtime":1728055011,"views":105,"formatid":"gen3ou","rating":null,"private":0,"password":null}
</script>

<script defer src="js/replays.js?9d40a366"></script>
