<!DOCTYPE html>
<meta charset="utf-8" />
<meta name="viewport" content="width=device-width" />

<title>[Gen 3] OU: AirPan vs. CharBoy3000 - Replays - Pok&eacute;mon Showdown!</title>

<meta name="description" content="Watch a replay of a Pok&eacute;mon battle between AirPan and CharBoy3000! Format: [Gen 3] OU; Date: Oct 29, 2024" />
<!--

Hey, you! Looking in the source for the replay log?

You can find them in JSON format, just add `.json` at the end of a replay URL.

https://replay.pokemonshowdown.com/gen7randomdoublesbattle-865046831.json

Or, if you only need the log itself, add `.log` instead:

https://replay.pokemonshowdown.com/gen7randomdoublesbattle-865046831.log

-->

<link rel="stylesheet" href="//pokemonshowdown.com/style/global.css?0.023195364461161105" />
<link rel="stylesheet" href="//play.pokemonshowdown.com/style/font-awesome.css?0.13261647063804238" />
<link rel="stylesheet" href="//play.pokemonshowdown.com/style/battle.css?0.8753245789963631" />
<link rel="stylesheet" href="//play.pokemonshowdown.com/style/utilichart.css?0.8627959624976733" />

<!-- Global site tag (gtag.js) - Google Analytics -->
<script async src="https://www.googletagmanager.com/gtag/js?id=UA-26211653-1"></script>
<script>
  window.dataLayer = window.dataLayer || [];
  function gtag(){dataLayer.push(arguments);}
  gtag('js', new Date());

  gtag('config', 'UA-26211653-1');
</script>
<!-- End Google Analytics -->
<!-- Venatus Ad Manager - Install in <HEAD> of page -->
	<script src="https://hb.vntsm.com/v3/live/ad-manager.min.js" type="text/javascript" data-site-id="642aba63ec9a7b11c3c9c1be" data-mode="scan" async></script>
<!-- / Venatus Ad Manager -->

<style>
	@media (max-width:820px) {
		.battle {
			margin: 0 auto;
		}
		.battle-log {
			margin: 7px auto 0;
			max-width: 640px;
			height: 300px;
			position: static;
		}
	}
	.optgroup {
		display: inline-block;
		line-height: 22px;
		font-size: 10pt;
	}
	.optgroup .button {
		height: 25px;
		padding-top: 0;
		padding-bottom: 0;
	}
	.optgroup button.button {
		padding-left: 12px;
		padding-right: 12px;
	}
	.linklist {
		list-style: none;
		margin: 0.5em 0;
		padding: 0;
	}
	.linklist li {
		padding: 2px 0;
	}
	.sidebar {
		float: left;
		width: 320px;
	}
	.bar-wrapper {
		max-width: 1100px;
		margin: 0 auto;
	}
	.bar-wrapper.has-sidebar {
		max-width: 1430px;
	}
	.mainbar {
		margin: 0;
		padding-right: 1px;
	}
	.mainbar.has-sidebar {
		margin-left: 330px;
	}
	@media (min-width: 1511px) {
		.sidebar {
			width: 400px;
		}
		.bar-wrapper.has-sidebar {
			max-width: 1510px;
		}
		.mainbar.has-sidebar {
			margin-left: 410px;
		}
	}
	.section.first-section {
		margin-top: 9px;
	}
	.blocklink small {
		white-space: normal;
	}
	.button {
		vertical-align: middle;
	}
	.replay-controls {
		padding-top: 10px;
	}
	.replay-controls h1 {
		font-size: 16pt;
		font-weight: normal;
		color: #CCC;
	}
	.pagelink {
		text-align: center;
	}
	.pagelink a {
		width: 150px;
	}
	.textbox, .button {
		font-size: 11pt;
		vertical-align: middle;
	}
	@media (max-width: 450px) {
		.button {
			font-size: 9pt;
		}
	}
</style>

<div>

	<header>
		<div class="nav-wrapper"><ul class="nav">
			<li><a class="button nav-first" href="//pokemonshowdown.com/"><img src="//pokemonshowdown.com/images/pokemonshowdownbeta.png" srcset="//pokemonshowdown.com/images/pokemonshowdownbeta.png 1x, //pokemonshowdown.com/images/pokemonshowdownbeta@2x.png 2x" alt="Pok&eacute;mon Showdown" width="146" height="44" /> Home</a></li>
			<li><a class="button" href="//pokemonshowdown.com/dex/">Pok&eacute;dex</a></li>
			<li><a class="button cur" href="/">Replays</a></li>
			<li><a class="button" href="//pokemonshowdown.com/ladder/">Ladder</a></li>
			<li><a class="button nav-last" href="//pokemonshowdown.com/forums/">Forum</a></li>
			<li><a class="button greenbutton nav-first nav-last" href="//play.pokemonshowdown.com/">Play</a></li>
		</ul></div>
	</header>

	<div class="main" id="main">

		<noscript><section class="section">You need to enable JavaScript to use this page; sorry!</section></noscript>

	</div>

</div>

<script defer nomodule src="//play.pokemonshowdown.com/js/lib/ps-polyfill.js"></script>
<script defer src="//play.pokemonshowdown.com/js/lib/preact.min.js"></script>

<script defer src="//play.pokemonshowdown.com/config/config.js?2bddbc15"></script>
<script defer src="//play.pokemonshowdown.com/js/lib/jquery-1.11.0.min.js"></script>
<script defer src="//play.pokemonshowdown.com/js/lib/html-sanitizer-minified.js"></script>
<script defer src="//play.pokemonshowdown.com/js/battle-sound.js"></script>
<script defer src="//play.pokemonshowdown.com/js/battledata.js?0.7209276989879541"></script>
<script defer src="//play.pokemonshowdown.com/data/pokedex-mini.js?0.6111056340867951"></script>
<script defer src="//play.pokemonshowdown.com/data/pokedex-mini-bw.js?0.3532142036491459"></script>
<script defer src="//play.pokemonshowdown.com/data/graphics.js?0.24223875632456182"></script>
<script defer src="//play.pokemonshowdown.com/data/pokedex.js?0.38839984266356864"></script>
<script defer src="//play.pokemonshowdown.com/data/moves.js?0.21866028504024015"></script>
<script defer src="//play.pokemonshowdown.com/data/abilities.js?0.2005157953846628"></script>
<script defer src="//play.pokemonshowdown.com/data/items.js?0.9894211263848525"></script>
<script defer src="//play.pokemonshowdown.com/data/teambuilder-tables.js?0.6008791140282215"></script>
<script defer src="//play.pokemonshowdown.com/js/battle-tooltips.js?0.7580118955022959"></script>
<script defer src="//play.pokemonshowdown.com/js/battle.js?0.6057722274234274"></script>

<script defer src="js/utils.js?e31f9a17"></script>
<script defer src="js/replays-battle.js?7008c182"></script>

<!-- don't scrape this data! just add .json or .log after the URL!
Full API docs: https://github.com/smogon/pokemon-showdown-client/blob/master/WEB-API.md -->
<script type="text/plain" class="log" id="replaylog-smogtours-gen3ou-803284">
|inactive|Battle timer is ON: inactive players will automatically lose when time's up.
|t:|1730232055
|gametype|singles
|player|p1|AirPan|pokemonrangerf-gen4|
|player|p2|CharBoy3000|blaine|
|teamsize|p1|6
|teamsize|p2|6
|gen|3
|tier|[Gen 3] OU
|rule|Sleep Clause Mod: Limit one foe put to sleep
|rule|Switch Priority Clause Mod: Faster Pokémon switch first
|rule|Species Clause: Limit one of each Pokémon
|rule|OHKO Clause: OHKO moves are banned
|rule|Evasion Items Clause: Evasion items are banned
|rule|Evasion Moves Clause: Evasion moves are banned
|rule|Endless Battle Clause: Forcing endless battles is banned
|rule|HP Percentage Mod: HP is shown in percentages
|rule|One Boost Passer Clause: Limit one Baton Passer that has a way to boost its stats
|rule|Freeze Clause Mod: Limit one foe frozen
|
|t:|1730232055
|start
|switch|p1a: ask|Tyranitar, M|100/100
|switch|p2a: Metagross|Metagross|100/100
|-weather|Sandstorm|[from] ability: Sand Stream|[of] p1a: ask
|turn|1
|c|☆AirPan|gl
|c|☆CharBoy3000|Hf
|
|t:|1730232075
|switch|p1a: pls pls pls|Swampert, F|100/100
|move|p2a: Metagross|Meteor Mash|p1a: pls pls pls
|-resisted|p1a: pls pls pls
|-damage|p1a: pls pls pls|61/100
|
|-weather|Sandstorm|[upkeep]
|-heal|p1a: pls pls pls|67/100|[from] item: Leftovers
|upkeep
|turn|2
|inactive|CharBoy3000 has 270 seconds left.
|inactive|CharBoy3000 disconnected and has 300 seconds to reconnect!
|player|p2|
|inactive|CharBoy3000 reconnected and has 265 seconds left.
|player|p2|CharBoy3000|blaine|
|c|☆CharBoy3000|Running on mobile data rn
|c|☆CharBoy3000|So i apologize if that happens a couple times
|c|☆AirPan|ok ok
|inactive|CharBoy3000 has 240 seconds left.
|
|t:|1730232149
|switch|p2a: Heracross|Heracross, F|100/100
|move|p1a: pls pls pls|Earthquake|p2a: Heracross
|-resisted|p2a: Heracross
|-damage|p2a: Heracross|69/100
|
|-weather|Sandstorm|[upkeep]
|-damage|p2a: Heracross|63/100|[from] Sandstorm
|-heal|p1a: pls pls pls|73/100|[from] item: Leftovers
|upkeep
|turn|3
|inactive|CharBoy3000 has 240 seconds left.
|
|t:|1730232165
|switch|p1a: hand in glove|Milotic, M|100/100
|move|p2a: Heracross|Brick Break|p1a: hand in glove
|-damage|p1a: hand in glove|55/100
|
|-weather|Sandstorm|[upkeep]
|-damage|p2a: Heracross|57/100|[from] Sandstorm
|-damage|p1a: hand in glove|48/100|[from] Sandstorm
|-heal|p1a: hand in glove|55/100|[from] item: Leftovers
|upkeep
|turn|4
|
|t:|1730232175
|move|p2a: Heracross|Brick Break|p1a: hand in glove
|-damage|p1a: hand in glove|11/100
|move|p1a: hand in glove|Recover|p1a: hand in glove
|-heal|p1a: hand in glove|61/100
|
|-weather|Sandstorm|[upkeep]
|-damage|p2a: Heracross|51/100|[from] Sandstorm
|-damage|p1a: hand in glove|55/100|[from] Sandstorm
|-heal|p1a: hand in glove|61/100|[from] item: Leftovers
|upkeep
|turn|5
|
|t:|1730232188
|switch|p2a: Metagross|Metagross|100/100
|move|p1a: hand in glove|Recover|p1a: hand in glove
|-heal|p1a: hand in glove|100/100
|
|-weather|Sandstorm|[upkeep]
|-damage|p1a: hand in glove|94/100|[from] Sandstorm
|-heal|p1a: hand in glove|100/100|[from] item: Leftovers
|upkeep
|turn|6
|
|t:|1730232198
|move|p2a: Metagross|Earthquake|p1a: hand in glove
|-damage|p1a: hand in glove|59/100
|move|p1a: hand in glove|Surf|p2a: Metagross
|-damage|p2a: Metagross|62/100
|
|-weather|Sandstorm|[upkeep]
|-damage|p1a: hand in glove|53/100|[from] Sandstorm
|-heal|p1a: hand in glove|59/100|[from] item: Leftovers
|upkeep
|turn|7
|
|t:|1730232205
|move|p2a: Metagross|Earthquake|p1a: hand in glove
|-damage|p1a: hand in glove|13/100
|move|p1a: hand in glove|Recover|p1a: hand in glove
|-heal|p1a: hand in glove|63/100
|
|-weather|Sandstorm|[upkeep]
|-damage|p1a: hand in glove|57/100|[from] Sandstorm
|-heal|p1a: hand in glove|63/100|[from] item: Leftovers
|upkeep
|turn|8
|
|t:|1730232229
|move|p2a: Metagross|Earthquake|p1a: hand in glove
|-damage|p1a: hand in glove|18/100
|move|p1a: hand in glove|Recover|p1a: hand in glove
|-heal|p1a: hand in glove|68/100
|
|-weather|Sandstorm|[upkeep]
|-damage|p1a: hand in glove|62/100|[from] Sandstorm
|-heal|p1a: hand in glove|68/100|[from] item: Leftovers
|upkeep
|turn|9
|
|t:|1730232236
|move|p2a: Metagross|Earthquake|p1a: hand in glove
|-damage|p1a: hand in glove|27/100
|move|p1a: hand in glove|Recover|p1a: hand in glove
|-heal|p1a: hand in glove|77/100
|
|-weather|Sandstorm|[upkeep]
|-damage|p1a: hand in glove|71/100|[from] Sandstorm
|-heal|p1a: hand in glove|77/100|[from] item: Leftovers
|upkeep
|turn|10
|
|t:|1730232240
|move|p2a: Metagross|Earthquake|p1a: hand in glove
|-damage|p1a: hand in glove|35/100
|move|p1a: hand in glove|Recover|p1a: hand in glove
|-heal|p1a: hand in glove|85/100
|
|-weather|Sandstorm|[upkeep]
|-damage|p1a: hand in glove|79/100|[from] Sandstorm
|-heal|p1a: hand in glove|85/100|[from] item: Leftovers
|upkeep
|turn|11
|
|t:|1730232245
|move|p2a: Metagross|Earthquake|p1a: hand in glove
|-damage|p1a: hand in glove|40/100
|move|p1a: hand in glove|Recover|p1a: hand in glove
|-heal|p1a: hand in glove|90/100
|
|-weather|Sandstorm|[upkeep]
|-damage|p1a: hand in glove|84/100|[from] Sandstorm
|-heal|p1a: hand in glove|90/100|[from] item: Leftovers
|upkeep
|turn|12
|
|t:|1730232249
|move|p2a: Metagross|Earthquake|p1a: hand in glove
|-damage|p1a: hand in glove|46/100
|move|p1a: hand in glove|Recover|p1a: hand in glove
|-heal|p1a: hand in glove|96/100
|
|-weather|Sandstorm|[upkeep]
|-damage|p1a: hand in glove|90/100|[from] Sandstorm
|-heal|p1a: hand in glove|96/100|[from] item: Leftovers
|upkeep
|turn|13
|
|t:|1730232253
|move|p2a: Metagross|Earthquake|p1a: hand in glove
|-damage|p1a: hand in glove|56/100
|move|p1a: hand in glove|Recover|p1a: hand in glove
|-heal|p1a: hand in glove|100/100
|
|-weather|Sandstorm|[upkeep]
|-damage|p1a: hand in glove|94/100|[from] Sandstorm
|-heal|p1a: hand in glove|100/100|[from] item: Leftovers
|upkeep
|turn|14
|
|t:|1730232259
|move|p2a: Metagross|Earthquake|p1a: hand in glove
|-damage|p1a: hand in glove|58/100
|move|p1a: hand in glove|Recover|p1a: hand in glove
|-heal|p1a: hand in glove|100/100
|
|-weather|Sandstorm|[upkeep]
|-damage|p1a: hand in glove|94/100|[from] Sandstorm
|-heal|p1a: hand in glove|100/100|[from] item: Leftovers
|upkeep
|turn|15
|
|t:|1730232264
|move|p2a: Metagross|Earthquake|p1a: hand in glove
|-crit|p1a: hand in glove
|-damage|p1a: hand in glove|19/100
|move|p1a: hand in glove|Recover|p1a: hand in glove
|-heal|p1a: hand in glove|69/100
|
|-weather|Sandstorm|[upkeep]
|-damage|p1a: hand in glove|63/100|[from] Sandstorm
|-heal|p1a: hand in glove|69/100|[from] item: Leftovers
|upkeep
|turn|16
|
|t:|1730232270
|move|p2a: Metagross|Earthquake|p1a: hand in glove
|-damage|p1a: hand in glove|29/100
|move|p1a: hand in glove|Recover|p1a: hand in glove
|-heal|p1a: hand in glove|79/100
|
|-weather|Sandstorm|[upkeep]
|-damage|p1a: hand in glove|73/100|[from] Sandstorm
|-heal|p1a: hand in glove|79/100|[from] item: Leftovers
|upkeep
|turn|17
|
|t:|1730232275
|switch|p2a: Zapdos|Zapdos|100/100
|move|p1a: hand in glove|Recover|p1a: hand in glove
|-heal|p1a: hand in glove|100/100
|
|-weather|Sandstorm|[upkeep]
|-damage|p2a: Zapdos|94/100|[from] Sandstorm
|-damage|p1a: hand in glove|94/100|[from] Sandstorm
|-heal|p2a: Zapdos|100/100|[from] item: Leftovers
|-heal|p1a: hand in glove|100/100|[from] item: Leftovers
|upkeep
|turn|18
|
|t:|1730232292
|switch|p1a: heaven knows|Forretress, M|100/100
|move|p2a: Zapdos|Substitute|p2a: Zapdos
|-start|p2a: Zapdos|Substitute
|-damage|p2a: Zapdos|76/100
|
|-weather|Sandstorm|[upkeep]
|-damage|p2a: Zapdos|69/100|[from] Sandstorm
|-heal|p2a: Zapdos|76/100|[from] item: Leftovers
|upkeep
|turn|19
|
|t:|1730232296
|move|p2a: Zapdos|Agility|p2a: Zapdos
|-boost|p2a: Zapdos|spe|2
|move|p1a: heaven knows|Spikes|p2a: Zapdos
|-sidestart|p2: CharBoy3000|Spikes
|
|-weather|Sandstorm|[upkeep]
|-damage|p2a: Zapdos|69/100|[from] Sandstorm
|-heal|p2a: Zapdos|76/100|[from] item: Leftovers
|upkeep
|turn|20
|
|t:|1730232312
|move|p2a: Zapdos|Thunderbolt|p1a: heaven knows
|-damage|p1a: heaven knows|56/100
|move|p1a: heaven knows|Zap Cannon|p2a: Zapdos
|-activate|p2a: Zapdos|Substitute|[damage]
|
|-weather|Sandstorm|[upkeep]
|-damage|p2a: Zapdos|69/100|[from] Sandstorm
|-heal|p2a: Zapdos|76/100|[from] item: Leftovers
|-heal|p1a: heaven knows|62/100|[from] item: Leftovers
|upkeep
|turn|21
|
|t:|1730232322
|move|p2a: Zapdos|Thunderbolt|p1a: heaven knows
|-damage|p1a: heaven knows|16/100
|move|p1a: heaven knows|Zap Cannon|p2a: Zapdos|[miss]
|-miss|p1a: heaven knows|p2a: Zapdos
|
|-weather|Sandstorm|[upkeep]
|-damage|p2a: Zapdos|69/100|[from] Sandstorm
|-heal|p2a: Zapdos|76/100|[from] item: Leftovers
|-heal|p1a: heaven knows|22/100|[from] item: Leftovers
|upkeep
|turn|22
|
|t:|1730232336
|move|p2a: Zapdos|Thunderbolt|p1a: heaven knows
|-damage|p1a: heaven knows|0 fnt
|faint|p1a: heaven knows
|
|t:|1730232337
|switch|p1a: girl afraid|Blissey, F|100/100
|
|-weather|Sandstorm|[upkeep]
|-damage|p2a: Zapdos|69/100|[from] Sandstorm
|-damage|p1a: girl afraid|94/100|[from] Sandstorm
|-heal|p2a: Zapdos|76/100|[from] item: Leftovers
|-heal|p1a: girl afraid|100/100|[from] item: Leftovers
|upkeep
|turn|23
|
|t:|1730232344
|move|p2a: Zapdos|Thunderbolt|p1a: girl afraid
|-damage|p1a: girl afraid|80/100
|move|p1a: girl afraid|Ice Beam|p2a: Zapdos
|-supereffective|p2a: Zapdos
|-end|p2a: Zapdos|Substitute
|
|-weather|Sandstorm|[upkeep]
|-damage|p2a: Zapdos|69/100|[from] Sandstorm
|-damage|p1a: girl afraid|74/100|[from] Sandstorm
|-heal|p2a: Zapdos|76/100|[from] item: Leftovers
|-heal|p1a: girl afraid|80/100|[from] item: Leftovers
|upkeep
|turn|24
|
|t:|1730232352
|move|p2a: Zapdos|Substitute|p2a: Zapdos
|-start|p2a: Zapdos|Substitute
|-damage|p2a: Zapdos|51/100
|move|p1a: girl afraid|Thunder Wave||[still]
|-fail|p1a: girl afraid
|
|-weather|Sandstorm|[upkeep]
|-damage|p2a: Zapdos|44/100|[from] Sandstorm
|-damage|p1a: girl afraid|74/100|[from] Sandstorm
|-heal|p2a: Zapdos|51/100|[from] item: Leftovers
|-heal|p1a: girl afraid|80/100|[from] item: Leftovers
|upkeep
|turn|25
|
|t:|1730232357
|move|p2a: Zapdos|Baton Pass|p2a: Zapdos
|
|t:|1730232360
|switch|p2a: Snorlax|Snorlax, M|100/100|[from] Baton Pass
|-damage|p2a: Snorlax|88/100|[from] Spikes
|move|p1a: girl afraid|Ice Beam|p2a: Snorlax
|-crit|p2a: Snorlax
|-end|p2a: Snorlax|Substitute
|
|-weather|Sandstorm|[upkeep]
|-damage|p2a: Snorlax|82/100|[from] Sandstorm
|-damage|p1a: girl afraid|74/100|[from] Sandstorm
|-heal|p2a: Snorlax|88/100|[from] item: Leftovers
|-heal|p1a: girl afraid|80/100|[from] item: Leftovers
|upkeep
|turn|26
|
|t:|1730232369
|move|p2a: Snorlax|Belly Drum|p2a: Snorlax
|-damage|p2a: Snorlax|38/100
|-setboost|p2a: Snorlax|atk|6|[from] move: Belly Drum
|move|p1a: girl afraid|Thunder Wave|p2a: Snorlax
|-status|p2a: Snorlax|par
|
|-weather|Sandstorm|[upkeep]
|-damage|p1a: girl afraid|74/100|[from] Sandstorm
|-damage|p2a: Snorlax|32/100 par|[from] Sandstorm
|-heal|p1a: girl afraid|80/100|[from] item: Leftovers
|-heal|p2a: Snorlax|38/100 par|[from] item: Leftovers
|upkeep
|turn|27
|inactive|AirPan has 270 seconds left.
|
|t:|1730232404
|move|p1a: girl afraid|Ice Beam|p2a: Snorlax
|-damage|p2a: Snorlax|23/100 par
|move|p2a: Snorlax|Earthquake|p1a: girl afraid
|-damage|p1a: girl afraid|0 fnt
|faint|p1a: girl afraid
|inactive|AirPan has 270 seconds left.
|
|t:|1730232415
|switch|p1a: pls pls pls|Swampert, F|73/100
|
|-weather|Sandstorm|[upkeep]
|-damage|p2a: Snorlax|17/100 par|[from] Sandstorm
|-heal|p1a: pls pls pls|79/100|[from] item: Leftovers
|-heal|p2a: Snorlax|23/100 par|[from] item: Leftovers
|upkeep
|turn|28
|
|t:|1730232420
|move|p1a: pls pls pls|Earthquake|p2a: Snorlax
|-damage|p2a: Snorlax|0 fnt
|faint|p2a: Snorlax
|
|t:|1730232442
|switch|p2a: Heracross|Heracross, F|51/100
|-damage|p2a: Heracross|39/100|[from] Spikes
|
|-weather|Sandstorm|[upkeep]
|-damage|p2a: Heracross|33/100|[from] Sandstorm
|-heal|p1a: pls pls pls|86/100|[from] item: Leftovers
|upkeep
|turn|29
|
|t:|1730232453
|switch|p1a: hand in glove|Milotic, M|100/100
|move|p2a: Heracross|Megahorn|p1a: hand in glove
|-damage|p1a: hand in glove|24/100
|
|-weather|Sandstorm|[upkeep]
|-damage|p2a: Heracross|27/100|[from] Sandstorm
|-damage|p1a: hand in glove|18/100|[from] Sandstorm
|-heal|p1a: hand in glove|24/100|[from] item: Leftovers
|upkeep
|turn|30
|
|t:|1730232458
|move|p2a: Heracross|Megahorn|p1a: hand in glove
|-damage|p1a: hand in glove|0 fnt
|faint|p1a: hand in glove
|
|t:|1730232463
|switch|p1a: panic|Dusclops, F|100/100
|
|-weather|Sandstorm|[upkeep]
|-damage|p2a: Heracross|21/100|[from] Sandstorm
|-damage|p1a: panic|95/100|[from] Sandstorm
|-heal|p1a: panic|100/100|[from] item: Leftovers
|upkeep
|turn|31
|
|t:|1730232468
|switch|p2a: Registeel|Registeel|100/100
|-damage|p2a: Registeel|88/100|[from] Spikes
|move|p1a: panic|Shadow Ball|p2a: Registeel
|-resisted|p2a: Registeel
|-damage|p2a: Registeel|82/100
|
|-weather|Sandstorm|[upkeep]
|-damage|p1a: panic|95/100|[from] Sandstorm
|-heal|p2a: Registeel|88/100|[from] item: Leftovers
|-heal|p1a: panic|100/100|[from] item: Leftovers
|upkeep
|turn|32
|
|t:|1730232474
|move|p2a: Registeel|Thunder Wave|p1a: panic
|-status|p1a: panic|par
|move|p1a: panic|Will-O-Wisp|p2a: Registeel
|-status|p2a: Registeel|brn
|
|-weather|Sandstorm|[upkeep]
|-damage|p1a: panic|95/100 par|[from] Sandstorm
|-heal|p2a: Registeel|94/100 brn|[from] item: Leftovers
|-damage|p2a: Registeel|82/100 brn|[from] brn
|-heal|p1a: panic|100/100 par|[from] item: Leftovers
|upkeep
|turn|33
|
|t:|1730232483
|-singleturn|p1a: panic|move: Focus Punch
|switch|p2a: Zapdos|Zapdos|51/100
|cant|p1a: panic|par
|
|-weather|Sandstorm|[upkeep]
|-damage|p2a: Zapdos|44/100|[from] Sandstorm
|-damage|p1a: panic|95/100 par|[from] Sandstorm
|-heal|p2a: Zapdos|51/100|[from] item: Leftovers
|-heal|p1a: panic|100/100 par|[from] item: Leftovers
|upkeep
|turn|34
|
|t:|1730232490
|move|p2a: Zapdos|Substitute|p2a: Zapdos
|-start|p2a: Zapdos|Substitute
|-damage|p2a: Zapdos|26/100
|move|p1a: panic|Shadow Ball|p2a: Zapdos
|-end|p2a: Zapdos|Substitute
|
|-weather|Sandstorm|[upkeep]
|-damage|p2a: Zapdos|20/100|[from] Sandstorm
|-damage|p1a: panic|95/100 par|[from] Sandstorm
|-heal|p2a: Zapdos|26/100|[from] item: Leftovers
|-heal|p1a: panic|100/100 par|[from] item: Leftovers
|upkeep
|turn|35
|
|t:|1730232501
|move|p2a: Zapdos|Thunderbolt|p1a: panic
|-damage|p1a: panic|59/100 par
|move|p1a: panic|Shadow Ball|p2a: Zapdos
|-damage|p2a: Zapdos|0 fnt
|faint|p2a: Zapdos
|
|t:|1730232512
|switch|p2a: Metagross|Metagross|62/100
|-damage|p2a: Metagross|49/100|[from] Spikes
|
|-weather|Sandstorm|[upkeep]
|-damage|p1a: panic|53/100 par|[from] Sandstorm
|-heal|p1a: panic|59/100 par|[from] item: Leftovers
|upkeep
|turn|36
|
|t:|1730232515
|move|p2a: Metagross|Meteor Mash|p1a: panic
|-damage|p1a: panic|0 fnt
|faint|p1a: panic
|
|t:|1730232518
|switch|p1a: pls pls pls|Swampert, F|86/100
|
|-weather|Sandstorm|[upkeep]
|-heal|p1a: pls pls pls|92/100|[from] item: Leftovers
|upkeep
|turn|37
|
|t:|1730232527
|switch|p2a: Registeel|Registeel|82/100 brn
|-damage|p2a: Registeel|69/100 brn|[from] Spikes
|move|p1a: pls pls pls|Earthquake|p2a: Registeel
|-supereffective|p2a: Registeel
|-damage|p2a: Registeel|20/100 brn
|
|-weather|Sandstorm|[upkeep]
|-heal|p2a: Registeel|26/100 brn|[from] item: Leftovers
|-damage|p2a: Registeel|14/100 brn|[from] brn
|-heal|p1a: pls pls pls|98/100|[from] item: Leftovers
|upkeep
|turn|38
|
|t:|1730232533
|move|p2a: Registeel|Explosion|p1a: pls pls pls
|-damage|p1a: pls pls pls|58/100
|faint|p2a: Registeel
|
|t:|1730232542
|switch|p2a: Heracross|Heracross, F|21/100
|-damage|p2a: Heracross|9/100|[from] Spikes
|
|-weather|Sandstorm|[upkeep]
|-damage|p2a: Heracross|3/100|[from] Sandstorm
|-heal|p1a: pls pls pls|65/100|[from] item: Leftovers
|upkeep
|turn|39
|
|t:|1730232548
|move|p2a: Heracross|Megahorn|p1a: pls pls pls
|-damage|p1a: pls pls pls|0 fnt
|faint|p1a: pls pls pls
|
|t:|1730232551
|switch|p1a: ask|Tyranitar, M|100/100
|
|-weather|Sandstorm|[upkeep]
|-damage|p2a: Heracross|0 fnt|[from] Sandstorm
|faint|p2a: Heracross
|upkeep
|
|t:|1730232553
|switch|p2a: Metagross|Metagross|49/100
|-damage|p2a: Metagross|37/100|[from] Spikes
|turn|40
|
|t:|1730232555
|move|p2a: Metagross|Meteor Mash|p1a: ask|[miss]
|-miss|p2a: Metagross|p1a: ask
|move|p1a: ask|Fire Blast|p2a: Metagross|[miss]
|-miss|p1a: ask|p2a: Metagross
|
|-weather|Sandstorm|[upkeep]
|upkeep
|turn|41
|
|t:|1730232558
|move|p2a: Metagross|Meteor Mash|p1a: ask
|-supereffective|p1a: ask
|-damage|p1a: ask|0 fnt
|faint|p1a: ask
|
|win|CharBoy3000
|c|☆CharBoy3000|Gg
|c|☆AirPan|gg

</script>
<script type="application/json" class="data" id="replaydata-smogtours-gen3ou-803284">
{"id":"smogtours-gen3ou-803284","format":"[Gen 3] OU","players":["AirPan","CharBoy3000"],"uploadtime":1730232558,"views":53,"formatid":"gen3ou","rating":null,"private":0,"password":null}
</script>

<script defer src="js/replays.js?9d40a366"></script>
