<!DOCTYPE html>
<meta charset="utf-8" />
<meta name="viewport" content="width=device-width" />

<title>[Gen 3] OU: BongMoodeus vs. PuruglyIsUgly - Replays - Pok&eacute;mon Showdown!</title>

<meta name="description" content="Watch a replay of a Pok&eacute;mon battle between BongMoodeus and PuruglyIsUgly! Format: [Gen 3] OU; Date: Oct 14, 2024" />
<!--

Hey, you! Looking in the source for the replay log?

You can find them in JSON format, just add `.json` at the end of a replay URL.

https://replay.pokemonshowdown.com/gen7randomdoublesbattle-865046831.json

Or, if you only need the log itself, add `.log` instead:

https://replay.pokemonshowdown.com/gen7randomdoublesbattle-865046831.log

-->

<link rel="stylesheet" href="//pokemonshowdown.com/style/global.css?0.767286132409787" />
<link rel="stylesheet" href="//play.pokemonshowdown.com/style/font-awesome.css?0.9266228007934947" />
<link rel="stylesheet" href="//play.pokemonshowdown.com/style/battle.css?0.7924700842790926" />
<link rel="stylesheet" href="//play.pokemonshowdown.com/style/utilichart.css?0.8777417872839479" />

<!-- Global site tag (gtag.js) - Google Analytics -->
<script async src="https://www.googletagmanager.com/gtag/js?id=UA-26211653-1"></script>
<script>
  window.dataLayer = window.dataLayer || [];
  function gtag(){dataLayer.push(arguments);}
  gtag('js', new Date());

  gtag('config', 'UA-26211653-1');
</script>
<!-- End Google Analytics -->
<!-- Venatus Ad Manager - Install in <HEAD> of page -->
	<script src="https://hb.vntsm.com/v3/live/ad-manager.min.js" type="text/javascript" data-site-id="642aba63ec9a7b11c3c9c1be" data-mode="scan" async></script>
<!-- / Venatus Ad Manager -->

<style>
	@media (max-width:820px) {
		.battle {
			margin: 0 auto;
		}
		.battle-log {
			margin: 7px auto 0;
			max-width: 640px;
			height: 300px;
			position: static;
		}
	}
	.optgroup {
		display: inline-block;
		line-height: 22px;
		font-size: 10pt;
	}
	.optgroup .button {
		height: 25px;
		padding-top: 0;
		padding-bottom: 0;
	}
	.optgroup button.button {
		padding-left: 12px;
		padding-right: 12px;
	}
	.linklist {
		list-style: none;
		margin: 0.5em 0;
		padding: 0;
	}
	.linklist li {
		padding: 2px 0;
	}
	.sidebar {
		float: left;
		width: 320px;
	}
	.bar-wrapper {
		max-width: 1100px;
		margin: 0 auto;
	}
	.bar-wrapper.has-sidebar {
		max-width: 1430px;
	}
	.mainbar {
		margin: 0;
		padding-right: 1px;
	}
	.mainbar.has-sidebar {
		margin-left: 330px;
	}
	@media (min-width: 1511px) {
		.sidebar {
			width: 400px;
		}
		.bar-wrapper.has-sidebar {
			max-width: 1510px;
		}
		.mainbar.has-sidebar {
			margin-left: 410px;
		}
	}
	.section.first-section {
		margin-top: 9px;
	}
	.blocklink small {
		white-space: normal;
	}
	.button {
		vertical-align: middle;
	}
	.replay-controls {
		padding-top: 10px;
	}
	.replay-controls h1 {
		font-size: 16pt;
		font-weight: normal;
		color: #CCC;
	}
	.pagelink {
		text-align: center;
	}
	.pagelink a {
		width: 150px;
	}
	.textbox, .button {
		font-size: 11pt;
		vertical-align: middle;
	}
	@media (max-width: 450px) {
		.button {
			font-size: 9pt;
		}
	}
</style>

<div>

	<header>
		<div class="nav-wrapper"><ul class="nav">
			<li><a class="button nav-first" href="//pokemonshowdown.com/"><img src="//pokemonshowdown.com/images/pokemonshowdownbeta.png" srcset="//pokemonshowdown.com/images/pokemonshowdownbeta.png 1x, //pokemonshowdown.com/images/pokemonshowdownbeta@2x.png 2x" alt="Pok&eacute;mon Showdown" width="146" height="44" /> Home</a></li>
			<li><a class="button" href="//pokemonshowdown.com/dex/">Pok&eacute;dex</a></li>
			<li><a class="button cur" href="/">Replays</a></li>
			<li><a class="button" href="//pokemonshowdown.com/ladder/">Ladder</a></li>
			<li><a class="button nav-last" href="//pokemonshowdown.com/forums/">Forum</a></li>
			<li><a class="button greenbutton nav-first nav-last" href="//play.pokemonshowdown.com/">Play</a></li>
		</ul></div>
	</header>

	<div class="main" id="main">

		<noscript><section class="section">You need to enable JavaScript to use this page; sorry!</section></noscript>

	</div>

</div>

<script defer nomodule src="//play.pokemonshowdown.com/js/lib/ps-polyfill.js"></script>
<script defer src="//play.pokemonshowdown.com/js/lib/preact.min.js"></script>

<script defer src="//play.pokemonshowdown.com/config/config.js?6dec07f6"></script>
<script defer src="//play.pokemonshowdown.com/js/lib/jquery-1.11.0.min.js"></script>
<script defer src="//play.pokemonshowdown.com/js/lib/html-sanitizer-minified.js"></script>
<script defer src="//play.pokemonshowdown.com/js/battle-sound.js"></script>
<script defer src="//play.pokemonshowdown.com/js/battledata.js?0.6315294753075389"></script>
<script defer src="//play.pokemonshowdown.com/data/pokedex-mini.js?0.7603743185311358"></script>
<script defer src="//play.pokemonshowdown.com/data/pokedex-mini-bw.js?0.030888842834281283"></script>
<script defer src="//play.pokemonshowdown.com/data/graphics.js?0.05593094747507488"></script>
<script defer src="//play.pokemonshowdown.com/data/pokedex.js?0.47064822249611904"></script>
<script defer src="//play.pokemonshowdown.com/data/moves.js?0.8583693120512459"></script>
<script defer src="//play.pokemonshowdown.com/data/abilities.js?0.16017181182386842"></script>
<script defer src="//play.pokemonshowdown.com/data/items.js?0.4163379185673943"></script>
<script defer src="//play.pokemonshowdown.com/data/teambuilder-tables.js?0.31075597372830477"></script>
<script defer src="//play.pokemonshowdown.com/js/battle-tooltips.js?0.6536193500708172"></script>
<script defer src="//play.pokemonshowdown.com/js/battle.js?0.1916591943277901"></script>

<script defer src="js/utils.js?e31f9a17"></script>
<script defer src="js/replays-battle.js?7008c182"></script>

<!-- don't scrape this data! just add .json or .log after the URL!
Full API docs: https://github.com/smogon/pokemon-showdown-client/blob/master/WEB-API.md -->
<script type="text/plain" class="log" id="replaylog-smogtours-gen3ou-798799">
|inactive|Battle timer is ON: inactive players will automatically lose when time's up.
|t:|1728943599
|gametype|singles
|player|p1|BongMoodeus|102|
|player|p2|PuruglyIsUgly|169|
|teamsize|p1|6
|teamsize|p2|6
|gen|3
|tier|[Gen 3] OU
|rule|Sleep Clause Mod: Limit one foe put to sleep
|rule|Switch Priority Clause Mod: Faster Pokémon switch first
|rule|Species Clause: Limit one of each Pokémon
|rule|OHKO Clause: OHKO moves are banned
|rule|Evasion Items Clause: Evasion items are banned
|rule|Evasion Moves Clause: Evasion moves are banned
|rule|Endless Battle Clause: Forcing endless battles is banned
|rule|HP Percentage Mod: HP is shown in percentages
|rule|One Boost Passer Clause: Limit one Baton Passer that has a way to boost its stats
|rule|Freeze Clause Mod: Limit one foe frozen
|
|t:|1728943599
|start
|switch|p1a: Dotcom|Skarmory, M, shiny|100/100
|switch|p2a: Metagross|Metagross|100/100
|turn|1
|
|t:|1728943611
|switch|p2a: Gengar|Gengar, F|100/100
|move|p1a: Dotcom|Spikes|p2a: Gengar
|-sidestart|p2: PuruglyIsUgly|Spikes
|
|upkeep
|turn|2
|
|t:|1728943616
|switch|p1a: Sell Your Body|Zapdos|100/100
|move|p2a: Gengar|Will-O-Wisp|p1a: Sell Your Body|[miss]
|-miss|p2a: Gengar|p1a: Sell Your Body
|
|upkeep
|turn|3
|
|t:|1728943621
|switch|p2a: Blissey|Blissey, F|100/100
|-damage|p2a: Blissey|88/100|[from] Spikes
|move|p1a: Sell Your Body|Roar|p2a: Blissey
|drag|p2a: Breloom|Breloom, F|100/100
|-damage|p2a: Breloom|88/100|[from] Spikes
|
|-heal|p2a: Breloom|94/100|[from] item: Leftovers
|upkeep
|turn|4
|
|t:|1728943626
|switch|p2a: Blissey|Blissey, F|88/100
|-damage|p2a: Blissey|76/100|[from] Spikes
|move|p1a: Sell Your Body|Sleep Talk|p1a: Sell Your Body
|
|-heal|p2a: Blissey|82/100|[from] item: Leftovers
|upkeep
|turn|5
|
|t:|1728943635
|move|p2a: Blissey|Wish|p2a: Blissey
|move|p1a: Sell Your Body|Roar|p2a: Blissey
|drag|p2a: Claydol|Claydol|100/100
|
|upkeep
|turn|6
|
|t:|1728943642
|switch|p1a: Mophead|Misdreavus, F|100/100
|move|p2a: Claydol|Rapid Spin|p1a: Mophead
|-immune|p1a: Mophead
|
|upkeep
|turn|7
|
|t:|1728943649
|move|p1a: Mophead|Toxic|p2a: Claydol
|-status|p2a: Claydol|tox
|move|p2a: Claydol|Toxic|p1a: Mophead
|-status|p1a: Mophead|tox
|
|-damage|p1a: Mophead|94/100 tox|[from] psn
|-damage|p2a: Claydol|94/100 tox|[from] psn
|upkeep
|turn|8
|
|t:|1728943655
|move|p1a: Mophead|Perish Song|p1a: Mophead
|-start|p1a: Mophead|perish3|[silent]
|-start|p2a: Claydol|perish3|[silent]
|-fieldactivate|move: Perish Song
|move|p2a: Claydol|Refresh|p2a: Claydol
|-curestatus|p2a: Claydol|tox|[msg]
|
|-heal|p1a: Mophead|100/100 tox|[from] item: Leftovers
|-damage|p1a: Mophead|88/100 tox|[from] psn
|-heal|p2a: Claydol|100/100|[from] item: Leftovers
|-start|p1a: Mophead|perish3
|-start|p2a: Claydol|perish3
|upkeep
|turn|9
|
|t:|1728943661
|switch|p2a: Blissey|Blissey, F|82/100
|-damage|p2a: Blissey|69/100|[from] Spikes
|move|p1a: Mophead|Toxic|p2a: Blissey|[miss]
|-miss|p1a: Mophead|p2a: Blissey
|
|-heal|p1a: Mophead|94/100 tox|[from] item: Leftovers
|-damage|p1a: Mophead|76/100 tox|[from] psn
|-heal|p2a: Blissey|75/100|[from] item: Leftovers
|-start|p1a: Mophead|perish2
|upkeep
|turn|10
|
|t:|1728943667
|switch|p1a: Dotcom|Skarmory, M, shiny|100/100
|move|p2a: Blissey|Wish|p2a: Blissey
|
|-heal|p2a: Blissey|82/100|[from] item: Leftovers
|upkeep
|turn|11
|
|t:|1728943674
|switch|p2a: Breloom|Breloom, F|94/100
|-damage|p2a: Breloom|82/100|[from] Spikes
|move|p1a: Dotcom|Spikes|p2a: Breloom
|-sidestart|p2: PuruglyIsUgly|Spikes
|
|-heal|p2a: Breloom|100/100|[from] move: Wish|[wisher] Blissey
|upkeep
|turn|12
|
|t:|1728943680
|switch|p1a: Mophead|Misdreavus, F|76/100 tox
|move|p2a: Breloom|Spore||[still]
|-fail|p2a: Breloom
|
|-heal|p1a: Mophead|82/100 tox|[from] item: Leftovers
|-damage|p1a: Mophead|76/100 tox|[from] psn
|upkeep
|turn|13
|
|t:|1728943687
|move|p2a: Breloom|Leech Seed|p1a: Mophead
|-start|p1a: Mophead|move: Leech Seed
|move|p1a: Mophead|Thunderbolt|p2a: Breloom
|-resisted|p2a: Breloom
|-damage|p2a: Breloom|81/100
|
|-heal|p2a: Breloom|87/100|[from] item: Leftovers
|-heal|p1a: Mophead|82/100 tox|[from] item: Leftovers
|-damage|p1a: Mophead|70/100 tox|[from] Leech Seed|[of] p2a: Breloom
|-heal|p2a: Breloom|100/100|[silent]
|-damage|p1a: Mophead|57/100 tox|[from] psn
|upkeep
|turn|14
|
|t:|1728943692
|move|p2a: Breloom|Substitute|p2a: Breloom
|-start|p2a: Breloom|Substitute
|-damage|p2a: Breloom|76/100
|move|p1a: Mophead|Perish Song|p1a: Mophead
|-start|p1a: Mophead|perish3|[silent]
|-start|p2a: Breloom|perish3|[silent]
|-fieldactivate|move: Perish Song
|
|-heal|p2a: Breloom|82/100|[from] item: Leftovers
|-heal|p1a: Mophead|63/100 tox|[from] item: Leftovers
|-damage|p1a: Mophead|51/100 tox|[from] Leech Seed|[of] p2a: Breloom
|-heal|p2a: Breloom|97/100|[silent]
|-damage|p1a: Mophead|33/100 tox|[from] psn
|-start|p2a: Breloom|perish3
|-start|p1a: Mophead|perish3
|upkeep
|turn|15
|
|t:|1728943702
|move|p2a: Breloom|Leech Seed||[still]
|-fail|p2a: Breloom
|move|p1a: Mophead|Rest|p1a: Mophead
|-status|p1a: Mophead|slp|[from] move: Rest
|-heal|p1a: Mophead|100/100 slp|[silent]
|
|-heal|p2a: Breloom|100/100|[from] item: Leftovers
|-damage|p1a: Mophead|88/100 slp|[from] Leech Seed|[of] p2a: Breloom
|-start|p2a: Breloom|perish2
|-start|p1a: Mophead|perish2
|upkeep
|turn|16
|
|t:|1728943714
|switch|p2a: Metagross|Metagross|100/100
|-damage|p2a: Metagross|84/100|[from] Spikes
|cant|p1a: Mophead|slp
|
|-heal|p1a: Mophead|94/100 slp|[from] item: Leftovers
|-damage|p1a: Mophead|82/100 slp|[from] Leech Seed|[of] p2a: Metagross
|-heal|p2a: Metagross|95/100|[silent]
|-start|p1a: Mophead|perish1
|upkeep
|turn|17
|
|t:|1728943725
|switch|p1a: Hippies Vs.|Moltres|100/100
|switch|p2a: Gengar|Gengar, F|100/100
|
|upkeep
|turn|18
|
|t:|1728943731
|switch|p2a: Blissey|Blissey, F|82/100
|-damage|p2a: Blissey|65/100|[from] Spikes
|move|p1a: Hippies Vs.|Flamethrower|p2a: Blissey
|-damage|p2a: Blissey|48/100
|
|-heal|p2a: Blissey|54/100|[from] item: Leftovers
|upkeep
|turn|19
|
|t:|1728943734
|move|p1a: Hippies Vs.|Toxic|p2a: Blissey
|-status|p2a: Blissey|tox
|move|p2a: Blissey|Soft-Boiled|p2a: Blissey
|-heal|p2a: Blissey|100/100 tox
|
|-damage|p2a: Blissey|94/100 tox|[from] psn
|upkeep
|turn|20
|
|t:|1728943738
|move|p1a: Hippies Vs.|Flamethrower|p2a: Blissey
|-damage|p2a: Blissey|79/100 tox
|move|p2a: Blissey|Toxic|p1a: Hippies Vs.
|-status|p1a: Hippies Vs.|tox
|
|-damage|p1a: Hippies Vs.|94/100 tox|[from] psn
|-heal|p2a: Blissey|85/100 tox|[from] item: Leftovers
|-damage|p2a: Blissey|73/100 tox|[from] psn
|upkeep
|turn|21
|
|t:|1728943742
|move|p1a: Hippies Vs.|Flamethrower|p2a: Blissey
|-damage|p2a: Blissey|57/100 tox
|move|p2a: Blissey|Wish|p2a: Blissey
|
|-heal|p1a: Hippies Vs.|100/100 tox|[from] item: Leftovers
|-damage|p1a: Hippies Vs.|88/100 tox|[from] psn
|-heal|p2a: Blissey|63/100 tox|[from] item: Leftovers
|-damage|p2a: Blissey|44/100 tox|[from] psn
|upkeep
|turn|22
|
|t:|1728943746
|move|p1a: Hippies Vs.|Flamethrower|p2a: Blissey
|-damage|p2a: Blissey|29/100 tox
|move|p2a: Blissey|Soft-Boiled|p2a: Blissey
|-heal|p2a: Blissey|79/100 tox
|
|-heal|p2a: Blissey|100/100 tox|[from] move: Wish|[wisher] Blissey
|-heal|p1a: Hippies Vs.|94/100 tox|[from] item: Leftovers
|-damage|p1a: Hippies Vs.|76/100 tox|[from] psn
|-damage|p2a: Blissey|76/100 tox|[from] psn
|upkeep
|turn|23
|
|t:|1728943755
|-curestatus|p2a: Blissey|tox|[from] ability: Natural Cure
|switch|p2a: Claydol|Claydol|100/100
|move|p1a: Hippies Vs.|Flamethrower|p2a: Claydol
|-damage|p2a: Claydol|67/100
|
|-heal|p1a: Hippies Vs.|82/100 tox|[from] item: Leftovers
|-damage|p1a: Hippies Vs.|58/100 tox|[from] psn
|-heal|p2a: Claydol|73/100|[from] item: Leftovers
|upkeep
|turn|24
|
|t:|1728943762
|switch|p1a: Mophead|Misdreavus, F|82/100 slp
|move|p2a: Claydol|Psychic|p1a: Mophead
|-damage|p1a: Mophead|61/100 slp
|
|-heal|p1a: Mophead|67/100 slp|[from] item: Leftovers
|-heal|p2a: Claydol|79/100|[from] item: Leftovers
|upkeep
|turn|25
|
|t:|1728943766
|cant|p1a: Mophead|slp
|move|p2a: Claydol|Psychic|p1a: Mophead
|-damage|p1a: Mophead|46/100 slp
|
|-heal|p1a: Mophead|52/100 slp|[from] item: Leftovers
|-heal|p2a: Claydol|85/100|[from] item: Leftovers
|upkeep
|turn|26
|
|t:|1728943769
|-curestatus|p1a: Mophead|slp|[msg]
|move|p1a: Mophead|Perish Song|p1a: Mophead
|-start|p1a: Mophead|perish3|[silent]
|-start|p2a: Claydol|perish3|[silent]
|-fieldactivate|move: Perish Song
|move|p2a: Claydol|Psychic|p1a: Mophead
|-crit|p1a: Mophead
|-damage|p1a: Mophead|11/100
|
|-heal|p1a: Mophead|17/100|[from] item: Leftovers
|-heal|p2a: Claydol|92/100|[from] item: Leftovers
|-start|p1a: Mophead|perish3
|-start|p2a: Claydol|perish3
|upkeep
|turn|27
|
|t:|1728943778
|move|p1a: Mophead|Rest|p1a: Mophead
|-status|p1a: Mophead|slp|[from] move: Rest
|-heal|p1a: Mophead|100/100 slp|[silent]
|move|p2a: Claydol|Psychic|p1a: Mophead
|-damage|p1a: Mophead|81/100 slp
|
|-heal|p1a: Mophead|88/100 slp|[from] item: Leftovers
|-heal|p2a: Claydol|98/100|[from] item: Leftovers
|-start|p1a: Mophead|perish2
|-start|p2a: Claydol|perish2
|upkeep
|turn|28
|
|t:|1728943784
|switch|p2a: Blissey|Blissey, F|76/100
|-damage|p2a: Blissey|59/100|[from] Spikes
|cant|p1a: Mophead|slp
|
|-heal|p1a: Mophead|94/100 slp|[from] item: Leftovers
|-heal|p2a: Blissey|65/100|[from] item: Leftovers
|-start|p1a: Mophead|perish1
|upkeep
|turn|29
|
|t:|1728943789
|switch|p1a: Town Song|Blissey, F, shiny|100/100
|move|p2a: Blissey|Wish|p2a: Blissey
|
|-heal|p2a: Blissey|72/100|[from] item: Leftovers
|upkeep
|turn|30
|
|t:|1728943795
|move|p2a: Blissey|Toxic|p1a: Town Song|[miss]
|-miss|p2a: Blissey|p1a: Town Song
|move|p1a: Town Song|Aromatherapy|p1a: Town Song
|-cureteam|p1a: Town Song|[from] move: Aromatherapy
|
|-heal|p2a: Blissey|100/100|[from] move: Wish|[wisher] Blissey
|upkeep
|turn|31
|
|t:|1728943803
|switch|p2a: Breloom|Breloom, F|100/100
|-damage|p2a: Breloom|84/100|[from] Spikes
|switch|p1a: Dotcom|Skarmory, M, shiny|100/100
|
|-heal|p2a: Breloom|90/100|[from] item: Leftovers
|upkeep
|turn|32
|
|t:|1728943809
|switch|p1a: Sell Your Body|Zapdos|100/100
|move|p2a: Breloom|Spore|p1a: Sell Your Body
|-status|p1a: Sell Your Body|slp|[from] move: Spore
|
|-heal|p2a: Breloom|96/100|[from] item: Leftovers
|upkeep
|turn|33
|
|t:|1728943814
|switch|p1a: Mophead|Misdreavus, F|94/100
|move|p2a: Breloom|Leech Seed|p1a: Mophead
|-start|p1a: Mophead|move: Leech Seed
|
|-heal|p2a: Breloom|100/100|[from] item: Leftovers
|-heal|p1a: Mophead|99/100|[from] item: Leftovers
|-damage|p1a: Mophead|88/100|[from] Leech Seed|[of] p2a: Breloom
|upkeep
|turn|34
|
|t:|1728943823
|switch|p2a: Metagross|Metagross|95/100
|-damage|p2a: Metagross|79/100|[from] Spikes
|switch|p1a: Dotcom|Skarmory, M, shiny|100/100
|
|upkeep
|turn|35
|inactive|PuruglyIsUgly has 270 seconds left.
|
|t:|1728943855
|switch|p2a: Gengar|Gengar, F|100/100
|move|p1a: Dotcom|Protect||[still]
|-fail|p1a: Dotcom
|
|upkeep
|turn|36
|
|t:|1728943862
|move|p2a: Gengar|Will-O-Wisp|p1a: Dotcom
|-status|p1a: Dotcom|brn
|move|p1a: Dotcom|Spikes|p2a: Gengar
|-sidestart|p2: PuruglyIsUgly|Spikes
|
|-damage|p1a: Dotcom|88/100 brn|[from] brn
|upkeep
|turn|37
|
|t:|1728943870
|switch|p2a: Claydol|Claydol|98/100
|switch|p1a: Sell Your Body|Zapdos|100/100 slp
|
|-heal|p2a: Claydol|100/100|[from] item: Leftovers
|upkeep
|turn|38
|
|t:|1728943878
|switch|p1a: Mophead|Misdreavus, F|88/100
|move|p2a: Claydol|Psychic|p1a: Mophead
|-damage|p1a: Mophead|69/100
|
|-heal|p1a: Mophead|75/100|[from] item: Leftovers
|upkeep
|turn|39
|
|t:|1728943881
|move|p1a: Mophead|Toxic|p2a: Claydol
|-status|p2a: Claydol|tox
|move|p2a: Claydol|Toxic|p1a: Mophead
|-status|p1a: Mophead|tox
|
|-heal|p1a: Mophead|81/100 tox|[from] item: Leftovers
|-damage|p1a: Mophead|75/100 tox|[from] psn
|-damage|p2a: Claydol|94/100 tox|[from] psn
|upkeep
|turn|40
|
|t:|1728943888
|move|p1a: Mophead|Thunderbolt|p2a: Claydol
|-immune|p2a: Claydol
|move|p2a: Claydol|Refresh|p2a: Claydol
|-curestatus|p2a: Claydol|tox|[msg]
|
|-heal|p1a: Mophead|81/100 tox|[from] item: Leftovers
|-damage|p1a: Mophead|69/100 tox|[from] psn
|-heal|p2a: Claydol|100/100|[from] item: Leftovers
|upkeep
|turn|41
|
|t:|1728943893
|move|p1a: Mophead|Thunderbolt|p2a: Claydol
|-immune|p2a: Claydol
|move|p2a: Claydol|Psychic|p1a: Mophead
|-damage|p1a: Mophead|48/100 tox
|
|-heal|p1a: Mophead|54/100 tox|[from] item: Leftovers
|-damage|p1a: Mophead|36/100 tox|[from] psn
|upkeep
|turn|42
|
|t:|1728943907
|switch|p2a: Gengar|Gengar, F|100/100
|move|p1a: Mophead|Rest|p1a: Mophead
|-status|p1a: Mophead|slp|[from] move: Rest
|-heal|p1a: Mophead|100/100 slp|[silent]
|
|upkeep
|turn|43
|
|t:|1728943918
|switch|p1a: Town Song|Blissey, F, shiny|100/100
|move|p2a: Gengar|Thunderbolt|p1a: Town Song
|-damage|p1a: Town Song|90/100
|-status|p1a: Town Song|par
|
|-heal|p1a: Town Song|97/100 par|[from] item: Leftovers
|upkeep
|turn|44
|
|t:|1728943923
|switch|p2a: Blissey|Blissey, F|100/100
|-damage|p2a: Blissey|76/100|[from] Spikes
|move|p1a: Town Song|Aromatherapy|p1a: Town Song
|-cureteam|p1a: Town Song|[from] move: Aromatherapy
|
|-heal|p2a: Blissey|82/100|[from] item: Leftovers
|-heal|p1a: Town Song|100/100|[from] item: Leftovers
|upkeep
|turn|45
|
|t:|1728943928
|switch|p1a: Sell Your Body|Zapdos|100/100
|move|p2a: Blissey|Wish|p2a: Blissey
|
|-heal|p2a: Blissey|88/100|[from] item: Leftovers
|upkeep
|turn|46
|
|t:|1728943934
|move|p2a: Blissey|Toxic|p1a: Sell Your Body
|-status|p1a: Sell Your Body|tox
|move|p1a: Sell Your Body|Roar|p2a: Blissey
|drag|p2a: Skarmory|Skarmory, F|100/100
|
|-damage|p1a: Sell Your Body|94/100 tox|[from] psn
|upkeep
|turn|47
|
|t:|1728943945
|switch|p1a: Hippies Vs.|Moltres|58/100
|switch|p2a: Blissey|Blissey, F|88/100
|-damage|p2a: Blissey|63/100|[from] Spikes
|
|-heal|p1a: Hippies Vs.|64/100|[from] item: Leftovers
|-heal|p2a: Blissey|69/100|[from] item: Leftovers
|upkeep
|turn|48
|
|t:|1728943950
|move|p1a: Hippies Vs.|Toxic|p2a: Blissey
|-status|p2a: Blissey|tox
|move|p2a: Blissey|Wish|p2a: Blissey
|
|-heal|p1a: Hippies Vs.|70/100|[from] item: Leftovers
|-heal|p2a: Blissey|75/100 tox|[from] item: Leftovers
|-damage|p2a: Blissey|69/100 tox|[from] psn
|upkeep
|turn|49
|
|t:|1728943953
|move|p1a: Hippies Vs.|Protect|p1a: Hippies Vs.
|-singleturn|p1a: Hippies Vs.|Protect
|move|p2a: Blissey|Toxic|p1a: Hippies Vs.
|-activate|p1a: Hippies Vs.|Protect
|
|-heal|p2a: Blissey|100/100 tox|[from] move: Wish|[wisher] Blissey
|-heal|p1a: Hippies Vs.|76/100|[from] item: Leftovers
|-damage|p2a: Blissey|88/100 tox|[from] psn
|upkeep
|turn|50
|
|t:|1728943964
|move|p1a: Hippies Vs.|Flamethrower|p2a: Blissey
|-damage|p2a: Blissey|71/100 tox
|move|p2a: Blissey|Toxic|p1a: Hippies Vs.
|-status|p1a: Hippies Vs.|tox
|
|-heal|p1a: Hippies Vs.|82/100 tox|[from] item: Leftovers
|-damage|p1a: Hippies Vs.|76/100 tox|[from] psn
|-heal|p2a: Blissey|77/100 tox|[from] item: Leftovers
|-damage|p2a: Blissey|59/100 tox|[from] psn
|upkeep
|turn|51
|
|t:|1728943971
|move|p1a: Hippies Vs.|Flamethrower|p2a: Blissey
|-damage|p2a: Blissey|43/100 tox
|move|p2a: Blissey|Soft-Boiled|p2a: Blissey
|-heal|p2a: Blissey|93/100 tox
|
|-heal|p1a: Hippies Vs.|82/100 tox|[from] item: Leftovers
|-damage|p1a: Hippies Vs.|70/100 tox|[from] psn
|-heal|p2a: Blissey|99/100 tox|[from] item: Leftovers
|-damage|p2a: Blissey|74/100 tox|[from] psn
|upkeep
|turn|52
|
|t:|1728943975
|-curestatus|p2a: Blissey|tox|[from] ability: Natural Cure
|switch|p2a: Claydol|Claydol|100/100
|move|p1a: Hippies Vs.|Flamethrower|p2a: Claydol
|-damage|p2a: Claydol|68/100
|
|-heal|p1a: Hippies Vs.|76/100 tox|[from] item: Leftovers
|-damage|p1a: Hippies Vs.|58/100 tox|[from] psn
|-heal|p2a: Claydol|74/100|[from] item: Leftovers
|upkeep
|turn|53
|
|t:|1728943981
|switch|p1a: Mophead|Misdreavus, F|100/100
|move|p2a: Claydol|Toxic|p1a: Mophead
|-status|p1a: Mophead|tox
|
|-damage|p1a: Mophead|94/100 tox|[from] psn
|-heal|p2a: Claydol|80/100|[from] item: Leftovers
|upkeep
|turn|54
|
|t:|1728943985
|move|p1a: Mophead|Toxic|p2a: Claydol
|-status|p2a: Claydol|tox
|move|p2a: Claydol|Psychic|p1a: Mophead
|-crit|p1a: Mophead
|-damage|p1a: Mophead|58/100 tox
|
|-heal|p1a: Mophead|64/100 tox|[from] item: Leftovers
|-damage|p1a: Mophead|51/100 tox|[from] psn
|-heal|p2a: Claydol|86/100 tox|[from] item: Leftovers
|-damage|p2a: Claydol|80/100 tox|[from] psn
|upkeep
|turn|55
|
|t:|1728943992
|switch|p2a: Gengar|Gengar, F|100/100
|move|p1a: Mophead|Rest|p1a: Mophead
|-status|p1a: Mophead|slp|[from] move: Rest
|-heal|p1a: Mophead|100/100 slp|[silent]
|
|upkeep
|turn|56
|
|t:|1728943998
|switch|p2a: Claydol|Claydol|80/100 tox
|cant|p1a: Mophead|slp
|
|-heal|p2a: Claydol|86/100 tox|[from] item: Leftovers
|-damage|p2a: Claydol|80/100 tox|[from] psn
|upkeep
|turn|57
|
|t:|1728944003
|cant|p1a: Mophead|slp
|move|p2a: Claydol|Refresh|p2a: Claydol
|-curestatus|p2a: Claydol|tox|[msg]
|
|-heal|p2a: Claydol|86/100|[from] item: Leftovers
|upkeep
|turn|58
|
|t:|1728944012
|-curestatus|p1a: Mophead|slp|[msg]
|move|p1a: Mophead|Thunderbolt|p2a: Claydol
|-immune|p2a: Claydol
|move|p2a: Claydol|Psychic|p1a: Mophead
|-crit|p1a: Mophead
|-damage|p1a: Mophead|64/100
|
|-heal|p1a: Mophead|70/100|[from] item: Leftovers
|-heal|p2a: Claydol|92/100|[from] item: Leftovers
|upkeep
|turn|59
|
|t:|1728944016
|move|p1a: Mophead|Thunderbolt|p2a: Claydol
|-immune|p2a: Claydol
|move|p2a: Claydol|Toxic|p1a: Mophead|[miss]
|-miss|p2a: Claydol|p1a: Mophead
|
|-heal|p1a: Mophead|76/100|[from] item: Leftovers
|-heal|p2a: Claydol|99/100|[from] item: Leftovers
|upkeep
|turn|60
|
|t:|1728944019
|switch|p1a: Sell Your Body|Zapdos|94/100 tox
|move|p2a: Claydol|Toxic|p1a: Sell Your Body
|-fail|p1a: Sell Your Body|tox
|
|-heal|p1a: Sell Your Body|100/100 tox|[from] item: Leftovers
|-damage|p1a: Sell Your Body|94/100 tox|[from] psn
|-heal|p2a: Claydol|100/100|[from] item: Leftovers
|upkeep
|turn|61
|
|t:|1728944029
|switch|p1a: Mophead|Misdreavus, F|76/100
|switch|p2a: Blissey|Blissey, F|74/100
|-damage|p2a: Blissey|50/100|[from] Spikes
|
|-heal|p1a: Mophead|82/100|[from] item: Leftovers
|-heal|p2a: Blissey|56/100|[from] item: Leftovers
|upkeep
|turn|62
|
|t:|1728944036
|move|p1a: Mophead|Toxic|p2a: Blissey
|-status|p2a: Blissey|tox
|move|p2a: Blissey|Soft-Boiled|p2a: Blissey
|-heal|p2a: Blissey|100/100 tox
|
|-heal|p1a: Mophead|88/100|[from] item: Leftovers
|-damage|p2a: Blissey|94/100 tox|[from] psn
|upkeep
|turn|63
|
|t:|1728944040
|switch|p1a: Sell Your Body|Zapdos|94/100 tox
|move|p2a: Blissey|Toxic|p1a: Sell Your Body
|-fail|p1a: Sell Your Body|tox
|
|-heal|p1a: Sell Your Body|100/100 tox|[from] item: Leftovers
|-damage|p1a: Sell Your Body|94/100 tox|[from] psn
|-heal|p2a: Blissey|100/100 tox|[from] item: Leftovers
|-damage|p2a: Blissey|88/100 tox|[from] psn
|upkeep
|turn|64
|
|t:|1728944044
|switch|p1a: Town Song|Blissey, F, shiny|100/100
|move|p2a: Blissey|Wish|p2a: Blissey
|
|-heal|p2a: Blissey|94/100 tox|[from] item: Leftovers
|-damage|p2a: Blissey|76/100 tox|[from] psn
|upkeep
|turn|65
|
|t:|1728944048
|-curestatus|p2a: Blissey|tox|[from] ability: Natural Cure
|switch|p2a: Metagross|Metagross|79/100
|-damage|p2a: Metagross|54/100|[from] Spikes
|move|p1a: Town Song|Aromatherapy|p1a: Town Song
|-cureteam|p1a: Town Song|[from] move: Aromatherapy
|
|-heal|p2a: Metagross|100/100|[from] move: Wish|[wisher] Blissey
|upkeep
|turn|66
|
|t:|1728944057
|switch|p1a: Dotcom|Skarmory, M, shiny|88/100
|move|p2a: Metagross|Rock Slide|p1a: Dotcom
|-damage|p1a: Dotcom|55/100
|
|-heal|p1a: Dotcom|61/100|[from] item: Leftovers
|upkeep
|turn|67
|
|t:|1728944064
|switch|p2a: Gengar|Gengar, F|100/100
|move|p1a: Dotcom|Roar|p2a: Gengar
|drag|p2a: Breloom|Breloom, F|100/100
|-damage|p2a: Breloom|76/100|[from] Spikes
|
|-heal|p2a: Breloom|82/100|[from] item: Leftovers
|-heal|p1a: Dotcom|67/100|[from] item: Leftovers
|upkeep
|turn|68
|
|t:|1728944071
|switch|p1a: Repurposed Goods|Flygon, M, shiny|100/100
|move|p2a: Breloom|Spore|p1a: Repurposed Goods
|-status|p1a: Repurposed Goods|slp|[from] move: Spore
|
|-heal|p2a: Breloom|88/100|[from] item: Leftovers
|upkeep
|turn|69
|
|t:|1728944075
|switch|p1a: Mophead|Misdreavus, F|88/100
|move|p2a: Breloom|Leech Seed|p1a: Mophead
|-start|p1a: Mophead|move: Leech Seed
|
|-heal|p2a: Breloom|94/100|[from] item: Leftovers
|-heal|p1a: Mophead|95/100|[from] item: Leftovers
|-damage|p1a: Mophead|82/100|[from] Leech Seed|[of] p2a: Breloom
|-heal|p2a: Breloom|100/100|[silent]
|upkeep
|turn|70
|
|t:|1728944087
|switch|p2a: Claydol|Claydol|100/100
|switch|p1a: Sell Your Body|Zapdos|94/100
|
|-heal|p1a: Sell Your Body|100/100|[from] item: Leftovers
|upkeep
|turn|71
|
|t:|1728944098
|switch|p1a: Mophead|Misdreavus, F|82/100
|move|p2a: Claydol|Rapid Spin|p1a: Mophead
|-immune|p1a: Mophead
|
|-heal|p1a: Mophead|88/100|[from] item: Leftovers
|upkeep
|turn|72
|
|t:|1728944110
|move|p1a: Mophead|Toxic|p2a: Claydol
|-status|p2a: Claydol|tox
|move|p2a: Claydol|Toxic|p1a: Mophead|[miss]
|-miss|p2a: Claydol|p1a: Mophead
|
|-heal|p1a: Mophead|95/100|[from] item: Leftovers
|-damage|p2a: Claydol|94/100 tox|[from] psn
|upkeep
|turn|73
|
|t:|1728944115
|move|p1a: Mophead|Thunderbolt|p2a: Claydol
|-immune|p2a: Claydol
|move|p2a: Claydol|Refresh|p2a: Claydol
|-curestatus|p2a: Claydol|tox|[msg]
|
|-heal|p1a: Mophead|100/100|[from] item: Leftovers
|-heal|p2a: Claydol|100/100|[from] item: Leftovers
|upkeep
|turn|74
|inactive|BongMoodeus has 270 seconds left.
|
|t:|1728944155
|move|p1a: Mophead|Toxic|p2a: Claydol
|-status|p2a: Claydol|tox
|move|p2a: Claydol|Rapid Spin|p1a: Mophead
|-immune|p1a: Mophead
|
|-damage|p2a: Claydol|94/100 tox|[from] psn
|upkeep
|turn|75
|
|t:|1728944159
|switch|p1a: Sell Your Body|Zapdos|100/100
|move|p2a: Claydol|Refresh|p2a: Claydol
|-curestatus|p2a: Claydol|tox|[msg]
|
|-heal|p2a: Claydol|100/100|[from] item: Leftovers
|upkeep
|turn|76
|
|t:|1728944169
|switch|p1a: Mophead|Misdreavus, F|100/100
|move|p2a: Claydol|Rapid Spin|p1a: Mophead
|-immune|p1a: Mophead
|
|upkeep
|turn|77
|
|t:|1728944177
|move|p1a: Mophead|Thunderbolt|p2a: Claydol
|-immune|p2a: Claydol
|move|p2a: Claydol|Toxic|p1a: Mophead
|-status|p1a: Mophead|tox
|
|-damage|p1a: Mophead|94/100 tox|[from] psn
|upkeep
|turn|78
|
|t:|1728944186
|move|p1a: Mophead|Toxic|p2a: Claydol|[miss]
|-miss|p1a: Mophead|p2a: Claydol
|move|p2a: Claydol|Rapid Spin|p1a: Mophead
|-immune|p1a: Mophead
|
|-heal|p1a: Mophead|100/100 tox|[from] item: Leftovers
|-damage|p1a: Mophead|88/100 tox|[from] psn
|upkeep
|turn|79
|
|t:|1728944190
|move|p1a: Mophead|Toxic|p2a: Claydol
|-status|p2a: Claydol|tox
|move|p2a: Claydol|Refresh|p2a: Claydol
|-curestatus|p2a: Claydol|tox|[msg]
|
|-heal|p1a: Mophead|94/100 tox|[from] item: Leftovers
|-damage|p1a: Mophead|76/100 tox|[from] psn
|upkeep
|turn|80
|
|t:|1728944195
|move|p1a: Mophead|Thunderbolt|p2a: Claydol
|-immune|p2a: Claydol
|move|p2a: Claydol|Rapid Spin|p1a: Mophead
|-immune|p1a: Mophead
|
|-heal|p1a: Mophead|82/100 tox|[from] item: Leftovers
|-damage|p1a: Mophead|57/100 tox|[from] psn
|upkeep
|turn|81
|
|t:|1728944200
|switch|p2a: Gengar|Gengar, F|100/100
|move|p1a: Mophead|Rest|p1a: Mophead
|-status|p1a: Mophead|slp|[from] move: Rest
|-heal|p1a: Mophead|100/100 slp|[silent]
|
|upkeep
|turn|82
|
|t:|1728944207
|switch|p1a: Sell Your Body|Zapdos|100/100
|move|p2a: Gengar|Ice Punch|p1a: Sell Your Body
|-supereffective|p1a: Sell Your Body
|-damage|p1a: Sell Your Body|70/100
|
|-heal|p1a: Sell Your Body|76/100|[from] item: Leftovers
|upkeep
|turn|83
|
|t:|1728944213
|switch|p2a: Claydol|Claydol|100/100
|move|p1a: Sell Your Body|Roar|p2a: Claydol
|drag|p2a: Gengar|Gengar, F|100/100
|
|-heal|p1a: Sell Your Body|82/100|[from] item: Leftovers
|upkeep
|turn|84
|
|t:|1728944222
|move|p2a: Gengar|Ice Punch|p1a: Sell Your Body
|-supereffective|p1a: Sell Your Body
|-damage|p1a: Sell Your Body|50/100
|move|p1a: Sell Your Body|Thunderbolt|p2a: Gengar
|-damage|p2a: Gengar|50/100
|
|-heal|p2a: Gengar|56/100|[from] item: Leftovers
|-heal|p1a: Sell Your Body|56/100|[from] item: Leftovers
|upkeep
|turn|85
|
|t:|1728944236
|move|p2a: Gengar|Ice Punch|p1a: Sell Your Body
|-supereffective|p1a: Sell Your Body
|-crit|p1a: Sell Your Body
|-damage|p1a: Sell Your Body|0 fnt
|faint|p1a: Sell Your Body
|
|t:|1728944242
|switch|p1a: Town Song|Blissey, F, shiny|100/100
|
|-heal|p2a: Gengar|62/100|[from] item: Leftovers
|upkeep
|turn|86
|
|t:|1728944245
|switch|p2a: Blissey|Blissey, F|76/100
|-damage|p2a: Blissey|51/100|[from] Spikes
|move|p1a: Town Song|Ice Beam|p2a: Blissey
|-damage|p2a: Blissey|42/100
|
|-heal|p2a: Blissey|49/100|[from] item: Leftovers
|upkeep
|turn|87
|
|t:|1728944248
|move|p2a: Blissey|Soft-Boiled|p2a: Blissey
|-heal|p2a: Blissey|99/100
|move|p1a: Town Song|Aromatherapy|p1a: Town Song
|-cureteam|p1a: Town Song|[from] move: Aromatherapy
|
|-heal|p2a: Blissey|100/100|[from] item: Leftovers
|upkeep
|turn|88
|
|t:|1728944259
|move|p2a: Blissey|Wish|p2a: Blissey
|move|p1a: Town Song|Seismic Toss|p2a: Blissey
|-damage|p2a: Blissey|85/100
|
|-heal|p2a: Blissey|91/100|[from] item: Leftovers
|upkeep
|turn|89
|
|t:|1728944265
|switch|p2a: Metagross|Metagross|100/100
|-damage|p2a: Metagross|75/100|[from] Spikes
|switch|p1a: Hippies Vs.|Moltres|58/100
|
|-heal|p2a: Metagross|100/100|[from] move: Wish|[wisher] Blissey
|-heal|p1a: Hippies Vs.|64/100|[from] item: Leftovers
|upkeep
|turn|90
|
|t:|1728944272
|switch|p2a: Blissey|Blissey, F|91/100
|-damage|p2a: Blissey|66/100|[from] Spikes
|move|p1a: Hippies Vs.|Flamethrower|p2a: Blissey
|-damage|p2a: Blissey|48/100
|
|-heal|p1a: Hippies Vs.|70/100|[from] item: Leftovers
|-heal|p2a: Blissey|55/100|[from] item: Leftovers
|upkeep
|turn|91
|
|t:|1728944276
|move|p1a: Hippies Vs.|Toxic|p2a: Blissey
|-status|p2a: Blissey|tox
|move|p2a: Blissey|Soft-Boiled|p2a: Blissey
|-heal|p2a: Blissey|100/100 tox
|
|-heal|p1a: Hippies Vs.|76/100|[from] item: Leftovers
|-damage|p2a: Blissey|94/100 tox|[from] psn
|upkeep
|turn|92
|
|t:|1728944281
|move|p1a: Hippies Vs.|Protect|p1a: Hippies Vs.
|-singleturn|p1a: Hippies Vs.|Protect
|move|p2a: Blissey|Seismic Toss|p1a: Hippies Vs.
|-activate|p1a: Hippies Vs.|Protect
|
|-heal|p1a: Hippies Vs.|82/100|[from] item: Leftovers
|-heal|p2a: Blissey|100/100 tox|[from] item: Leftovers
|-damage|p2a: Blissey|88/100 tox|[from] psn
|upkeep
|turn|93
|
|t:|1728944287
|switch|p1a: Dotcom|Skarmory, M, shiny|67/100
|move|p2a: Blissey|Wish|p2a: Blissey
|
|-heal|p1a: Dotcom|73/100|[from] item: Leftovers
|-heal|p2a: Blissey|94/100 tox|[from] item: Leftovers
|-damage|p2a: Blissey|76/100 tox|[from] psn
|upkeep
|turn|94
|
|t:|1728944296
|-curestatus|p2a: Blissey|tox|[from] ability: Natural Cure
|switch|p2a: Gengar|Gengar, F|62/100
|move|p1a: Dotcom|Roar|p2a: Gengar
|drag|p2a: Skarmory|Skarmory, F|100/100
|
|-heal|p1a: Dotcom|79/100|[from] item: Leftovers
|upkeep
|turn|95
|
|t:|1728944304
|move|p2a: Skarmory|Spikes|p1a: Dotcom
|-sidestart|p1: BongMoodeus|Spikes
|move|p1a: Dotcom|Roar|p2a: Skarmory
|drag|p2a: Claydol|Claydol|100/100
|
|-heal|p1a: Dotcom|85/100|[from] item: Leftovers
|upkeep
|turn|96
|
|t:|1728944313
|switch|p1a: Mophead|Misdreavus, F|100/100
|move|p2a: Claydol|Toxic|p1a: Mophead
|-status|p1a: Mophead|tox
|
|-damage|p1a: Mophead|94/100 tox|[from] psn
|upkeep
|turn|97
|
|t:|1728944318
|switch|p1a: Hippies Vs.|Moltres|82/100
|move|p2a: Claydol|Refresh||[still]
|-fail|p2a: Claydol
|
|-heal|p1a: Hippies Vs.|88/100|[from] item: Leftovers
|upkeep
|turn|98
|
|t:|1728944322
|switch|p1a: Mophead|Misdreavus, F|94/100 tox
|move|p2a: Claydol|Psychic|p1a: Mophead
|-damage|p1a: Mophead|76/100 tox
|-unboost|p1a: Mophead|spd|1
|
|-heal|p1a: Mophead|82/100 tox|[from] item: Leftovers
|-damage|p1a: Mophead|76/100 tox|[from] psn
|upkeep
|turn|99
|
|t:|1728944331
|switch|p2a: Gengar|Gengar, F|62/100
|move|p1a: Mophead|Rest|p1a: Mophead
|-status|p1a: Mophead|slp|[from] move: Rest
|-heal|p1a: Mophead|100/100 slp|[silent]
|
|-heal|p2a: Gengar|68/100|[from] item: Leftovers
|upkeep
|turn|100
|
|t:|1728944339
|switch|p1a: Hippies Vs.|Moltres|88/100
|move|p2a: Gengar|Will-O-Wisp|p1a: Hippies Vs.|[miss]
|-miss|p2a: Gengar|p1a: Hippies Vs.
|
|-heal|p2a: Gengar|74/100|[from] item: Leftovers
|-heal|p1a: Hippies Vs.|94/100|[from] item: Leftovers
|upkeep
|turn|101
|
|t:|1728944348
|move|p2a: Gengar|Thunderbolt|p1a: Hippies Vs.
|-supereffective|p1a: Hippies Vs.
|-damage|p1a: Hippies Vs.|40/100
|move|p1a: Hippies Vs.|Flamethrower|p2a: Gengar
|-damage|p2a: Gengar|17/100
|
|-heal|p2a: Gengar|23/100|[from] item: Leftovers
|-heal|p1a: Hippies Vs.|46/100|[from] item: Leftovers
|upkeep
|turn|102
|
|t:|1728944357
|switch|p2a: Blissey|Blissey, F|76/100
|-damage|p2a: Blissey|51/100|[from] Spikes
|switch|p1a: Town Song|Blissey, F, shiny|100/100
|-damage|p1a: Town Song|88/100|[from] Spikes
|
|-heal|p2a: Blissey|57/100|[from] item: Leftovers
|-heal|p1a: Town Song|94/100|[from] item: Leftovers
|upkeep
|turn|103
|
|t:|1728944371
|switch|p1a: Hippies Vs.|Moltres|46/100
|move|p2a: Blissey|Soft-Boiled|p2a: Blissey
|-heal|p2a: Blissey|100/100
|
|-heal|p1a: Hippies Vs.|52/100|[from] item: Leftovers
|upkeep
|turn|104
|
|t:|1728944377
|move|p1a: Hippies Vs.|Toxic|p2a: Blissey
|-status|p2a: Blissey|tox
|move|p2a: Blissey|Seismic Toss|p1a: Hippies Vs.
|-damage|p1a: Hippies Vs.|23/100
|
|-heal|p1a: Hippies Vs.|29/100|[from] item: Leftovers
|-damage|p2a: Blissey|94/100 tox|[from] psn
|upkeep
|turn|105
|
|t:|1728944384
|-curestatus|p2a: Blissey|tox|[from] ability: Natural Cure
|switch|p2a: Gengar|Gengar, F|23/100
|move|p1a: Hippies Vs.|Flamethrower|p2a: Gengar
|-damage|p2a: Gengar|0 fnt
|faint|p2a: Gengar
|
|t:|1728944391
|switch|p2a: Blissey|Blissey, F|94/100
|-damage|p2a: Blissey|69/100|[from] Spikes
|
|-heal|p1a: Hippies Vs.|35/100|[from] item: Leftovers
|-heal|p2a: Blissey|76/100|[from] item: Leftovers
|upkeep
|turn|106
|
|t:|1728944400
|move|p1a: Hippies Vs.|Protect|p1a: Hippies Vs.
|-singleturn|p1a: Hippies Vs.|Protect
|move|p2a: Blissey|Seismic Toss|p1a: Hippies Vs.
|-activate|p1a: Hippies Vs.|Protect
|
|-heal|p1a: Hippies Vs.|41/100|[from] item: Leftovers
|-heal|p2a: Blissey|82/100|[from] item: Leftovers
|upkeep
|turn|107
|
|t:|1728944403
|move|p1a: Hippies Vs.|Toxic|p2a: Blissey
|-status|p2a: Blissey|tox
|move|p2a: Blissey|Seismic Toss|p1a: Hippies Vs.
|-damage|p1a: Hippies Vs.|12/100
|
|-heal|p1a: Hippies Vs.|18/100|[from] item: Leftovers
|-heal|p2a: Blissey|88/100 tox|[from] item: Leftovers
|-damage|p2a: Blissey|82/100 tox|[from] psn
|upkeep
|turn|108
|
|t:|1728944409
|-curestatus|p2a: Blissey|tox|[from] ability: Natural Cure
|switch|p2a: Claydol|Claydol|100/100
|move|p1a: Hippies Vs.|Rest|p1a: Hippies Vs.
|-status|p1a: Hippies Vs.|slp|[from] move: Rest
|-heal|p1a: Hippies Vs.|100/100 slp|[silent]
|
|upkeep
|turn|109
|
|t:|1728944417
|switch|p1a: Mophead|Misdreavus, F|100/100 slp
|switch|p2a: Metagross|Metagross|100/100
|-damage|p2a: Metagross|75/100|[from] Spikes
|
|upkeep
|turn|110
|
|t:|1728944426
|switch|p1a: Dotcom|Skarmory, M, shiny|85/100
|move|p2a: Metagross|Meteor Mash|p1a: Dotcom
|-resisted|p1a: Dotcom
|-damage|p1a: Dotcom|54/100
|
|-heal|p1a: Dotcom|60/100|[from] item: Leftovers
|upkeep
|turn|111
|
|t:|1728944435
|move|p2a: Metagross|Meteor Mash|p1a: Dotcom
|-resisted|p1a: Dotcom
|-damage|p1a: Dotcom|28/100
|-boost|p2a: Metagross|atk|1
|move|p1a: Dotcom|Drill Peck|p2a: Metagross
|-resisted|p2a: Metagross
|-damage|p2a: Metagross|68/100
|
|-heal|p1a: Dotcom|34/100|[from] item: Leftovers
|upkeep
|turn|112
|
|t:|1728944441
|move|p1a: Dotcom|Protect|p1a: Dotcom
|-singleturn|p1a: Dotcom|Protect
|move|p2a: Metagross|Meteor Mash|p1a: Dotcom
|-activate|p1a: Dotcom|Protect
|
|-heal|p1a: Dotcom|40/100|[from] item: Leftovers
|upkeep
|turn|113
|
|t:|1728944445
|move|p2a: Metagross|Meteor Mash|p1a: Dotcom
|-resisted|p1a: Dotcom
|-damage|p1a: Dotcom|0 fnt
|faint|p1a: Dotcom
|
|t:|1728944447
|switch|p1a: Repurposed Goods|Flygon, M, shiny|100/100
|
|upkeep
|turn|114
|
|t:|1728944455
|switch|p2a: Skarmory|Skarmory, F|100/100
|move|p1a: Repurposed Goods|Earthquake|p2a: Skarmory
|-immune|p2a: Skarmory
|
|upkeep
|turn|115
|
|t:|1728944469
|switch|p1a: Town Song|Blissey, F, shiny|94/100
|-damage|p1a: Town Song|82/100|[from] Spikes
|switch|p2a: Breloom|Breloom, F|100/100
|-damage|p2a: Breloom|76/100|[from] Spikes
|
|-heal|p2a: Breloom|82/100|[from] item: Leftovers
|-heal|p1a: Town Song|88/100|[from] item: Leftovers
|upkeep
|turn|116
|
|t:|1728944474
|switch|p1a: Mophead|Misdreavus, F|100/100 slp
|move|p2a: Breloom|Leech Seed|p1a: Mophead
|-start|p1a: Mophead|move: Leech Seed
|
|-heal|p2a: Breloom|88/100|[from] item: Leftovers
|-damage|p1a: Mophead|88/100 slp|[from] Leech Seed|[of] p2a: Breloom
|-heal|p2a: Breloom|100/100|[silent]
|upkeep
|turn|117
|
|t:|1728944480
|switch|p2a: Metagross|Metagross|68/100
|-damage|p2a: Metagross|43/100|[from] Spikes
|switch|p1a: Repurposed Goods|Flygon, M, shiny|100/100
|
|upkeep
|turn|118
|
|t:|1728944491
|switch|p2a: Skarmory|Skarmory, F|100/100
|move|p1a: Repurposed Goods|Protect||[still]
|-fail|p1a: Repurposed Goods
|
|upkeep
|turn|119
|
|t:|1728944496
|switch|p1a: Hippies Vs.|Moltres|100/100 slp
|move|p2a: Skarmory|Toxic||[still]
|-fail|p2a: Skarmory
|
|upkeep
|turn|120
|
|t:|1728944503
|switch|p1a: Repurposed Goods|Flygon, M, shiny|100/100
|switch|p2a: Blissey|Blissey, F|82/100
|-damage|p2a: Blissey|57/100|[from] Spikes
|
|-heal|p2a: Blissey|63/100|[from] item: Leftovers
|upkeep
|turn|121
|
|t:|1728944509
|switch|p1a: Town Song|Blissey, F, shiny|88/100
|-damage|p1a: Town Song|75/100|[from] Spikes
|move|p2a: Blissey|Soft-Boiled|p2a: Blissey
|-heal|p2a: Blissey|100/100
|
|-heal|p1a: Town Song|82/100|[from] item: Leftovers
|upkeep
|turn|122
|
|t:|1728944521
|move|p2a: Blissey|Seismic Toss|p1a: Town Song
|-damage|p1a: Town Song|66/100
|move|p1a: Town Song|Seismic Toss|p2a: Blissey
|-damage|p2a: Blissey|85/100
|
|-heal|p2a: Blissey|91/100|[from] item: Leftovers
|-heal|p1a: Town Song|72/100|[from] item: Leftovers
|upkeep
|turn|123
|
|t:|1728944528
|move|p2a: Blissey|Seismic Toss|p1a: Town Song
|-damage|p1a: Town Song|57/100
|move|p1a: Town Song|Aromatherapy|p1a: Town Song
|-cureteam|p1a: Town Song|[from] move: Aromatherapy
|
|-heal|p2a: Blissey|97/100|[from] item: Leftovers
|-heal|p1a: Town Song|63/100|[from] item: Leftovers
|upkeep
|turn|124
|
|t:|1728944532
|move|p2a: Blissey|Wish|p2a: Blissey
|move|p1a: Town Song|Ice Beam|p2a: Blissey
|-damage|p2a: Blissey|89/100
|
|-heal|p2a: Blissey|95/100|[from] item: Leftovers
|-heal|p1a: Town Song|69/100|[from] item: Leftovers
|upkeep
|turn|125
|
|t:|1728944540
|switch|p2a: Breloom|Breloom, F|100/100
|-damage|p2a: Breloom|76/100|[from] Spikes
|move|p1a: Town Song|Seismic Toss|p2a: Breloom
|-damage|p2a: Breloom|38/100
|
|-heal|p2a: Breloom|88/100|[from] move: Wish|[wisher] Blissey
|-heal|p2a: Breloom|94/100|[from] item: Leftovers
|-heal|p1a: Town Song|75/100|[from] item: Leftovers
|upkeep
|turn|126
|
|t:|1728944556
|switch|p1a: Mophead|Misdreavus, F|88/100
|move|p2a: Breloom|Substitute|p2a: Breloom
|-start|p2a: Breloom|Substitute
|-damage|p2a: Breloom|69/100
|
|-heal|p2a: Breloom|75/100|[from] item: Leftovers
|-heal|p1a: Mophead|94/100|[from] item: Leftovers
|upkeep
|turn|127
|
|t:|1728944560
|move|p2a: Breloom|Spore|p1a: Mophead
|-status|p1a: Mophead|slp|[from] move: Spore
|cant|p1a: Mophead|slp
|
|-heal|p2a: Breloom|81/100|[from] item: Leftovers
|-heal|p1a: Mophead|100/100 slp|[from] item: Leftovers
|upkeep
|turn|128
|
|t:|1728944564
|move|p2a: Breloom|Leech Seed|p1a: Mophead
|-start|p1a: Mophead|move: Leech Seed
|cant|p1a: Mophead|slp
|
|-heal|p2a: Breloom|87/100|[from] item: Leftovers
|-damage|p1a: Mophead|88/100 slp|[from] Leech Seed|[of] p2a: Breloom
|-heal|p2a: Breloom|100/100|[silent]
|upkeep
|turn|129
|
|t:|1728944577
|-singleturn|p2a: Breloom|move: Focus Punch
|-curestatus|p1a: Mophead|slp|[msg]
|move|p1a: Mophead|Perish Song|p1a: Mophead
|-start|p1a: Mophead|perish3|[silent]
|-start|p2a: Breloom|perish3|[silent]
|-fieldactivate|move: Perish Song
|move|p2a: Breloom|Focus Punch|p1a: Mophead
|-immune|p1a: Mophead
|
|-heal|p1a: Mophead|94/100|[from] item: Leftovers
|-damage|p1a: Mophead|82/100|[from] Leech Seed|[of] p2a: Breloom
|-start|p2a: Breloom|perish3
|-start|p1a: Mophead|perish3
|upkeep
|turn|130
|
|t:|1728944585
|move|p2a: Breloom|Spore|p1a: Mophead
|-status|p1a: Mophead|slp|[from] move: Spore
|cant|p1a: Mophead|slp
|
|-heal|p1a: Mophead|88/100 slp|[from] item: Leftovers
|-damage|p1a: Mophead|76/100 slp|[from] Leech Seed|[of] p2a: Breloom
|-start|p2a: Breloom|perish2
|-start|p1a: Mophead|perish2
|upkeep
|turn|131
|
|t:|1728944592
|switch|p2a: Metagross|Metagross|43/100
|-damage|p2a: Metagross|18/100|[from] Spikes
|cant|p1a: Mophead|slp
|
|-heal|p1a: Mophead|82/100 slp|[from] item: Leftovers
|-damage|p1a: Mophead|70/100 slp|[from] Leech Seed|[of] p2a: Metagross
|-heal|p2a: Metagross|29/100|[silent]
|-start|p1a: Mophead|perish1
|upkeep
|turn|132
|
|t:|1728944603
|switch|p1a: Repurposed Goods|Flygon, M, shiny|100/100
|move|p2a: Metagross|Rock Slide|p1a: Repurposed Goods
|-resisted|p1a: Repurposed Goods
|-damage|p1a: Repurposed Goods|84/100
|
|-heal|p1a: Repurposed Goods|90/100|[from] item: Leftovers
|upkeep
|turn|133
|
|t:|1728944612
|switch|p2a: Skarmory|Skarmory, F|100/100
|move|p1a: Repurposed Goods|Hidden Power|p2a: Skarmory
|-damage|p2a: Skarmory|89/100
|
|-heal|p1a: Repurposed Goods|96/100|[from] item: Leftovers
|-heal|p2a: Skarmory|95/100|[from] item: Leftovers
|upkeep
|turn|134
|
|t:|1728944619
|switch|p1a: Mophead|Misdreavus, F|70/100 slp
|move|p2a: Skarmory|Toxic||[still]
|-fail|p2a: Skarmory
|
|-heal|p1a: Mophead|76/100 slp|[from] item: Leftovers
|-heal|p2a: Skarmory|100/100|[from] item: Leftovers
|upkeep
|turn|135
|
|t:|1728944624
|switch|p2a: Blissey|Blissey, F|95/100
|-damage|p2a: Blissey|70/100|[from] Spikes
|-curestatus|p1a: Mophead|slp|[msg]
|move|p1a: Mophead|Thunderbolt|p2a: Blissey
|-damage|p2a: Blissey|64/100
|
|-heal|p1a: Mophead|82/100|[from] item: Leftovers
|-heal|p2a: Blissey|70/100|[from] item: Leftovers
|upkeep
|turn|136
|
|t:|1728944628
|move|p1a: Mophead|Toxic|p2a: Blissey
|-status|p2a: Blissey|tox
|move|p2a: Blissey|Wish|p2a: Blissey
|
|-heal|p1a: Mophead|88/100|[from] item: Leftovers
|-heal|p2a: Blissey|76/100 tox|[from] item: Leftovers
|-damage|p2a: Blissey|70/100 tox|[from] psn
|upkeep
|turn|137
|
|t:|1728944637
|-curestatus|p2a: Blissey|tox|[from] ability: Natural Cure
|switch|p2a: Breloom|Breloom, F|100/100
|-damage|p2a: Breloom|76/100|[from] Spikes
|move|p1a: Mophead|Thunderbolt|p2a: Breloom
|-resisted|p2a: Breloom
|-damage|p2a: Breloom|57/100
|
|-heal|p2a: Breloom|100/100|[from] move: Wish|[wisher] Blissey
|-heal|p1a: Mophead|94/100|[from] item: Leftovers
|upkeep
|turn|138
|
|t:|1728944649
|move|p2a: Breloom|Spore|p1a: Mophead
|-status|p1a: Mophead|slp|[from] move: Spore
|cant|p1a: Mophead|slp
|
|-heal|p1a: Mophead|100/100 slp|[from] item: Leftovers
|upkeep
|turn|139
|
|t:|1728944653
|move|p2a: Breloom|Leech Seed|p1a: Mophead
|-start|p1a: Mophead|move: Leech Seed
|cant|p1a: Mophead|slp
|
|-damage|p1a: Mophead|88/100 slp|[from] Leech Seed|[of] p2a: Breloom
|upkeep
|turn|140
|
|t:|1728944658
|switch|p2a: Metagross|Metagross|29/100
|-damage|p2a: Metagross|4/100|[from] Spikes
|cant|p1a: Mophead|slp
|
|-heal|p1a: Mophead|94/100 slp|[from] item: Leftovers
|-damage|p1a: Mophead|82/100 slp|[from] Leech Seed|[of] p2a: Metagross
|-heal|p2a: Metagross|15/100|[silent]
|upkeep
|turn|141
|
|t:|1728944680
|cant|p1a: Mophead|slp
|move|p2a: Metagross|Explosion|p1a: Mophead
|-immune|p1a: Mophead
|faint|p2a: Metagross
|
|t:|1728944691
|switch|p2a: Blissey|Blissey, F|70/100
|-damage|p2a: Blissey|45/100|[from] Spikes
|
|-heal|p1a: Mophead|88/100 slp|[from] item: Leftovers
|-damage|p1a: Mophead|76/100 slp|[from] Leech Seed|[of] p2a: Blissey
|-heal|p2a: Blissey|51/100|[silent]
|-heal|p2a: Blissey|57/100|[from] item: Leftovers
|upkeep
|turn|142
|
|t:|1728944698
|switch|p1a: Hippies Vs.|Moltres|100/100
|move|p2a: Blissey|Soft-Boiled|p2a: Blissey
|-heal|p2a: Blissey|100/100
|
|upkeep
|turn|143
|
|t:|1728944704
|move|p1a: Hippies Vs.|Toxic|p2a: Blissey
|-status|p2a: Blissey|tox
|move|p2a: Blissey|Seismic Toss|p1a: Hippies Vs.
|-damage|p1a: Hippies Vs.|72/100
|
|-heal|p1a: Hippies Vs.|78/100|[from] item: Leftovers
|-damage|p2a: Blissey|94/100 tox|[from] psn
|upkeep
|turn|144
|
|t:|1728944708
|move|p1a: Hippies Vs.|Protect|p1a: Hippies Vs.
|-singleturn|p1a: Hippies Vs.|Protect
|move|p2a: Blissey|Seismic Toss|p1a: Hippies Vs.
|-activate|p1a: Hippies Vs.|Protect
|
|-heal|p1a: Hippies Vs.|84/100|[from] item: Leftovers
|-heal|p2a: Blissey|100/100 tox|[from] item: Leftovers
|-damage|p2a: Blissey|88/100 tox|[from] psn
|upkeep
|turn|145
|
|t:|1728944724
|switch|p1a: Mophead|Misdreavus, F|76/100 slp
|-curestatus|p2a: Blissey|tox|[from] ability: Natural Cure
|switch|p2a: Claydol|Claydol|100/100
|
|-heal|p1a: Mophead|82/100 slp|[from] item: Leftovers
|upkeep
|turn|146
|
|t:|1728944731
|-curestatus|p1a: Mophead|slp|[msg]
|move|p1a: Mophead|Thunderbolt|p2a: Claydol
|-immune|p2a: Claydol
|move|p2a: Claydol|Psychic|p1a: Mophead
|-damage|p1a: Mophead|63/100
|
|-heal|p1a: Mophead|69/100|[from] item: Leftovers
|upkeep
|turn|147
|
|t:|1728944737
|move|p1a: Mophead|Toxic|p2a: Claydol
|-status|p2a: Claydol|tox
|move|p2a: Claydol|Rapid Spin|p1a: Mophead
|-immune|p1a: Mophead
|
|-heal|p1a: Mophead|75/100|[from] item: Leftovers
|-damage|p2a: Claydol|94/100 tox|[from] psn
|upkeep
|turn|148
|
|t:|1728944750
|switch|p1a: Hippies Vs.|Moltres|84/100
|move|p2a: Claydol|Refresh|p2a: Claydol
|-curestatus|p2a: Claydol|tox|[msg]
|
|-heal|p1a: Hippies Vs.|90/100|[from] item: Leftovers
|-heal|p2a: Claydol|100/100|[from] item: Leftovers
|upkeep
|turn|149
|
|t:|1728944755
|switch|p2a: Blissey|Blissey, F|88/100
|-damage|p2a: Blissey|63/100|[from] Spikes
|move|p1a: Hippies Vs.|Protect||[still]
|-fail|p1a: Hippies Vs.
|
|-heal|p1a: Hippies Vs.|96/100|[from] item: Leftovers
|-heal|p2a: Blissey|69/100|[from] item: Leftovers
|upkeep
|turn|150
|
|t:|1728944761
|switch|p1a: Mophead|Misdreavus, F|75/100
|move|p2a: Blissey|Seismic Toss|p1a: Mophead
|-immune|p1a: Mophead
|
|-heal|p1a: Mophead|81/100|[from] item: Leftovers
|-heal|p2a: Blissey|76/100|[from] item: Leftovers
|upkeep
|turn|151
|
|t:|1728944766
|switch|p1a: Hippies Vs.|Moltres|96/100
|move|p2a: Blissey|Toxic|p1a: Hippies Vs.
|-status|p1a: Hippies Vs.|tox
|
|-heal|p1a: Hippies Vs.|100/100 tox|[from] item: Leftovers
|-damage|p1a: Hippies Vs.|94/100 tox|[from] psn
|-heal|p2a: Blissey|82/100|[from] item: Leftovers
|upkeep
|turn|152
|
|t:|1728944774
|switch|p1a: Mophead|Misdreavus, F|81/100
|move|p2a: Blissey|Soft-Boiled|p2a: Blissey
|-heal|p2a: Blissey|100/100
|
|-heal|p1a: Mophead|87/100|[from] item: Leftovers
|upkeep
|turn|153
|
|t:|1728944777
|switch|p1a: Hippies Vs.|Moltres|94/100 tox
|switch|p2a: Breloom|Breloom, F|100/100
|-damage|p2a: Breloom|76/100|[from] Spikes
|
|-heal|p1a: Hippies Vs.|100/100 tox|[from] item: Leftovers
|-damage|p1a: Hippies Vs.|94/100 tox|[from] psn
|-heal|p2a: Breloom|82/100|[from] item: Leftovers
|upkeep
|turn|154
|
|t:|1728944781
|switch|p2a: Blissey|Blissey, F|100/100
|-damage|p2a: Blissey|76/100|[from] Spikes
|move|p1a: Hippies Vs.|Flamethrower|p2a: Blissey
|-damage|p2a: Blissey|59/100
|
|-heal|p1a: Hippies Vs.|100/100 tox|[from] item: Leftovers
|-damage|p1a: Hippies Vs.|88/100 tox|[from] psn
|-heal|p2a: Blissey|65/100|[from] item: Leftovers
|upkeep
|turn|155
|
|t:|1728944789
|switch|p1a: Mophead|Misdreavus, F|87/100
|move|p2a: Blissey|Soft-Boiled|p2a: Blissey
|-heal|p2a: Blissey|100/100
|
|-heal|p1a: Mophead|93/100|[from] item: Leftovers
|upkeep
|turn|156
|
|t:|1728944793
|switch|p1a: Hippies Vs.|Moltres|88/100 tox
|move|p2a: Blissey|Toxic|p1a: Hippies Vs.
|-fail|p1a: Hippies Vs.|tox
|
|-heal|p1a: Hippies Vs.|94/100 tox|[from] item: Leftovers
|-damage|p1a: Hippies Vs.|88/100 tox|[from] psn
|upkeep
|turn|157
|inactive|PuruglyIsUgly has 270 seconds left.
|
|t:|1728944834
|switch|p1a: Mophead|Misdreavus, F|93/100
|switch|p2a: Claydol|Claydol|100/100
|
|-heal|p1a: Mophead|99/100|[from] item: Leftovers
|upkeep
|turn|158
|
|t:|1728944850
|move|p1a: Mophead|Thunderbolt|p2a: Claydol
|-immune|p2a: Claydol
|move|p2a: Claydol|Toxic|p1a: Mophead
|-status|p1a: Mophead|tox
|
|-heal|p1a: Mophead|100/100 tox|[from] item: Leftovers
|-damage|p1a: Mophead|94/100 tox|[from] psn
|upkeep
|turn|159
|
|t:|1728944857
|move|p1a: Mophead|Thunderbolt|p2a: Claydol
|-immune|p2a: Claydol
|move|p2a: Claydol|Psychic|p1a: Mophead
|-damage|p1a: Mophead|73/100 tox
|
|-heal|p1a: Mophead|79/100 tox|[from] item: Leftovers
|-damage|p1a: Mophead|67/100 tox|[from] psn
|upkeep
|turn|160
|
|t:|1728944869
|switch|p2a: Breloom|Breloom, F|82/100
|-damage|p2a: Breloom|57/100|[from] Spikes
|move|p1a: Mophead|Rest|p1a: Mophead
|-status|p1a: Mophead|slp|[from] move: Rest
|-heal|p1a: Mophead|100/100 slp|[silent]
|
|-heal|p2a: Breloom|63/100|[from] item: Leftovers
|upkeep
|turn|161
|
|t:|1728944876
|move|p2a: Breloom|Leech Seed|p1a: Mophead
|-start|p1a: Mophead|move: Leech Seed
|cant|p1a: Mophead|slp
|
|-heal|p2a: Breloom|69/100|[from] item: Leftovers
|-damage|p1a: Mophead|88/100 slp|[from] Leech Seed|[of] p2a: Breloom
|-heal|p2a: Breloom|84/100|[silent]
|upkeep
|turn|162
|
|t:|1728944881
|move|p2a: Breloom|Substitute|p2a: Breloom
|-start|p2a: Breloom|Substitute
|-damage|p2a: Breloom|60/100
|cant|p1a: Mophead|slp
|
|-heal|p2a: Breloom|66/100|[from] item: Leftovers
|-heal|p1a: Mophead|94/100 slp|[from] item: Leftovers
|-damage|p1a: Mophead|82/100 slp|[from] Leech Seed|[of] p2a: Breloom
|-heal|p2a: Breloom|81/100|[silent]
|upkeep
|turn|163
|
|t:|1728944889
|-singleturn|p2a: Breloom|move: Focus Punch
|-curestatus|p1a: Mophead|slp|[msg]
|move|p1a: Mophead|Perish Song|p1a: Mophead
|-start|p1a: Mophead|perish3|[silent]
|-start|p2a: Breloom|perish3|[silent]
|-fieldactivate|move: Perish Song
|move|p2a: Breloom|Focus Punch|p1a: Mophead
|-immune|p1a: Mophead
|
|-heal|p2a: Breloom|87/100|[from] item: Leftovers
|-heal|p1a: Mophead|88/100|[from] item: Leftovers
|-damage|p1a: Mophead|76/100|[from] Leech Seed|[of] p2a: Breloom
|-heal|p2a: Breloom|100/100|[silent]
|-start|p2a: Breloom|perish3
|-start|p1a: Mophead|perish3
|upkeep
|turn|164
|
|t:|1728944899
|-singleturn|p2a: Breloom|move: Focus Punch
|move|p1a: Mophead|Rest|p1a: Mophead
|-status|p1a: Mophead|slp|[from] move: Rest
|-heal|p1a: Mophead|100/100 slp|[silent]
|move|p2a: Breloom|Focus Punch|p1a: Mophead
|-immune|p1a: Mophead
|
|-damage|p1a: Mophead|88/100 slp|[from] Leech Seed|[of] p2a: Breloom
|-start|p2a: Breloom|perish2
|-start|p1a: Mophead|perish2
|upkeep
|turn|165
|
|t:|1728944906
|switch|p2a: Claydol|Claydol|100/100
|cant|p1a: Mophead|slp
|
|-heal|p1a: Mophead|94/100 slp|[from] item: Leftovers
|-damage|p1a: Mophead|82/100 slp|[from] Leech Seed|[of] p2a: Claydol
|-start|p1a: Mophead|perish1
|upkeep
|turn|166
|
|t:|1728944916
|switch|p1a: Hippies Vs.|Moltres|88/100 tox
|move|p2a: Claydol|Psychic|p1a: Hippies Vs.
|-damage|p1a: Hippies Vs.|61/100 tox
|
|-heal|p1a: Hippies Vs.|68/100 tox|[from] item: Leftovers
|-damage|p1a: Hippies Vs.|61/100 tox|[from] psn
|upkeep
|turn|167
|
|t:|1728944923
|switch|p1a: Mophead|Misdreavus, F|82/100 slp
|switch|p2a: Blissey|Blissey, F|100/100
|-damage|p2a: Blissey|76/100|[from] Spikes
|
|-heal|p1a: Mophead|88/100 slp|[from] item: Leftovers
|-heal|p2a: Blissey|82/100|[from] item: Leftovers
|upkeep
|turn|168
|
|t:|1728944927
|switch|p2a: Breloom|Breloom, F|100/100
|-damage|p2a: Breloom|76/100|[from] Spikes
|cant|p1a: Mophead|slp
|
|-heal|p2a: Breloom|82/100|[from] item: Leftovers
|-heal|p1a: Mophead|94/100 slp|[from] item: Leftovers
|upkeep
|turn|169
|
|t:|1728944932
|switch|p1a: Repurposed Goods|Flygon, M, shiny|96/100
|move|p2a: Breloom|Substitute|p2a: Breloom
|-start|p2a: Breloom|Substitute
|-damage|p2a: Breloom|57/100
|
|-heal|p2a: Breloom|63/100|[from] item: Leftovers
|-heal|p1a: Repurposed Goods|100/100|[from] item: Leftovers
|upkeep
|turn|170
|
|t:|1728944945
|move|p2a: Breloom|Spore|p1a: Repurposed Goods
|-status|p1a: Repurposed Goods|slp|[from] move: Spore
|cant|p1a: Repurposed Goods|slp
|
|-heal|p2a: Breloom|69/100|[from] item: Leftovers
|upkeep
|turn|171
|
|t:|1728944949
|switch|p1a: Mophead|Misdreavus, F|94/100 slp
|move|p2a: Breloom|Leech Seed|p1a: Mophead
|-start|p1a: Mophead|move: Leech Seed
|
|-heal|p2a: Breloom|75/100|[from] item: Leftovers
|-heal|p1a: Mophead|100/100 slp|[from] item: Leftovers
|-damage|p1a: Mophead|88/100 slp|[from] Leech Seed|[of] p2a: Breloom
|-heal|p2a: Breloom|91/100|[silent]
|upkeep
|turn|172
|
|t:|1728944962
|switch|p2a: Blissey|Blissey, F|82/100
|-damage|p2a: Blissey|57/100|[from] Spikes
|-curestatus|p1a: Mophead|slp|[msg]
|move|p1a: Mophead|Perish Song|p1a: Mophead
|-start|p1a: Mophead|perish3|[silent]
|-start|p2a: Blissey|perish3|[silent]
|-fieldactivate|move: Perish Song
|
|-heal|p1a: Mophead|94/100|[from] item: Leftovers
|-damage|p1a: Mophead|82/100|[from] Leech Seed|[of] p2a: Blissey
|-heal|p2a: Blissey|63/100|[silent]
|-heal|p2a: Blissey|69/100|[from] item: Leftovers
|-start|p1a: Mophead|perish3
|-start|p2a: Blissey|perish3
|upkeep
|turn|173
|
|t:|1728944987
|switch|p1a: Hippies Vs.|Moltres|61/100 tox
|move|p2a: Blissey|Seismic Toss|p1a: Hippies Vs.
|-damage|p1a: Hippies Vs.|33/100 tox
|
|-heal|p1a: Hippies Vs.|39/100 tox|[from] item: Leftovers
|-damage|p1a: Hippies Vs.|33/100 tox|[from] psn
|-heal|p2a: Blissey|75/100|[from] item: Leftovers
|-start|p2a: Blissey|perish2
|upkeep
|turn|174
|
|t:|1728944993
|switch|p2a: Breloom|Breloom, F|91/100
|-damage|p2a: Breloom|66/100|[from] Spikes
|move|p1a: Hippies Vs.|Rest|p1a: Hippies Vs.
|-status|p1a: Hippies Vs.|slp|[from] move: Rest
|-heal|p1a: Hippies Vs.|100/100 slp|[silent]
|
|-heal|p2a: Breloom|72/100|[from] item: Leftovers
|upkeep
|turn|175
|
|t:|1728945000
|cant|p1a: Hippies Vs.|slp
|move|p2a: Breloom|Substitute|p2a: Breloom
|-start|p2a: Breloom|Substitute
|-damage|p2a: Breloom|47/100
|
|-heal|p2a: Breloom|53/100|[from] item: Leftovers
|upkeep
|turn|176
|
|t:|1728945009
|-singleturn|p2a: Breloom|move: Focus Punch
|cant|p1a: Hippies Vs.|slp
|move|p2a: Breloom|Focus Punch|p1a: Hippies Vs.
|-resisted|p1a: Hippies Vs.
|-damage|p1a: Hippies Vs.|60/100 slp
|
|-heal|p1a: Hippies Vs.|66/100 slp|[from] item: Leftovers
|-heal|p2a: Breloom|59/100|[from] item: Leftovers
|upkeep
|turn|177
|
|t:|1728945017
|-curestatus|p1a: Hippies Vs.|slp|[msg]
|move|p1a: Hippies Vs.|Protect|p1a: Hippies Vs.
|-singleturn|p1a: Hippies Vs.|Protect
|move|p2a: Breloom|Spore|p1a: Hippies Vs.
|-activate|p1a: Hippies Vs.|Protect
|
|-heal|p1a: Hippies Vs.|72/100|[from] item: Leftovers
|-heal|p2a: Breloom|65/100|[from] item: Leftovers
|upkeep
|turn|178
|
|t:|1728945022
|-singleturn|p2a: Breloom|move: Focus Punch
|move|p1a: Hippies Vs.|Flamethrower|p2a: Breloom
|-supereffective|p2a: Breloom
|-end|p2a: Breloom|Substitute
|move|p2a: Breloom|Focus Punch|p1a: Hippies Vs.
|-resisted|p1a: Hippies Vs.
|-damage|p1a: Hippies Vs.|33/100
|
|-heal|p1a: Hippies Vs.|40/100|[from] item: Leftovers
|-heal|p2a: Breloom|71/100|[from] item: Leftovers
|upkeep
|turn|179
|
|t:|1728945032
|switch|p2a: Blissey|Blissey, F|75/100
|-damage|p2a: Blissey|50/100|[from] Spikes
|move|p1a: Hippies Vs.|Flamethrower|p2a: Blissey
|-damage|p2a: Blissey|33/100
|
|-heal|p1a: Hippies Vs.|46/100|[from] item: Leftovers
|-heal|p2a: Blissey|39/100|[from] item: Leftovers
|upkeep
|turn|180
|
|t:|1728945037
|move|p1a: Hippies Vs.|Toxic|p2a: Blissey
|-status|p2a: Blissey|tox
|move|p2a: Blissey|Soft-Boiled|p2a: Blissey
|-heal|p2a: Blissey|89/100 tox
|
|-heal|p1a: Hippies Vs.|52/100|[from] item: Leftovers
|-heal|p2a: Blissey|95/100 tox|[from] item: Leftovers
|-damage|p2a: Blissey|89/100 tox|[from] psn
|upkeep
|turn|181
|
|t:|1728945040
|move|p1a: Hippies Vs.|Flamethrower|p2a: Blissey
|-damage|p2a: Blissey|72/100 tox
|move|p2a: Blissey|Seismic Toss|p1a: Hippies Vs.
|-damage|p1a: Hippies Vs.|23/100
|
|-heal|p1a: Hippies Vs.|29/100|[from] item: Leftovers
|-heal|p2a: Blissey|78/100 tox|[from] item: Leftovers
|-damage|p2a: Blissey|66/100 tox|[from] psn
|upkeep
|turn|182
|
|t:|1728945048
|move|p1a: Hippies Vs.|Rest|p1a: Hippies Vs.
|-status|p1a: Hippies Vs.|slp|[from] move: Rest
|-heal|p1a: Hippies Vs.|100/100 slp|[silent]
|move|p2a: Blissey|Seismic Toss|p1a: Hippies Vs.
|-damage|p1a: Hippies Vs.|72/100 slp
|
|-heal|p1a: Hippies Vs.|78/100 slp|[from] item: Leftovers
|-heal|p2a: Blissey|72/100 tox|[from] item: Leftovers
|-damage|p2a: Blissey|54/100 tox|[from] psn
|upkeep
|turn|183
|
|t:|1728945057
|cant|p1a: Hippies Vs.|slp
|move|p2a: Blissey|Soft-Boiled|p2a: Blissey
|-heal|p2a: Blissey|100/100 tox
|
|-heal|p1a: Hippies Vs.|84/100 slp|[from] item: Leftovers
|-damage|p2a: Blissey|76/100 tox|[from] psn
|upkeep
|turn|184
|
|t:|1728945061
|cant|p1a: Hippies Vs.|slp
|move|p2a: Blissey|Seismic Toss|p1a: Hippies Vs.
|-damage|p1a: Hippies Vs.|55/100 slp
|
|-heal|p1a: Hippies Vs.|61/100 slp|[from] item: Leftovers
|-heal|p2a: Blissey|82/100 tox|[from] item: Leftovers
|-damage|p2a: Blissey|51/100 tox|[from] psn
|upkeep
|turn|185
|
|t:|1728945070
|-curestatus|p2a: Blissey|tox|[from] ability: Natural Cure
|switch|p2a: Claydol|Claydol|100/100
|-curestatus|p1a: Hippies Vs.|slp|[msg]
|move|p1a: Hippies Vs.|Flamethrower|p2a: Claydol
|-crit|p2a: Claydol
|-damage|p2a: Claydol|34/100
|
|-heal|p1a: Hippies Vs.|67/100|[from] item: Leftovers
|-heal|p2a: Claydol|41/100|[from] item: Leftovers
|upkeep
|turn|186
|
|t:|1728945083
|move|p1a: Hippies Vs.|Flamethrower|p2a: Claydol
|-damage|p2a: Claydol|3/100
|move|p2a: Claydol|Rapid Spin|p1a: Hippies Vs.
|-damage|p1a: Hippies Vs.|64/100
|-sideend|p2: PuruglyIsUgly|Spikes|[from] move: Rapid Spin|[of] p2a: Claydol
|
|-heal|p1a: Hippies Vs.|70/100|[from] item: Leftovers
|-heal|p2a: Claydol|9/100|[from] item: Leftovers
|upkeep
|turn|187
|
|t:|1728945089
|switch|p2a: Blissey|Blissey, F|51/100
|move|p1a: Hippies Vs.|Toxic|p2a: Blissey
|-status|p2a: Blissey|tox
|
|-heal|p1a: Hippies Vs.|76/100|[from] item: Leftovers
|-heal|p2a: Blissey|57/100 tox|[from] item: Leftovers
|-damage|p2a: Blissey|51/100 tox|[from] psn
|upkeep
|turn|188
|
|t:|1728945103
|move|p1a: Hippies Vs.|Flamethrower|p2a: Blissey
|-damage|p2a: Blissey|34/100 tox
|move|p2a: Blissey|Soft-Boiled|p2a: Blissey
|-heal|p2a: Blissey|84/100 tox
|
|-heal|p1a: Hippies Vs.|82/100|[from] item: Leftovers
|-heal|p2a: Blissey|90/100 tox|[from] item: Leftovers
|-damage|p2a: Blissey|78/100 tox|[from] psn
|upkeep
|turn|189
|
|t:|1728945109
|move|p1a: Hippies Vs.|Protect|p1a: Hippies Vs.
|-singleturn|p1a: Hippies Vs.|Protect
|move|p2a: Blissey|Toxic|p1a: Hippies Vs.|[miss]
|-miss|p2a: Blissey|p1a: Hippies Vs.
|
|-heal|p1a: Hippies Vs.|88/100|[from] item: Leftovers
|-heal|p2a: Blissey|84/100 tox|[from] item: Leftovers
|-damage|p2a: Blissey|66/100 tox|[from] psn
|upkeep
|turn|190
|
|t:|1728945113
|move|p1a: Hippies Vs.|Flamethrower|p2a: Blissey
|-damage|p2a: Blissey|48/100 tox
|move|p2a: Blissey|Wish|p2a: Blissey
|
|-heal|p1a: Hippies Vs.|94/100|[from] item: Leftovers
|-heal|p2a: Blissey|54/100 tox|[from] item: Leftovers
|-damage|p2a: Blissey|30/100 tox|[from] psn
|upkeep
|turn|191
|
|t:|1728945119
|switch|p1a: Mophead|Misdreavus, F|82/100
|-curestatus|p2a: Blissey|tox|[from] ability: Natural Cure
|switch|p2a: Claydol|Claydol|9/100
|
|-heal|p2a: Claydol|59/100|[from] move: Wish|[wisher] Blissey
|-heal|p1a: Mophead|88/100|[from] item: Leftovers
|-heal|p2a: Claydol|66/100|[from] item: Leftovers
|upkeep
|turn|192
|
|t:|1728945131
|switch|p1a: Hippies Vs.|Moltres|94/100
|switch|p2a: Blissey|Blissey, F|30/100
|
|-heal|p1a: Hippies Vs.|99/100|[from] item: Leftovers
|-heal|p2a: Blissey|36/100|[from] item: Leftovers
|upkeep
|turn|193
|
|t:|1728945136
|move|p1a: Hippies Vs.|Toxic|p2a: Blissey
|-status|p2a: Blissey|tox
|move|p2a: Blissey|Soft-Boiled|p2a: Blissey
|-heal|p2a: Blissey|86/100 tox
|
|-heal|p1a: Hippies Vs.|100/100|[from] item: Leftovers
|-heal|p2a: Blissey|92/100 tox|[from] item: Leftovers
|-damage|p2a: Blissey|86/100 tox|[from] psn
|upkeep
|turn|194
|
|t:|1728945141
|-curestatus|p2a: Blissey|tox|[from] ability: Natural Cure
|switch|p2a: Claydol|Claydol|66/100
|move|p1a: Hippies Vs.|Rest|p1a: Hippies Vs.
|-fail|p1a: Hippies Vs.|heal
|
|-heal|p2a: Claydol|72/100|[from] item: Leftovers
|upkeep
|turn|195
|
|t:|1728945148
|switch|p2a: Blissey|Blissey, F|86/100
|move|p1a: Hippies Vs.|Rest|p1a: Hippies Vs.
|-fail|p1a: Hippies Vs.|heal
|
|-heal|p2a: Blissey|92/100|[from] item: Leftovers
|upkeep
|turn|196
|
|t:|1728945162
|switch|p1a: Mophead|Misdreavus, F|88/100
|move|p2a: Blissey|Wish|p2a: Blissey
|
|-heal|p1a: Mophead|94/100|[from] item: Leftovers
|-heal|p2a: Blissey|98/100|[from] item: Leftovers
|upkeep
|turn|197
|
|t:|1728945168
|switch|p1a: Hippies Vs.|Moltres|100/100
|switch|p2a: Breloom|Breloom, F|71/100
|
|-heal|p2a: Breloom|100/100|[from] move: Wish|[wisher] Blissey
|upkeep
|turn|198
|
|t:|1728945177
|switch|p2a: Blissey|Blissey, F|98/100
|move|p1a: Hippies Vs.|Flamethrower|p2a: Blissey
|-crit|p2a: Blissey
|-damage|p2a: Blissey|63/100
|
|-heal|p2a: Blissey|69/100|[from] item: Leftovers
|upkeep
|turn|199
|
|t:|1728945181
|switch|p1a: Mophead|Misdreavus, F|94/100
|move|p2a: Blissey|Seismic Toss|p1a: Mophead
|-immune|p1a: Mophead
|
|-heal|p1a: Mophead|100/100|[from] item: Leftovers
|-heal|p2a: Blissey|75/100|[from] item: Leftovers
|upkeep
|turn|200
|
|t:|1728945188
|switch|p1a: Hippies Vs.|Moltres|100/100
|switch|p2a: Breloom|Breloom, F|100/100
|
|upkeep
|turn|201
|
|t:|1728945192
|switch|p1a: Mophead|Misdreavus, F|100/100
|switch|p2a: Blissey|Blissey, F|75/100
|
|-heal|p2a: Blissey|81/100|[from] item: Leftovers
|upkeep
|turn|202
|
|t:|1728945196
|switch|p1a: Hippies Vs.|Moltres|100/100
|switch|p2a: Breloom|Breloom, F|100/100
|
|upkeep
|turn|203
|
|t:|1728945199
|switch|p1a: Mophead|Misdreavus, F|100/100
|switch|p2a: Blissey|Blissey, F|81/100
|
|-heal|p2a: Blissey|87/100|[from] item: Leftovers
|upkeep
|turn|204
|
|t:|1728945204
|switch|p1a: Hippies Vs.|Moltres|100/100
|switch|p2a: Breloom|Breloom, F|100/100
|
|upkeep
|turn|205
|
|t:|1728945211
|switch|p1a: Mophead|Misdreavus, F|100/100
|switch|p2a: Blissey|Blissey, F|87/100
|
|-heal|p2a: Blissey|94/100|[from] item: Leftovers
|upkeep
|turn|206
|
|t:|1728945221
|switch|p1a: Hippies Vs.|Moltres|100/100
|switch|p2a: Claydol|Claydol|72/100
|
|-heal|p2a: Claydol|78/100|[from] item: Leftovers
|upkeep
|turn|207
|
|t:|1728945230
|switch|p1a: Mophead|Misdreavus, F|100/100
|switch|p2a: Blissey|Blissey, F|94/100
|
|-heal|p2a: Blissey|99/100|[from] item: Leftovers
|upkeep
|turn|208
|
|t:|1728945235
|switch|p1a: Hippies Vs.|Moltres|100/100
|switch|p2a: Claydol|Claydol|78/100
|
|-heal|p2a: Claydol|84/100|[from] item: Leftovers
|upkeep
|turn|209
|
|t:|1728945239
|switch|p1a: Mophead|Misdreavus, F|100/100
|switch|p2a: Blissey|Blissey, F|99/100
|
|-heal|p2a: Blissey|100/100|[from] item: Leftovers
|upkeep
|turn|210
|
|t:|1728945247
|switch|p1a: Hippies Vs.|Moltres|100/100
|switch|p2a: Claydol|Claydol|84/100
|
|-heal|p2a: Claydol|90/100|[from] item: Leftovers
|upkeep
|turn|211
|
|t:|1728945254
|switch|p1a: Mophead|Misdreavus, F|100/100
|switch|p2a: Breloom|Breloom, F|100/100
|
|upkeep
|turn|212
|
|t:|1728945260
|move|p2a: Breloom|Leech Seed|p1a: Mophead
|-start|p1a: Mophead|move: Leech Seed
|move|p1a: Mophead|Toxic|p2a: Breloom
|-status|p2a: Breloom|tox
|
|-damage|p2a: Breloom|94/100 tox|[from] psn
|-damage|p1a: Mophead|88/100|[from] Leech Seed|[of] p2a: Breloom
|-heal|p2a: Breloom|100/100 tox|[silent]
|upkeep
|turn|213
|
|t:|1728945267
|switch|p1a: Hippies Vs.|Moltres|100/100
|move|p2a: Breloom|Spore|p1a: Hippies Vs.
|-message|Sleep Clause Mod activated.
|-hint|Sleep Clause Mod prevents players from putting more than one of their opponent's Pokémon to sleep at a time
|
|-damage|p2a: Breloom|88/100 tox|[from] psn
|upkeep
|turn|214
|
|t:|1728945275
|switch|p1a: Mophead|Misdreavus, F|88/100
|switch|p2a: Blissey|Blissey, F|100/100
|
|-heal|p1a: Mophead|94/100|[from] item: Leftovers
|upkeep
|turn|215
|
|t:|1728945281
|switch|p1a: Hippies Vs.|Moltres|100/100
|switch|p2a: Claydol|Claydol|90/100
|
|-heal|p2a: Claydol|96/100|[from] item: Leftovers
|upkeep
|turn|216
|
|t:|1728945294
|switch|p1a: Mophead|Misdreavus, F|94/100
|switch|p2a: Skarmory|Skarmory, F|100/100
|
|-heal|p1a: Mophead|100/100|[from] item: Leftovers
|upkeep
|turn|217
|
|t:|1728945321
|switch|p1a: Hippies Vs.|Moltres|100/100
|move|p2a: Skarmory|Toxic|p1a: Hippies Vs.
|-status|p1a: Hippies Vs.|tox
|
|-damage|p1a: Hippies Vs.|94/100 tox|[from] psn
|upkeep
|turn|218
|
|t:|1728945328
|switch|p1a: Mophead|Misdreavus, F|100/100
|move|p2a: Skarmory|Protect||[still]
|-fail|p2a: Skarmory
|
|upkeep
|turn|219
|
|t:|1728945333
|move|p1a: Mophead|Thunderbolt|p2a: Skarmory
|-supereffective|p2a: Skarmory
|-damage|p2a: Skarmory|67/100
|-status|p2a: Skarmory|par
|move|p2a: Skarmory|Spikes|p1a: Mophead
|-sidestart|p1: BongMoodeus|Spikes
|
|-heal|p2a: Skarmory|73/100 par|[from] item: Leftovers
|upkeep
|turn|220
|
|t:|1728945338
|switch|p1a: Hippies Vs.|Moltres|94/100 tox
|cant|p2a: Skarmory|par
|
|-heal|p1a: Hippies Vs.|100/100 tox|[from] item: Leftovers
|-damage|p1a: Hippies Vs.|94/100 tox|[from] psn
|-heal|p2a: Skarmory|79/100 par|[from] item: Leftovers
|upkeep
|turn|221
|
|t:|1728945341
|switch|p1a: Mophead|Misdreavus, F|100/100
|switch|p2a: Blissey|Blissey, F|100/100
|
|upkeep
|turn|222
|
|t:|1728945347
|switch|p1a: Hippies Vs.|Moltres|94/100 tox
|switch|p2a: Breloom|Breloom, F|88/100 tox
|
|-heal|p1a: Hippies Vs.|100/100 tox|[from] item: Leftovers
|-damage|p1a: Hippies Vs.|94/100 tox|[from] psn
|-heal|p2a: Breloom|94/100 tox|[from] item: Leftovers
|-damage|p2a: Breloom|88/100 tox|[from] psn
|upkeep
|turn|223
|
|t:|1728945358
|switch|p1a: Mophead|Misdreavus, F|100/100
|switch|p2a: Blissey|Blissey, F|100/100
|
|upkeep
|turn|224
|
|t:|1728945363
|switch|p1a: Hippies Vs.|Moltres|94/100 tox
|switch|p2a: Claydol|Claydol|96/100
|
|-heal|p1a: Hippies Vs.|100/100 tox|[from] item: Leftovers
|-damage|p1a: Hippies Vs.|94/100 tox|[from] psn
|-heal|p2a: Claydol|100/100|[from] item: Leftovers
|upkeep
|turn|225
|
|t:|1728945377
|switch|p1a: Mophead|Misdreavus, F|100/100
|switch|p2a: Breloom|Breloom, F|88/100 tox
|
|-heal|p2a: Breloom|94/100 tox|[from] item: Leftovers
|-damage|p2a: Breloom|88/100 tox|[from] psn
|upkeep
|turn|226
|
|t:|1728945383
|-singleturn|p2a: Breloom|move: Focus Punch
|move|p1a: Mophead|Thunderbolt|p2a: Breloom
|-resisted|p2a: Breloom
|-damage|p2a: Breloom|70/100 tox
|move|p2a: Breloom|Focus Punch||[still]
|cant|p2a: Breloom|Focus Punch|Focus Punch
|
|-heal|p2a: Breloom|76/100 tox|[from] item: Leftovers
|-damage|p2a: Breloom|64/100 tox|[from] psn
|upkeep
|turn|227
|
|t:|1728945390
|move|p2a: Breloom|Leech Seed|p1a: Mophead
|-start|p1a: Mophead|move: Leech Seed
|move|p1a: Mophead|Thunderbolt|p2a: Breloom
|-resisted|p2a: Breloom
|-damage|p2a: Breloom|46/100 tox
|
|-heal|p2a: Breloom|52/100 tox|[from] item: Leftovers
|-damage|p2a: Breloom|33/100 tox|[from] psn
|-damage|p1a: Mophead|88/100|[from] Leech Seed|[of] p2a: Breloom
|-heal|p2a: Breloom|49/100 tox|[silent]
|upkeep
|turn|228
|
|t:|1728945399
|-singleturn|p2a: Breloom|move: Focus Punch
|switch|p1a: Hippies Vs.|Moltres|94/100 tox
|move|p2a: Breloom|Focus Punch|p1a: Hippies Vs.
|-resisted|p1a: Hippies Vs.
|-damage|p1a: Hippies Vs.|54/100 tox
|
|-heal|p1a: Hippies Vs.|60/100 tox|[from] item: Leftovers
|-damage|p1a: Hippies Vs.|54/100 tox|[from] psn
|-heal|p2a: Breloom|55/100 tox|[from] item: Leftovers
|-damage|p2a: Breloom|30/100 tox|[from] psn
|upkeep
|turn|229
|
|t:|1728945404
|switch|p2a: Blissey|Blissey, F|100/100
|move|p1a: Hippies Vs.|Rest|p1a: Hippies Vs.
|-status|p1a: Hippies Vs.|slp|[from] move: Rest
|-heal|p1a: Hippies Vs.|100/100 slp|[silent]
|
|upkeep
|turn|230
|
|t:|1728945408
|cant|p1a: Hippies Vs.|slp
|move|p2a: Blissey|Wish|p2a: Blissey
|
|upkeep
|turn|231
|
|t:|1728945411
|switch|p2a: Breloom|Breloom, F|30/100 tox
|cant|p1a: Hippies Vs.|slp
|
|-heal|p2a: Breloom|80/100 tox|[from] move: Wish|[wisher] Blissey
|-heal|p2a: Breloom|86/100 tox|[from] item: Leftovers
|-damage|p2a: Breloom|80/100 tox|[from] psn
|upkeep
|turn|232
|
|t:|1728945415
|switch|p1a: Mophead|Misdreavus, F|88/100
|switch|p2a: Blissey|Blissey, F|100/100
|
|-heal|p1a: Mophead|94/100|[from] item: Leftovers
|upkeep
|turn|233
|c|☆PuruglyIsUgly|I think the breloom poison + bad meta explode cost me the game
|
|t:|1728945444
|switch|p1a: Hippies Vs.|Moltres|100/100 slp
|switch|p2a: Claydol|Claydol|100/100
|
|upkeep
|turn|234
|
|t:|1728945454
|switch|p1a: Mophead|Misdreavus, F|94/100
|switch|p2a: Skarmory|Skarmory, F|79/100 par
|
|-heal|p1a: Mophead|100/100|[from] item: Leftovers
|-heal|p2a: Skarmory|85/100 par|[from] item: Leftovers
|upkeep
|turn|235
|
|t:|1728945462
|switch|p1a: Hippies Vs.|Moltres|100/100 slp
|move|p2a: Skarmory|Toxic||[still]
|-fail|p2a: Skarmory
|
|-heal|p2a: Skarmory|91/100 par|[from] item: Leftovers
|upkeep
|turn|236
|
|t:|1728945467
|switch|p2a: Blissey|Blissey, F|100/100
|-curestatus|p1a: Hippies Vs.|slp|[msg]
|move|p1a: Hippies Vs.|Flamethrower|p2a: Blissey
|-damage|p2a: Blissey|84/100
|
|-heal|p2a: Blissey|90/100|[from] item: Leftovers
|upkeep
|turn|237
|
|t:|1728945478
|switch|p2a: Skarmory|Skarmory, F|91/100 par
|move|p1a: Hippies Vs.|Toxic||[still]
|-fail|p1a: Hippies Vs.
|
|-heal|p2a: Skarmory|97/100 par|[from] item: Leftovers
|upkeep
|turn|238
|
|t:|1728945482
|switch|p1a: Mophead|Misdreavus, F|100/100
|switch|p2a: Blissey|Blissey, F|90/100
|
|-heal|p2a: Blissey|96/100|[from] item: Leftovers
|upkeep
|turn|239
|
|t:|1728945490
|switch|p2a: Skarmory|Skarmory, F|97/100 par
|move|p1a: Mophead|Thunderbolt|p2a: Skarmory
|-supereffective|p2a: Skarmory
|-damage|p2a: Skarmory|63/100 par
|
|-heal|p2a: Skarmory|69/100 par|[from] item: Leftovers
|upkeep
|turn|240
|
|t:|1728945496
|move|p1a: Mophead|Thunderbolt|p2a: Skarmory
|-supereffective|p2a: Skarmory
|-damage|p2a: Skarmory|31/100 par
|move|p2a: Skarmory|Toxic|p1a: Mophead
|-status|p1a: Mophead|tox
|
|-damage|p1a: Mophead|94/100 tox|[from] psn
|-heal|p2a: Skarmory|37/100 par|[from] item: Leftovers
|upkeep
|turn|241
|
|t:|1728945501
|switch|p1a: Hippies Vs.|Moltres|100/100
|move|p2a: Skarmory|Protect||[still]
|-fail|p2a: Skarmory
|
|-heal|p2a: Skarmory|43/100 par|[from] item: Leftovers
|upkeep
|turn|242
|
|t:|1728945505
|switch|p1a: Mophead|Misdreavus, F|94/100 tox
|switch|p2a: Blissey|Blissey, F|96/100
|
|-heal|p1a: Mophead|100/100 tox|[from] item: Leftovers
|-damage|p1a: Mophead|94/100 tox|[from] psn
|-heal|p2a: Blissey|100/100|[from] item: Leftovers
|upkeep
|turn|243
|
|t:|1728945510
|switch|p1a: Hippies Vs.|Moltres|100/100
|switch|p2a: Claydol|Claydol|100/100
|
|upkeep
|turn|244
|
|t:|1728945524
|switch|p1a: Mophead|Misdreavus, F|94/100 tox
|move|p2a: Claydol|Psychic|p1a: Mophead
|-damage|p1a: Mophead|74/100 tox
|
|-heal|p1a: Mophead|80/100 tox|[from] item: Leftovers
|-damage|p1a: Mophead|74/100 tox|[from] psn
|upkeep
|turn|245
|
|t:|1728945534
|switch|p2a: Breloom|Breloom, F|80/100 tox
|move|p1a: Mophead|Rest|p1a: Mophead
|-status|p1a: Mophead|slp|[from] move: Rest
|-heal|p1a: Mophead|100/100 slp|[silent]
|
|-heal|p2a: Breloom|86/100 tox|[from] item: Leftovers
|-damage|p2a: Breloom|80/100 tox|[from] psn
|upkeep
|turn|246
|
|t:|1728945541
|switch|p1a: Hippies Vs.|Moltres|100/100
|move|p2a: Breloom|Leech Seed|p1a: Hippies Vs.
|-start|p1a: Hippies Vs.|move: Leech Seed
|
|-damage|p1a: Hippies Vs.|88/100|[from] Leech Seed|[of] p2a: Breloom
|-heal|p2a: Breloom|97/100 tox|[silent]
|-heal|p2a: Breloom|100/100 tox|[from] item: Leftovers
|-damage|p2a: Breloom|88/100 tox|[from] psn
|upkeep
|turn|247
|
|t:|1728945546
|-singleturn|p2a: Breloom|move: Focus Punch
|switch|p1a: Mophead|Misdreavus, F|100/100 slp
|move|p2a: Breloom|Focus Punch|p1a: Mophead
|-immune|p1a: Mophead
|
|-heal|p2a: Breloom|94/100 tox|[from] item: Leftovers
|-damage|p2a: Breloom|76/100 tox|[from] psn
|upkeep
|turn|248
|
|t:|1728945551
|switch|p2a: Blissey|Blissey, F|100/100
|switch|p1a: Hippies Vs.|Moltres|88/100
|
|-heal|p1a: Hippies Vs.|94/100|[from] item: Leftovers
|upkeep
|turn|249
|c|☆PuruglyIsUgly|I'm curious - what's up with the missy set?
|
|t:|1728945575
|switch|p1a: Mophead|Misdreavus, F|100/100 slp
|switch|p2a: Skarmory|Skarmory, F|43/100 par
|
|-heal|p2a: Skarmory|49/100 par|[from] item: Leftovers
|upkeep
|turn|250
|
|t:|1728945580
|switch|p2a: Blissey|Blissey, F|100/100
|cant|p1a: Mophead|slp
|
|upkeep
|turn|251
|
|t:|1728945585
|switch|p2a: Skarmory|Skarmory, F|49/100 par
|cant|p1a: Mophead|slp
|
|-heal|p2a: Skarmory|55/100 par|[from] item: Leftovers
|upkeep
|turn|252
|
|t:|1728945591
|switch|p1a: Hippies Vs.|Moltres|94/100
|cant|p2a: Skarmory|par
|
|-heal|p1a: Hippies Vs.|99/100|[from] item: Leftovers
|-heal|p2a: Skarmory|61/100 par|[from] item: Leftovers
|upkeep
|turn|253
|
|t:|1728945597
|switch|p2a: Blissey|Blissey, F|100/100
|move|p1a: Hippies Vs.|Flamethrower|p2a: Blissey
|-damage|p2a: Blissey|84/100
|
|-heal|p1a: Hippies Vs.|100/100|[from] item: Leftovers
|-heal|p2a: Blissey|90/100|[from] item: Leftovers
|upkeep
|turn|254
|
|t:|1728945606
|switch|p2a: Skarmory|Skarmory, F|61/100 par
|move|p1a: Hippies Vs.|Toxic||[still]
|-fail|p1a: Hippies Vs.
|
|-heal|p2a: Skarmory|67/100 par|[from] item: Leftovers
|upkeep
|turn|255
|
|t:|1728945612
|switch|p2a: Blissey|Blissey, F|90/100
|move|p1a: Hippies Vs.|Toxic|p2a: Blissey
|-status|p2a: Blissey|tox
|
|-heal|p2a: Blissey|97/100 tox|[from] item: Leftovers
|-damage|p2a: Blissey|90/100 tox|[from] psn
|upkeep
|turn|256
|
|t:|1728945617
|-curestatus|p2a: Blissey|tox|[from] ability: Natural Cure
|switch|p2a: Claydol|Claydol|100/100
|move|p1a: Hippies Vs.|Protect||[still]
|-fail|p1a: Hippies Vs.
|
|upkeep
|turn|257
|
|t:|1728945623
|switch|p1a: Mophead|Misdreavus, F|100/100 slp
|switch|p2a: Blissey|Blissey, F|90/100
|
|-heal|p2a: Blissey|97/100|[from] item: Leftovers
|upkeep
|turn|258
|
|t:|1728945633
|switch|p1a: Hippies Vs.|Moltres|100/100
|switch|p2a: Skarmory|Skarmory, F|67/100 par
|
|-heal|p2a: Skarmory|73/100 par|[from] item: Leftovers
|upkeep
|turn|259
|
|t:|1728945638
|switch|p1a: Mophead|Misdreavus, F|100/100 slp
|switch|p2a: Blissey|Blissey, F|97/100
|
|-heal|p2a: Blissey|100/100|[from] item: Leftovers
|upkeep
|turn|260
|
|t:|1728945646
|switch|p1a: Repurposed Goods|Flygon, M, shiny|100/100 slp
|switch|p2a: Skarmory|Skarmory, F|73/100 par
|
|-heal|p2a: Skarmory|79/100 par|[from] item: Leftovers
|upkeep
|turn|261
|
|t:|1728945652
|switch|p1a: Mophead|Misdreavus, F|100/100 slp
|move|p2a: Skarmory|Spikes|p1a: Mophead
|-sidestart|p1: BongMoodeus|Spikes
|
|-heal|p2a: Skarmory|85/100 par|[from] item: Leftovers
|upkeep
|turn|262
|
|t:|1728945660
|switch|p1a: Repurposed Goods|Flygon, M, shiny|100/100 slp
|switch|p2a: Blissey|Blissey, F|100/100
|
|upkeep
|turn|263
|
|t:|1728945665
|switch|p1a: Hippies Vs.|Moltres|100/100
|switch|p2a: Skarmory|Skarmory, F|85/100 par
|
|-heal|p2a: Skarmory|91/100 par|[from] item: Leftovers
|upkeep
|turn|264
|
|t:|1728945670
|switch|p1a: Mophead|Misdreavus, F|100/100 slp
|switch|p2a: Blissey|Blissey, F|100/100
|
|upkeep
|turn|265
|
|t:|1728945680
|switch|p1a: Hippies Vs.|Moltres|100/100
|switch|p2a: Skarmory|Skarmory, F|91/100 par
|
|-heal|p2a: Skarmory|97/100 par|[from] item: Leftovers
|upkeep
|turn|266
|
|t:|1728945684
|switch|p1a: Mophead|Misdreavus, F|100/100 slp
|switch|p2a: Blissey|Blissey, F|100/100
|
|upkeep
|turn|267
|
|t:|1728945688
|switch|p1a: Hippies Vs.|Moltres|100/100
|switch|p2a: Skarmory|Skarmory, F|97/100 par
|
|-heal|p2a: Skarmory|100/100 par|[from] item: Leftovers
|upkeep
|turn|268
|
|t:|1728945695
|switch|p1a: Mophead|Misdreavus, F|100/100 slp
|move|p2a: Skarmory|Roar|p1a: Mophead
|drag|p1a: Repurposed Goods|Flygon, M, shiny|100/100 slp
|
|upkeep
|turn|269
|
|t:|1728945700
|switch|p1a: Hippies Vs.|Moltres|100/100
|move|p2a: Skarmory|Roar|p1a: Hippies Vs.
|drag|p1a: Mophead|Misdreavus, F|100/100 slp
|
|upkeep
|turn|270
|
|t:|1728945705
|switch|p1a: Hippies Vs.|Moltres|100/100
|cant|p2a: Skarmory|par
|
|upkeep
|turn|271
|
|t:|1728945711
|switch|p1a: Mophead|Misdreavus, F|100/100 slp
|cant|p2a: Skarmory|par
|
|upkeep
|turn|272
|
|t:|1728945715
|switch|p1a: Hippies Vs.|Moltres|100/100
|cant|p2a: Skarmory|par
|
|upkeep
|turn|273
|
|t:|1728945719
|switch|p1a: Mophead|Misdreavus, F|100/100 slp
|move|p2a: Skarmory|Roar|p1a: Mophead
|drag|p1a: Hippies Vs.|Moltres|100/100
|
|upkeep
|turn|274
|
|t:|1728945724
|switch|p1a: Mophead|Misdreavus, F|100/100 slp
|cant|p2a: Skarmory|par
|
|upkeep
|turn|275
|
|t:|1728945729
|switch|p1a: Hippies Vs.|Moltres|100/100
|move|p2a: Skarmory|Roar|p1a: Hippies Vs.
|drag|p1a: Town Song|Blissey, F, shiny|75/100
|-damage|p1a: Town Song|51/100|[from] Spikes
|
|-heal|p1a: Town Song|57/100|[from] item: Leftovers
|upkeep
|turn|276
|
|t:|1728945737
|move|p1a: Town Song|Soft-Boiled|p1a: Town Song
|-heal|p1a: Town Song|100/100
|move|p2a: Skarmory|Roar|p1a: Town Song
|drag|p1a: Repurposed Goods|Flygon, M, shiny|100/100 slp
|
|upkeep
|turn|277
|
|t:|1728945742
|switch|p1a: Hippies Vs.|Moltres|100/100
|move|p2a: Skarmory|Roar|p1a: Hippies Vs.
|drag|p1a: Town Song|Blissey, F, shiny|100/100
|-damage|p1a: Town Song|76/100|[from] Spikes
|
|-heal|p1a: Town Song|82/100|[from] item: Leftovers
|upkeep
|turn|278
|
|t:|1728945749
|switch|p2a: Breloom|Breloom, F|76/100 tox
|move|p1a: Town Song|Seismic Toss|p2a: Breloom
|-damage|p2a: Breloom|38/100 tox
|
|-heal|p2a: Breloom|44/100 tox|[from] item: Leftovers
|-damage|p2a: Breloom|38/100 tox|[from] psn
|-heal|p1a: Town Song|88/100|[from] item: Leftovers
|upkeep
|turn|279
|
|t:|1728945754
|switch|p1a: Hippies Vs.|Moltres|100/100
|move|p2a: Breloom|Leech Seed|p1a: Hippies Vs.
|-start|p1a: Hippies Vs.|move: Leech Seed
|
|-damage|p1a: Hippies Vs.|88/100|[from] Leech Seed|[of] p2a: Breloom
|-heal|p2a: Breloom|54/100 tox|[silent]
|-heal|p2a: Breloom|60/100 tox|[from] item: Leftovers
|-damage|p2a: Breloom|48/100 tox|[from] psn
|upkeep
|turn|280
|
|t:|1728945760
|-singleturn|p2a: Breloom|move: Focus Punch
|move|p1a: Hippies Vs.|Flamethrower|p2a: Breloom
|-supereffective|p2a: Breloom
|-damage|p2a: Breloom|0 fnt
|faint|p2a: Breloom
|
|t:|1728945773
|switch|p2a: Claydol|Claydol|100/100
|
|-heal|p1a: Hippies Vs.|94/100|[from] item: Leftovers
|-damage|p1a: Hippies Vs.|82/100|[from] Leech Seed|[of] p2a: Claydol
|upkeep
|turn|281
|c|☆PuruglyIsUgly|yeah, I think I can't win
|c|☆PuruglyIsUgly|gg
|c|☆BongMoodeus|gg wp
|-message|PuruglyIsUgly forfeited.
|
|win|BongMoodeus

</script>
<script type="application/json" class="data" id="replaydata-smogtours-gen3ou-798799">
{"id":"smogtours-gen3ou-798799","format":"[Gen 3] OU","players":["BongMoodeus","PuruglyIsUgly"],"uploadtime":1728945797,"views":121,"formatid":"gen3ou","rating":null,"private":0,"password":null}
</script>

<script defer src="js/replays.js?9d40a366"></script>
