<!DOCTYPE html>
<meta charset="utf-8" />
<meta name="viewport" content="width=device-width" />

<title>[Gen 3] OU: taccat vs. cheesimoon - Replays - Pok&eacute;mon Showdown!</title>

<meta name="description" content="Watch a replay of a Pok&eacute;mon battle between taccat and cheesimoon! Format: [Gen 3] OU; Date: Oct 16, 2024" />
<!--

Hey, you! Looking in the source for the replay log?

You can find them in JSON format, just add `.json` at the end of a replay URL.

https://replay.pokemonshowdown.com/gen7randomdoublesbattle-865046831.json

Or, if you only need the log itself, add `.log` instead:

https://replay.pokemonshowdown.com/gen7randomdoublesbattle-865046831.log

-->

<link rel="stylesheet" href="//pokemonshowdown.com/style/global.css?0.767286132409787" />
<link rel="stylesheet" href="//play.pokemonshowdown.com/style/font-awesome.css?0.9266228007934947" />
<link rel="stylesheet" href="//play.pokemonshowdown.com/style/battle.css?0.7924700842790926" />
<link rel="stylesheet" href="//play.pokemonshowdown.com/style/utilichart.css?0.8777417872839479" />

<!-- Global site tag (gtag.js) - Google Analytics -->
<script async src="https://www.googletagmanager.com/gtag/js?id=UA-26211653-1"></script>
<script>
  window.dataLayer = window.dataLayer || [];
  function gtag(){dataLayer.push(arguments);}
  gtag('js', new Date());

  gtag('config', 'UA-26211653-1');
</script>
<!-- End Google Analytics -->
<!-- Venatus Ad Manager - Install in <HEAD> of page -->
	<script src="https://hb.vntsm.com/v3/live/ad-manager.min.js" type="text/javascript" data-site-id="642aba63ec9a7b11c3c9c1be" data-mode="scan" async></script>
<!-- / Venatus Ad Manager -->

<style>
	@media (max-width:820px) {
		.battle {
			margin: 0 auto;
		}
		.battle-log {
			margin: 7px auto 0;
			max-width: 640px;
			height: 300px;
			position: static;
		}
	}
	.optgroup {
		display: inline-block;
		line-height: 22px;
		font-size: 10pt;
	}
	.optgroup .button {
		height: 25px;
		padding-top: 0;
		padding-bottom: 0;
	}
	.optgroup button.button {
		padding-left: 12px;
		padding-right: 12px;
	}
	.linklist {
		list-style: none;
		margin: 0.5em 0;
		padding: 0;
	}
	.linklist li {
		padding: 2px 0;
	}
	.sidebar {
		float: left;
		width: 320px;
	}
	.bar-wrapper {
		max-width: 1100px;
		margin: 0 auto;
	}
	.bar-wrapper.has-sidebar {
		max-width: 1430px;
	}
	.mainbar {
		margin: 0;
		padding-right: 1px;
	}
	.mainbar.has-sidebar {
		margin-left: 330px;
	}
	@media (min-width: 1511px) {
		.sidebar {
			width: 400px;
		}
		.bar-wrapper.has-sidebar {
			max-width: 1510px;
		}
		.mainbar.has-sidebar {
			margin-left: 410px;
		}
	}
	.section.first-section {
		margin-top: 9px;
	}
	.blocklink small {
		white-space: normal;
	}
	.button {
		vertical-align: middle;
	}
	.replay-controls {
		padding-top: 10px;
	}
	.replay-controls h1 {
		font-size: 16pt;
		font-weight: normal;
		color: #CCC;
	}
	.pagelink {
		text-align: center;
	}
	.pagelink a {
		width: 150px;
	}
	.textbox, .button {
		font-size: 11pt;
		vertical-align: middle;
	}
	@media (max-width: 450px) {
		.button {
			font-size: 9pt;
		}
	}
</style>

<div>

	<header>
		<div class="nav-wrapper"><ul class="nav">
			<li><a class="button nav-first" href="//pokemonshowdown.com/"><img src="//pokemonshowdown.com/images/pokemonshowdownbeta.png" srcset="//pokemonshowdown.com/images/pokemonshowdownbeta.png 1x, //pokemonshowdown.com/images/pokemonshowdownbeta@2x.png 2x" alt="Pok&eacute;mon Showdown" width="146" height="44" /> Home</a></li>
			<li><a class="button" href="//pokemonshowdown.com/dex/">Pok&eacute;dex</a></li>
			<li><a class="button cur" href="/">Replays</a></li>
			<li><a class="button" href="//pokemonshowdown.com/ladder/">Ladder</a></li>
			<li><a class="button nav-last" href="//pokemonshowdown.com/forums/">Forum</a></li>
			<li><a class="button greenbutton nav-first nav-last" href="//play.pokemonshowdown.com/">Play</a></li>
		</ul></div>
	</header>

	<div class="main" id="main">

		<noscript><section class="section">You need to enable JavaScript to use this page; sorry!</section></noscript>

	</div>

</div>

<script defer nomodule src="//play.pokemonshowdown.com/js/lib/ps-polyfill.js"></script>
<script defer src="//play.pokemonshowdown.com/js/lib/preact.min.js"></script>

<script defer src="//play.pokemonshowdown.com/config/config.js?6dec07f6"></script>
<script defer src="//play.pokemonshowdown.com/js/lib/jquery-1.11.0.min.js"></script>
<script defer src="//play.pokemonshowdown.com/js/lib/html-sanitizer-minified.js"></script>
<script defer src="//play.pokemonshowdown.com/js/battle-sound.js"></script>
<script defer src="//play.pokemonshowdown.com/js/battledata.js?0.6315294753075389"></script>
<script defer src="//play.pokemonshowdown.com/data/pokedex-mini.js?0.7603743185311358"></script>
<script defer src="//play.pokemonshowdown.com/data/pokedex-mini-bw.js?0.030888842834281283"></script>
<script defer src="//play.pokemonshowdown.com/data/graphics.js?0.05593094747507488"></script>
<script defer src="//play.pokemonshowdown.com/data/pokedex.js?0.47064822249611904"></script>
<script defer src="//play.pokemonshowdown.com/data/moves.js?0.8583693120512459"></script>
<script defer src="//play.pokemonshowdown.com/data/abilities.js?0.16017181182386842"></script>
<script defer src="//play.pokemonshowdown.com/data/items.js?0.4163379185673943"></script>
<script defer src="//play.pokemonshowdown.com/data/teambuilder-tables.js?0.31075597372830477"></script>
<script defer src="//play.pokemonshowdown.com/js/battle-tooltips.js?0.6536193500708172"></script>
<script defer src="//play.pokemonshowdown.com/js/battle.js?0.1916591943277901"></script>

<script defer src="js/utils.js?e31f9a17"></script>
<script defer src="js/replays-battle.js?7008c182"></script>

<!-- don't scrape this data! just add .json or .log after the URL!
Full API docs: https://github.com/smogon/pokemon-showdown-client/blob/master/WEB-API.md -->
<script type="text/plain" class="log" id="replaylog-smogtours-gen3ou-799150">
|inactive|Battle timer is ON: inactive players will automatically lose when time's up.
|t:|1729108877
|gametype|singles
|player|p1|taccat|ltsurge|
|player|p2|cheesimoon|102|
|teamsize|p1|6
|teamsize|p2|6
|gen|3
|tier|[Gen 3] OU
|rule|Sleep Clause Mod: Limit one foe put to sleep
|rule|Switch Priority Clause Mod: Faster Pokémon switch first
|rule|Species Clause: Limit one of each Pokémon
|rule|OHKO Clause: OHKO moves are banned
|rule|Evasion Items Clause: Evasion items are banned
|rule|Evasion Moves Clause: Evasion moves are banned
|rule|Endless Battle Clause: Forcing endless battles is banned
|rule|HP Percentage Mod: HP is shown in percentages
|rule|One Boost Passer Clause: Limit one Baton Passer that has a way to boost its stats
|rule|Freeze Clause Mod: Limit one foe frozen
|
|t:|1729108877
|start
|switch|p1a: Salamence|Salamence, F|100/100
|switch|p2a: Saiki|Metagross|100/100
|-ability|p1a: Salamence|Intimidate|boost
|-fail|p2a: Saiki|unboost|[from] ability: Clear Body|[of] p2a: Saiki
|turn|1
|
|t:|1729108884
|move|p1a: Salamence|Fire Blast|p2a: Saiki
|-supereffective|p2a: Saiki
|-damage|p2a: Saiki|10/100
|move|p2a: Saiki|Rock Slide|p1a: Salamence
|-supereffective|p1a: Salamence
|-damage|p1a: Salamence|0 fnt
|faint|p1a: Salamence
|
|t:|1729108892
|switch|p1a: Skarmory|Skarmory, M, shiny|100/100
|
|upkeep
|turn|2
|
|t:|1729108899
|move|p2a: Saiki|Rock Slide|p1a: Skarmory
|-damage|p1a: Skarmory|64/100
|move|p1a: Skarmory|Spikes|p2a: Saiki
|-sidestart|p2: cheesimoon|Spikes
|
|-heal|p1a: Skarmory|70/100|[from] item: Leftovers
|upkeep
|turn|3
|
|t:|1729108905
|switch|p2a: Hairo|Charizard, M|100/100
|move|p1a: Skarmory|Protect||[still]
|-fail|p1a: Skarmory
|
|-heal|p1a: Skarmory|76/100|[from] item: Leftovers
|upkeep
|turn|4
|
|t:|1729108912
|-singleturn|p2a: Hairo|move: Focus Punch
|switch|p1a: Tyranitar|Tyranitar, F|100/100
|-weather|Sandstorm|[from] ability: Sand Stream|[of] p1a: Tyranitar
|move|p2a: Hairo|Focus Punch|p1a: Tyranitar
|-supereffective|p1a: Tyranitar
|-damage|p1a: Tyranitar|3/100
|
|-weather|Sandstorm|[upkeep]
|-damage|p2a: Hairo|94/100|[from] Sandstorm
|-heal|p2a: Hairo|100/100|[from] item: Leftovers
|upkeep
|turn|5
|
|t:|1729108918
|move|p2a: Hairo|Dragon Claw|p1a: Tyranitar
|-damage|p1a: Tyranitar|0 fnt
|faint|p1a: Tyranitar
|
|t:|1729108922
|switch|p1a: Claydol|Claydol|100/100
|
|-weather|Sandstorm|[upkeep]
|-damage|p2a: Hairo|94/100|[from] Sandstorm
|-heal|p2a: Hairo|100/100|[from] item: Leftovers
|upkeep
|turn|6
|
|t:|1729108939
|switch|p2a: Teruhashi|Celebi|100/100
|-damage|p2a: Teruhashi|88/100|[from] Spikes
|move|p1a: Claydol|Psychic|p2a: Teruhashi
|-resisted|p2a: Teruhashi
|-damage|p2a: Teruhashi|81/100
|
|-weather|Sandstorm|[upkeep]
|-damage|p2a: Teruhashi|75/100|[from] Sandstorm
|-heal|p2a: Teruhashi|81/100|[from] item: Leftovers
|upkeep
|turn|7
|
|t:|1729108947
|switch|p1a: Blissey|Blissey, F, shiny|100/100
|move|p2a: Teruhashi|Leech Seed|p1a: Blissey|[miss]
|-miss|p2a: Teruhashi|p1a: Blissey
|
|-weather|Sandstorm|[upkeep]
|-damage|p2a: Teruhashi|75/100|[from] Sandstorm
|-damage|p1a: Blissey|94/100|[from] Sandstorm
|-heal|p2a: Teruhashi|81/100|[from] item: Leftovers
|-heal|p1a: Blissey|100/100|[from] item: Leftovers
|upkeep
|turn|8
|
|t:|1729108951
|move|p2a: Teruhashi|Leech Seed|p1a: Blissey
|-start|p1a: Blissey|move: Leech Seed
|move|p1a: Blissey|Calm Mind|p1a: Blissey
|-boost|p1a: Blissey|spa|1
|-boost|p1a: Blissey|spd|1
|
|-weather|Sandstorm|[upkeep]
|-damage|p2a: Teruhashi|75/100|[from] Sandstorm
|-damage|p1a: Blissey|94/100|[from] Sandstorm
|-heal|p2a: Teruhashi|81/100|[from] item: Leftovers
|-heal|p1a: Blissey|100/100|[from] item: Leftovers
|-damage|p1a: Blissey|88/100|[from] Leech Seed|[of] p2a: Teruhashi
|-heal|p2a: Teruhashi|100/100|[silent]
|upkeep
|turn|9
|
|t:|1729108954
|move|p2a: Teruhashi|Calm Mind|p2a: Teruhashi
|-boost|p2a: Teruhashi|spa|1
|-boost|p2a: Teruhashi|spd|1
|move|p1a: Blissey|Calm Mind|p1a: Blissey
|-boost|p1a: Blissey|spa|1
|-boost|p1a: Blissey|spd|1
|
|-weather|Sandstorm|[upkeep]
|-damage|p2a: Teruhashi|94/100|[from] Sandstorm
|-damage|p1a: Blissey|82/100|[from] Sandstorm
|-heal|p2a: Teruhashi|100/100|[from] item: Leftovers
|-heal|p1a: Blissey|88/100|[from] item: Leftovers
|-damage|p1a: Blissey|76/100|[from] Leech Seed|[of] p2a: Teruhashi
|upkeep
|turn|10
|
|t:|1729108957
|move|p2a: Teruhashi|Calm Mind|p2a: Teruhashi
|-boost|p2a: Teruhashi|spa|1
|-boost|p2a: Teruhashi|spd|1
|move|p1a: Blissey|Ice Beam|p2a: Teruhashi
|-supereffective|p2a: Teruhashi
|-damage|p2a: Teruhashi|65/100
|
|-weather|Sandstorm|[upkeep]
|-damage|p2a: Teruhashi|59/100|[from] Sandstorm
|-damage|p1a: Blissey|69/100|[from] Sandstorm
|-heal|p2a: Teruhashi|65/100|[from] item: Leftovers
|-heal|p1a: Blissey|76/100|[from] item: Leftovers
|-damage|p1a: Blissey|63/100|[from] Leech Seed|[of] p2a: Teruhashi
|-heal|p2a: Teruhashi|85/100|[silent]
|upkeep
|turn|11
|c|☆cheesimoon|let it begin
|
|t:|1729108962
|switch|p1a: Skarmory|Skarmory, M, shiny|76/100
|move|p2a: Teruhashi|Calm Mind|p2a: Teruhashi
|-boost|p2a: Teruhashi|spa|1
|-boost|p2a: Teruhashi|spd|1
|
|-weather|Sandstorm|[upkeep]
|-damage|p2a: Teruhashi|79/100|[from] Sandstorm
|-heal|p2a: Teruhashi|85/100|[from] item: Leftovers
|-heal|p1a: Skarmory|82/100|[from] item: Leftovers
|upkeep
|turn|12
|
|t:|1729108965
|move|p2a: Teruhashi|Leech Seed|p1a: Skarmory|[miss]
|-miss|p2a: Teruhashi|p1a: Skarmory
|move|p1a: Skarmory|Roar|p2a: Teruhashi
|drag|p2a: Hairo|Charizard, M|100/100
|
|-weather|Sandstorm|[upkeep]
|-damage|p2a: Hairo|94/100|[from] Sandstorm
|-heal|p2a: Hairo|100/100|[from] item: Leftovers
|-heal|p1a: Skarmory|88/100|[from] item: Leftovers
|upkeep
|turn|13
|
|t:|1729108973
|switch|p1a: Claydol|Claydol|100/100
|move|p2a: Hairo|Fire Blast|p1a: Claydol|[miss]
|-miss|p2a: Hairo|p1a: Claydol
|
|-weather|Sandstorm|[upkeep]
|-damage|p2a: Hairo|94/100|[from] Sandstorm
|-heal|p2a: Hairo|100/100|[from] item: Leftovers
|upkeep
|turn|14
|
|t:|1729108991
|switch|p2a: Teruhashi|Celebi|85/100
|-damage|p2a: Teruhashi|73/100|[from] Spikes
|switch|p1a: Skarmory|Skarmory, M, shiny|88/100
|
|-weather|Sandstorm|[upkeep]
|-damage|p2a: Teruhashi|67/100|[from] Sandstorm
|-heal|p2a: Teruhashi|73/100|[from] item: Leftovers
|-heal|p1a: Skarmory|94/100|[from] item: Leftovers
|upkeep
|turn|15
|
|t:|1729108997
|move|p2a: Teruhashi|Leech Seed|p1a: Skarmory
|-start|p1a: Skarmory|move: Leech Seed
|move|p1a: Skarmory|Toxic|p2a: Teruhashi
|-status|p2a: Teruhashi|tox
|
|-weather|Sandstorm|[upkeep]
|-damage|p2a: Teruhashi|67/100 tox|[from] Sandstorm
|-heal|p2a: Teruhashi|73/100 tox|[from] item: Leftovers
|-damage|p2a: Teruhashi|67/100 tox|[from] psn
|-heal|p1a: Skarmory|99/100|[from] item: Leftovers
|-damage|p1a: Skarmory|88/100|[from] Leech Seed|[of] p2a: Teruhashi
|-heal|p2a: Teruhashi|77/100 tox|[silent]
|upkeep
|turn|16
|
|t:|1729109005
|move|p2a: Teruhashi|Baton Pass|p2a: Teruhashi
|
|t:|1729109008
|-curestatus|p2a: Teruhashi|tox|[from] ability: Natural Cure
|switch|p2a: Hairo|Charizard, M|100/100|[from] Baton Pass
|move|p1a: Skarmory|Spikes|p2a: Hairo
|-sidestart|p2: cheesimoon|Spikes
|
|-weather|Sandstorm|[upkeep]
|-damage|p2a: Hairo|94/100|[from] Sandstorm
|-heal|p2a: Hairo|100/100|[from] item: Leftovers
|-heal|p1a: Skarmory|94/100|[from] item: Leftovers
|-damage|p1a: Skarmory|81/100|[from] Leech Seed|[of] p2a: Hairo
|upkeep
|turn|17
|
|t:|1729109013
|switch|p1a: Claydol|Claydol|100/100
|move|p2a: Hairo|Fire Blast|p1a: Claydol
|-damage|p1a: Claydol|48/100
|-status|p1a: Claydol|brn
|
|-weather|Sandstorm|[upkeep]
|-damage|p2a: Hairo|94/100|[from] Sandstorm
|-heal|p2a: Hairo|100/100|[from] item: Leftovers
|-heal|p1a: Claydol|54/100 brn|[from] item: Leftovers
|-damage|p1a: Claydol|42/100 brn|[from] brn
|upkeep
|turn|18
|
|t:|1729109021
|move|p2a: Hairo|Substitute|p2a: Hairo
|-start|p2a: Hairo|Substitute
|-damage|p2a: Hairo|76/100
|move|p1a: Claydol|Explosion|p2a: Hairo
|-end|p2a: Hairo|Substitute
|faint|p1a: Claydol
|
|t:|1729109025
|switch|p1a: Blissey|Blissey, F, shiny|63/100
|
|-weather|Sandstorm|[upkeep]
|-damage|p2a: Hairo|70/100|[from] Sandstorm
|-damage|p1a: Blissey|57/100|[from] Sandstorm
|-heal|p2a: Hairo|76/100|[from] item: Leftovers
|-heal|p1a: Blissey|63/100|[from] item: Leftovers
|upkeep
|turn|19
|
|t:|1729109038
|switch|p2a: Saiki|Metagross|10/100
|-damage|p2a: Saiki|0 fnt|[from] Spikes
|faint|p2a: Saiki
|
|t:|1729109041
|switch|p2a: Nendo|Tyranitar, M|100/100
|-damage|p2a: Nendo|84/100|[from] Spikes
|
|-weather|Sandstorm|[upkeep]
|-damage|p1a: Blissey|57/100|[from] Sandstorm
|-heal|p2a: Nendo|90/100|[from] item: Leftovers
|-heal|p1a: Blissey|63/100|[from] item: Leftovers
|upkeep
|turn|20
|
|t:|1729109050
|switch|p1a: Skarmory|Skarmory, M, shiny|81/100
|move|p2a: Nendo|Rock Slide|p1a: Skarmory
|-damage|p1a: Skarmory|48/100
|
|-weather|Sandstorm|[upkeep]
|-heal|p1a: Skarmory|54/100|[from] item: Leftovers
|-heal|p2a: Nendo|96/100|[from] item: Leftovers
|upkeep
|turn|21
|
|t:|1729109057
|-singleturn|p2a: Nendo|move: Focus Punch
|move|p1a: Skarmory|Toxic|p2a: Nendo
|-status|p2a: Nendo|tox
|move|p2a: Nendo|Focus Punch|p1a: Skarmory
|-damage|p1a: Skarmory|12/100
|
|-weather|Sandstorm|[upkeep]
|-heal|p1a: Skarmory|18/100|[from] item: Leftovers
|-heal|p2a: Nendo|100/100 tox|[from] item: Leftovers
|-damage|p2a: Nendo|94/100 tox|[from] psn
|upkeep
|turn|22
|
|t:|1729109066
|-singleturn|p2a: Nendo|move: Focus Punch
|move|p1a: Skarmory|Protect|p1a: Skarmory
|-singleturn|p1a: Skarmory|Protect
|move|p2a: Nendo|Focus Punch|p1a: Skarmory
|-activate|p1a: Skarmory|Protect
|
|-weather|Sandstorm|[upkeep]
|-heal|p1a: Skarmory|24/100|[from] item: Leftovers
|-heal|p2a: Nendo|100/100 tox|[from] item: Leftovers
|-damage|p2a: Nendo|88/100 tox|[from] psn
|upkeep
|turn|23
|
|t:|1729109072
|-singleturn|p2a: Nendo|move: Focus Punch
|move|p2a: Nendo|Focus Punch|p1a: Skarmory
|-damage|p1a: Skarmory|0 fnt
|faint|p1a: Skarmory
|
|t:|1729109081
|switch|p1a: Metagross|Metagross, shiny|100/100
|
|-weather|Sandstorm|[upkeep]
|-heal|p2a: Nendo|94/100 tox|[from] item: Leftovers
|-damage|p2a: Nendo|76/100 tox|[from] psn
|upkeep
|turn|24
|
|t:|1729109085
|move|p1a: Metagross|Meteor Mash|p2a: Nendo
|-supereffective|p2a: Nendo
|-damage|p2a: Nendo|0 fnt
|-boost|p1a: Metagross|atk|1
|faint|p2a: Nendo
|
|t:|1729109097
|switch|p2a: Hairo|Charizard, M|76/100
|
|-weather|Sandstorm|[upkeep]
|-damage|p2a: Hairo|70/100|[from] Sandstorm
|-heal|p2a: Hairo|76/100|[from] item: Leftovers
|upkeep
|turn|25
|
|t:|1729109113
|move|p2a: Hairo|Substitute|p2a: Hairo
|-start|p2a: Hairo|Substitute
|-damage|p2a: Hairo|51/100
|move|p1a: Metagross|Explosion|p2a: Hairo
|-end|p2a: Hairo|Substitute
|faint|p1a: Metagross
|
|t:|1729109118
|switch|p1a: Blissey|Blissey, F, shiny|63/100
|
|-weather|Sandstorm|[upkeep]
|-damage|p2a: Hairo|45/100|[from] Sandstorm
|-damage|p1a: Blissey|57/100|[from] Sandstorm
|-heal|p2a: Hairo|51/100|[from] item: Leftovers
|-heal|p1a: Blissey|63/100|[from] item: Leftovers
|upkeep
|turn|26
|
|t:|1729109123
|move|p2a: Hairo|Substitute|p2a: Hairo
|-start|p2a: Hairo|Substitute
|-damage|p2a: Hairo|26/100
|move|p1a: Blissey|Thunderbolt|p2a: Hairo
|-supereffective|p2a: Hairo
|-end|p2a: Hairo|Substitute
|
|-weather|Sandstorm|[upkeep]
|-damage|p2a: Hairo|20/100|[from] Sandstorm
|-damage|p1a: Blissey|57/100|[from] Sandstorm
|-heal|p2a: Hairo|26/100|[from] item: Leftovers
|-heal|p1a: Blissey|63/100|[from] item: Leftovers
|upkeep
|turn|27
|
|t:|1729109126
|move|p2a: Hairo|Fire Blast|p1a: Blissey
|-damage|p1a: Blissey|28/100
|move|p1a: Blissey|Thunderbolt|p2a: Hairo
|-supereffective|p2a: Hairo
|-damage|p2a: Hairo|0 fnt
|faint|p2a: Hairo
|
|t:|1729109132
|switch|p2a: Teruhashi|Celebi|77/100
|-damage|p2a: Teruhashi|60/100|[from] Spikes
|
|-weather|Sandstorm|[upkeep]
|-damage|p2a: Teruhashi|54/100|[from] Sandstorm
|-damage|p1a: Blissey|22/100|[from] Sandstorm
|-heal|p2a: Teruhashi|60/100|[from] item: Leftovers
|-heal|p1a: Blissey|28/100|[from] item: Leftovers
|upkeep
|turn|28
|
|t:|1729109135
|move|p2a: Teruhashi|Leech Seed|p1a: Blissey
|-start|p1a: Blissey|move: Leech Seed
|move|p1a: Blissey|Soft-Boiled|p1a: Blissey
|-heal|p1a: Blissey|78/100
|
|-weather|Sandstorm|[upkeep]
|-damage|p2a: Teruhashi|54/100|[from] Sandstorm
|-damage|p1a: Blissey|72/100|[from] Sandstorm
|-heal|p2a: Teruhashi|60/100|[from] item: Leftovers
|-heal|p1a: Blissey|78/100|[from] item: Leftovers
|-damage|p1a: Blissey|66/100|[from] Leech Seed|[of] p2a: Teruhashi
|-heal|p2a: Teruhashi|80/100|[silent]
|upkeep
|turn|29
|
|t:|1729109138
|move|p2a: Teruhashi|Calm Mind|p2a: Teruhashi
|-boost|p2a: Teruhashi|spa|1
|-boost|p2a: Teruhashi|spd|1
|move|p1a: Blissey|Calm Mind|p1a: Blissey
|-boost|p1a: Blissey|spa|1
|-boost|p1a: Blissey|spd|1
|
|-weather|Sandstorm|[upkeep]
|-damage|p2a: Teruhashi|74/100|[from] Sandstorm
|-damage|p1a: Blissey|60/100|[from] Sandstorm
|-heal|p2a: Teruhashi|80/100|[from] item: Leftovers
|-heal|p1a: Blissey|66/100|[from] item: Leftovers
|-damage|p1a: Blissey|53/100|[from] Leech Seed|[of] p2a: Teruhashi
|-heal|p2a: Teruhashi|100/100|[silent]
|upkeep
|turn|30
|
|t:|1729109141
|move|p2a: Teruhashi|Calm Mind|p2a: Teruhashi
|-boost|p2a: Teruhashi|spa|1
|-boost|p2a: Teruhashi|spd|1
|move|p1a: Blissey|Soft-Boiled|p1a: Blissey
|-heal|p1a: Blissey|100/100
|
|-weather|Sandstorm|[upkeep]
|-damage|p2a: Teruhashi|94/100|[from] Sandstorm
|-damage|p1a: Blissey|94/100|[from] Sandstorm
|-heal|p2a: Teruhashi|100/100|[from] item: Leftovers
|-heal|p1a: Blissey|100/100|[from] item: Leftovers
|-damage|p1a: Blissey|88/100|[from] Leech Seed|[of] p2a: Teruhashi
|upkeep
|turn|31
|
|t:|1729109144
|move|p2a: Teruhashi|Calm Mind|p2a: Teruhashi
|-boost|p2a: Teruhashi|spa|1
|-boost|p2a: Teruhashi|spd|1
|move|p1a: Blissey|Calm Mind|p1a: Blissey
|-boost|p1a: Blissey|spa|1
|-boost|p1a: Blissey|spd|1
|
|-weather|Sandstorm|[upkeep]
|-damage|p2a: Teruhashi|94/100|[from] Sandstorm
|-damage|p1a: Blissey|82/100|[from] Sandstorm
|-heal|p2a: Teruhashi|100/100|[from] item: Leftovers
|-heal|p1a: Blissey|88/100|[from] item: Leftovers
|-damage|p1a: Blissey|76/100|[from] Leech Seed|[of] p2a: Teruhashi
|upkeep
|turn|32
|
|t:|1729109147
|move|p2a: Teruhashi|Calm Mind|p2a: Teruhashi
|-boost|p2a: Teruhashi|spa|1
|-boost|p2a: Teruhashi|spd|1
|move|p1a: Blissey|Calm Mind|p1a: Blissey
|-boost|p1a: Blissey|spa|1
|-boost|p1a: Blissey|spd|1
|
|-weather|Sandstorm|[upkeep]
|-damage|p2a: Teruhashi|94/100|[from] Sandstorm
|-damage|p1a: Blissey|69/100|[from] Sandstorm
|-heal|p2a: Teruhashi|100/100|[from] item: Leftovers
|-heal|p1a: Blissey|76/100|[from] item: Leftovers
|-damage|p1a: Blissey|63/100|[from] Leech Seed|[of] p2a: Teruhashi
|upkeep
|turn|33
|
|t:|1729109149
|move|p2a: Teruhashi|Calm Mind|p2a: Teruhashi
|-boost|p2a: Teruhashi|spa|1
|-boost|p2a: Teruhashi|spd|1
|move|p1a: Blissey|Calm Mind|p1a: Blissey
|-boost|p1a: Blissey|spa|1
|-boost|p1a: Blissey|spd|1
|
|-weather|Sandstorm|[upkeep]
|-damage|p2a: Teruhashi|94/100|[from] Sandstorm
|-damage|p1a: Blissey|57/100|[from] Sandstorm
|-heal|p2a: Teruhashi|100/100|[from] item: Leftovers
|-heal|p1a: Blissey|63/100|[from] item: Leftovers
|-damage|p1a: Blissey|51/100|[from] Leech Seed|[of] p2a: Teruhashi
|upkeep
|turn|34
|
|t:|1729109152
|move|p2a: Teruhashi|Calm Mind|p2a: Teruhashi
|-boost|p2a: Teruhashi|spa|1
|-boost|p2a: Teruhashi|spd|1
|move|p1a: Blissey|Soft-Boiled|p1a: Blissey
|-heal|p1a: Blissey|100/100
|
|-weather|Sandstorm|[upkeep]
|-damage|p2a: Teruhashi|94/100|[from] Sandstorm
|-damage|p1a: Blissey|94/100|[from] Sandstorm
|-heal|p2a: Teruhashi|100/100|[from] item: Leftovers
|-heal|p1a: Blissey|100/100|[from] item: Leftovers
|-damage|p1a: Blissey|88/100|[from] Leech Seed|[of] p2a: Teruhashi
|upkeep
|turn|35
|
|t:|1729109160
|move|p2a: Teruhashi|Baton Pass|p2a: Teruhashi
|
|t:|1729109168
|switch|p2a: Mera|Swampert, F|100/100|[from] Baton Pass
|-damage|p2a: Mera|84/100|[from] Spikes
|move|p1a: Blissey|Calm Mind|p1a: Blissey
|-boost|p1a: Blissey|spa|1
|-boost|p1a: Blissey|spd|1
|
|-weather|Sandstorm|[upkeep]
|-damage|p1a: Blissey|82/100|[from] Sandstorm
|-heal|p1a: Blissey|88/100|[from] item: Leftovers
|-damage|p1a: Blissey|76/100|[from] Leech Seed|[of] p2a: Mera
|-heal|p2a: Mera|100/100|[silent]
|upkeep
|turn|36
|
|t:|1729109171
|move|p1a: Blissey|Ice Beam|p2a: Mera
|-damage|p2a: Mera|80/100
|move|p2a: Mera|Earthquake|p1a: Blissey
|-damage|p1a: Blissey|39/100
|
|-weather|Sandstorm|[upkeep]
|-damage|p1a: Blissey|33/100|[from] Sandstorm
|-heal|p1a: Blissey|39/100|[from] item: Leftovers
|-damage|p1a: Blissey|27/100|[from] Leech Seed|[of] p2a: Mera
|-heal|p2a: Mera|99/100|[silent]
|-heal|p2a: Mera|100/100|[from] item: Leftovers
|upkeep
|turn|37
|
|t:|1729109176
|move|p1a: Blissey|Soft-Boiled|p1a: Blissey
|-heal|p1a: Blissey|77/100
|move|p2a: Mera|Earthquake|p1a: Blissey
|-damage|p1a: Blissey|35/100
|
|-weather|Sandstorm|[upkeep]
|-damage|p1a: Blissey|29/100|[from] Sandstorm
|-heal|p1a: Blissey|35/100|[from] item: Leftovers
|-damage|p1a: Blissey|22/100|[from] Leech Seed|[of] p2a: Mera
|upkeep
|turn|38
|
|t:|1729109178
|move|p1a: Blissey|Soft-Boiled|p1a: Blissey
|-heal|p1a: Blissey|72/100
|move|p2a: Mera|Earthquake|p1a: Blissey
|-damage|p1a: Blissey|35/100
|
|-weather|Sandstorm|[upkeep]
|-damage|p1a: Blissey|29/100|[from] Sandstorm
|-heal|p1a: Blissey|35/100|[from] item: Leftovers
|-damage|p1a: Blissey|23/100|[from] Leech Seed|[of] p2a: Mera
|upkeep
|turn|39
|
|t:|1729109181
|move|p1a: Blissey|Ice Beam|p2a: Mera
|-damage|p2a: Mera|81/100
|move|p2a: Mera|Earthquake|p1a: Blissey
|-damage|p1a: Blissey|0 fnt
|faint|p1a: Blissey
|
|win|cheesimoon
|c|☆taccat|gg!
|c|☆cheesimoon|gg
|c|☆cheesimoon|wow that was close
|c|☆taccat|yeah fun set!

</script>
<script type="application/json" class="data" id="replaydata-smogtours-gen3ou-799150">
{"id":"smogtours-gen3ou-799150","format":"[Gen 3] OU","players":["taccat","cheesimoon"],"uploadtime":1729109181,"views":87,"formatid":"gen3ou","rating":null,"private":0,"password":null}
</script>

<script defer src="js/replays.js?9d40a366"></script>
