<!DOCTYPE html>
<meta charset="utf-8" />
<meta name="viewport" content="width=device-width" />

<title>[Gen 3] OU: lunarvania vs. somnanana - Replays - Pok&eacute;mon Showdown!</title>

<meta name="description" content="Watch a replay of a Pok&eacute;mon battle between lunarvania and somnanana! Format: [Gen 3] OU; Date: Oct 18, 2024" />
<!--

Hey, you! Looking in the source for the replay log?

You can find them in JSON format, just add `.json` at the end of a replay URL.

https://replay.pokemonshowdown.com/gen7randomdoublesbattle-865046831.json

Or, if you only need the log itself, add `.log` instead:

https://replay.pokemonshowdown.com/gen7randomdoublesbattle-865046831.log

-->

<link rel="stylesheet" href="//pokemonshowdown.com/style/global.css?0.767286132409787" />
<link rel="stylesheet" href="//play.pokemonshowdown.com/style/font-awesome.css?0.9266228007934947" />
<link rel="stylesheet" href="//play.pokemonshowdown.com/style/battle.css?0.7924700842790926" />
<link rel="stylesheet" href="//play.pokemonshowdown.com/style/utilichart.css?0.8777417872839479" />

<!-- Global site tag (gtag.js) - Google Analytics -->
<script async src="https://www.googletagmanager.com/gtag/js?id=UA-26211653-1"></script>
<script>
  window.dataLayer = window.dataLayer || [];
  function gtag(){dataLayer.push(arguments);}
  gtag('js', new Date());

  gtag('config', 'UA-26211653-1');
</script>
<!-- End Google Analytics -->
<!-- Venatus Ad Manager - Install in <HEAD> of page -->
	<script src="https://hb.vntsm.com/v3/live/ad-manager.min.js" type="text/javascript" data-site-id="642aba63ec9a7b11c3c9c1be" data-mode="scan" async></script>
<!-- / Venatus Ad Manager -->

<style>
	@media (max-width:820px) {
		.battle {
			margin: 0 auto;
		}
		.battle-log {
			margin: 7px auto 0;
			max-width: 640px;
			height: 300px;
			position: static;
		}
	}
	.optgroup {
		display: inline-block;
		line-height: 22px;
		font-size: 10pt;
	}
	.optgroup .button {
		height: 25px;
		padding-top: 0;
		padding-bottom: 0;
	}
	.optgroup button.button {
		padding-left: 12px;
		padding-right: 12px;
	}
	.linklist {
		list-style: none;
		margin: 0.5em 0;
		padding: 0;
	}
	.linklist li {
		padding: 2px 0;
	}
	.sidebar {
		float: left;
		width: 320px;
	}
	.bar-wrapper {
		max-width: 1100px;
		margin: 0 auto;
	}
	.bar-wrapper.has-sidebar {
		max-width: 1430px;
	}
	.mainbar {
		margin: 0;
		padding-right: 1px;
	}
	.mainbar.has-sidebar {
		margin-left: 330px;
	}
	@media (min-width: 1511px) {
		.sidebar {
			width: 400px;
		}
		.bar-wrapper.has-sidebar {
			max-width: 1510px;
		}
		.mainbar.has-sidebar {
			margin-left: 410px;
		}
	}
	.section.first-section {
		margin-top: 9px;
	}
	.blocklink small {
		white-space: normal;
	}
	.button {
		vertical-align: middle;
	}
	.replay-controls {
		padding-top: 10px;
	}
	.replay-controls h1 {
		font-size: 16pt;
		font-weight: normal;
		color: #CCC;
	}
	.pagelink {
		text-align: center;
	}
	.pagelink a {
		width: 150px;
	}
	.textbox, .button {
		font-size: 11pt;
		vertical-align: middle;
	}
	@media (max-width: 450px) {
		.button {
			font-size: 9pt;
		}
	}
</style>

<div>

	<header>
		<div class="nav-wrapper"><ul class="nav">
			<li><a class="button nav-first" href="//pokemonshowdown.com/"><img src="//pokemonshowdown.com/images/pokemonshowdownbeta.png" srcset="//pokemonshowdown.com/images/pokemonshowdownbeta.png 1x, //pokemonshowdown.com/images/pokemonshowdownbeta@2x.png 2x" alt="Pok&eacute;mon Showdown" width="146" height="44" /> Home</a></li>
			<li><a class="button" href="//pokemonshowdown.com/dex/">Pok&eacute;dex</a></li>
			<li><a class="button cur" href="/">Replays</a></li>
			<li><a class="button" href="//pokemonshowdown.com/ladder/">Ladder</a></li>
			<li><a class="button nav-last" href="//pokemonshowdown.com/forums/">Forum</a></li>
			<li><a class="button greenbutton nav-first nav-last" href="//play.pokemonshowdown.com/">Play</a></li>
		</ul></div>
	</header>

	<div class="main" id="main">

		<noscript><section class="section">You need to enable JavaScript to use this page; sorry!</section></noscript>

	</div>

</div>

<script defer nomodule src="//play.pokemonshowdown.com/js/lib/ps-polyfill.js"></script>
<script defer src="//play.pokemonshowdown.com/js/lib/preact.min.js"></script>

<script defer src="//play.pokemonshowdown.com/config/config.js?6dec07f6"></script>
<script defer src="//play.pokemonshowdown.com/js/lib/jquery-1.11.0.min.js"></script>
<script defer src="//play.pokemonshowdown.com/js/lib/html-sanitizer-minified.js"></script>
<script defer src="//play.pokemonshowdown.com/js/battle-sound.js"></script>
<script defer src="//play.pokemonshowdown.com/js/battledata.js?0.6315294753075389"></script>
<script defer src="//play.pokemonshowdown.com/data/pokedex-mini.js?0.7603743185311358"></script>
<script defer src="//play.pokemonshowdown.com/data/pokedex-mini-bw.js?0.030888842834281283"></script>
<script defer src="//play.pokemonshowdown.com/data/graphics.js?0.05593094747507488"></script>
<script defer src="//play.pokemonshowdown.com/data/pokedex.js?0.47064822249611904"></script>
<script defer src="//play.pokemonshowdown.com/data/moves.js?0.8583693120512459"></script>
<script defer src="//play.pokemonshowdown.com/data/abilities.js?0.16017181182386842"></script>
<script defer src="//play.pokemonshowdown.com/data/items.js?0.4163379185673943"></script>
<script defer src="//play.pokemonshowdown.com/data/teambuilder-tables.js?0.31075597372830477"></script>
<script defer src="//play.pokemonshowdown.com/js/battle-tooltips.js?0.6536193500708172"></script>
<script defer src="//play.pokemonshowdown.com/js/battle.js?0.1916591943277901"></script>

<script defer src="js/utils.js?e31f9a17"></script>
<script defer src="js/replays-battle.js?7008c182"></script>

<!-- don't scrape this data! just add .json or .log after the URL!
Full API docs: https://github.com/smogon/pokemon-showdown-client/blob/master/WEB-API.md -->
<script type="text/plain" class="log" id="replaylog-smogtours-gen3ou-799600">
|inactive|Battle timer is ON: inactive players will automatically lose when time's up.
|t:|1729275656
|gametype|singles
|player|p1|lunarvania|1|
|player|p2|somnanana|1|
|teamsize|p1|6
|teamsize|p2|6
|gen|3
|tier|[Gen 3] OU
|rule|Sleep Clause Mod: Limit one foe put to sleep
|rule|Switch Priority Clause Mod: Faster Pokémon switch first
|rule|Species Clause: Limit one of each Pokémon
|rule|OHKO Clause: OHKO moves are banned
|rule|Evasion Items Clause: Evasion items are banned
|rule|Evasion Moves Clause: Evasion moves are banned
|rule|Endless Battle Clause: Forcing endless battles is banned
|rule|HP Percentage Mod: HP is shown in percentages
|rule|One Boost Passer Clause: Limit one Baton Passer that has a way to boost its stats
|rule|Freeze Clause Mod: Limit one foe frozen
|
|t:|1729275656
|start
|switch|p1a: Zapdos|Zapdos|100/100
|switch|p2a: The Axe|Salamence, M|100/100
|-ability|p2a: The Axe|Intimidate|boost
|-unboost|p1a: Zapdos|atk|1
|turn|1
|c|☆somnanana|glhf
|c|☆lunarvania|u2
|
|t:|1729275674
|switch|p2a: Pure Bliss|Blissey, F|100/100
|move|p1a: Zapdos|Thunderbolt|p2a: Pure Bliss
|-damage|p2a: Pure Bliss|81/100
|
|-heal|p2a: Pure Bliss|88/100|[from] item: Leftovers
|upkeep
|turn|2
|
|t:|1729275682
|move|p1a: Zapdos|Baton Pass|p1a: Zapdos
|
|t:|1729275691
|switch|p1a: Metagross|Metagross|100/100|[from] Baton Pass
|move|p2a: Pure Bliss|Ice Beam|p1a: Metagross
|-resisted|p1a: Metagross
|-damage|p1a: Metagross|89/100
|
|-heal|p2a: Pure Bliss|94/100|[from] item: Leftovers
|upkeep
|turn|3
|
|t:|1729275711
|move|p1a: Metagross|Rock Slide|p2a: Pure Bliss
|-damage|p2a: Pure Bliss|66/100
|move|p2a: Pure Bliss|Soft-Boiled|p2a: Pure Bliss
|-heal|p2a: Pure Bliss|100/100
|
|upkeep
|turn|4
|inactive|somnanana has 270 seconds left.
|inactive|somnanana has 240 seconds left.
|
|t:|1729275777
|switch|p1a: Swampert|Swampert, F|100/100
|switch|p2a: Magnenot|Magneton|100/100
|
|upkeep
|turn|5
|
|t:|1729275786
|switch|p2a: Splish|Suicune|100/100
|move|p1a: Swampert|Earthquake|p2a: Splish
|-damage|p2a: Splish|81/100
|
|-heal|p2a: Splish|87/100|[from] item: Leftovers
|upkeep
|turn|6
|
|t:|1729275793
|switch|p1a: Zapdos|Zapdos|100/100
|move|p2a: Splish|Calm Mind|p2a: Splish
|-boost|p2a: Splish|spa|1
|-boost|p2a: Splish|spd|1
|
|-heal|p2a: Splish|93/100|[from] item: Leftovers
|upkeep
|turn|7
|inactive|somnanana has 240 seconds left.
|
|t:|1729275813
|switch|p2a: Pure Bliss|Blissey, F|100/100
|move|p1a: Zapdos|Thunderbolt|p2a: Pure Bliss
|-damage|p2a: Pure Bliss|80/100
|
|-heal|p2a: Pure Bliss|87/100|[from] item: Leftovers
|upkeep
|turn|8
|
|t:|1729275827
|switch|p1a: Tyranitar|Tyranitar, F|100/100
|-weather|Sandstorm|[from] ability: Sand Stream|[of] p1a: Tyranitar
|move|p2a: Pure Bliss|Ice Beam|p1a: Tyranitar
|-damage|p1a: Tyranitar|83/100
|
|-weather|Sandstorm|[upkeep]
|-damage|p2a: Pure Bliss|80/100|[from] Sandstorm
|-heal|p1a: Tyranitar|89/100|[from] item: Leftovers
|-heal|p2a: Pure Bliss|87/100|[from] item: Leftovers
|upkeep
|turn|9
|
|t:|1729275840
|-singleturn|p1a: Tyranitar|move: Focus Punch
|switch|p2a: Splish|Suicune|93/100
|move|p1a: Tyranitar|Focus Punch|p2a: Splish
|-damage|p2a: Splish|60/100
|
|-weather|Sandstorm|[upkeep]
|-damage|p2a: Splish|54/100|[from] Sandstorm
|-heal|p2a: Splish|60/100|[from] item: Leftovers
|-heal|p1a: Tyranitar|95/100|[from] item: Leftovers
|upkeep
|turn|10
|
|t:|1729275850
|-singleturn|p1a: Tyranitar|move: Focus Punch
|move|p2a: Splish|Surf|p1a: Tyranitar
|-supereffective|p1a: Tyranitar
|-damage|p1a: Tyranitar|45/100
|move|p1a: Tyranitar|Focus Punch||[still]
|cant|p1a: Tyranitar|Focus Punch|Focus Punch
|
|-weather|Sandstorm|[upkeep]
|-damage|p2a: Splish|54/100|[from] Sandstorm
|-heal|p2a: Splish|60/100|[from] item: Leftovers
|-heal|p1a: Tyranitar|51/100|[from] item: Leftovers
|upkeep
|turn|11
|
|t:|1729275861
|switch|p1a: Zapdos|Zapdos|100/100
|move|p2a: Splish|Surf|p1a: Zapdos
|-damage|p1a: Zapdos|64/100
|
|-weather|Sandstorm|[upkeep]
|-damage|p1a: Zapdos|58/100|[from] Sandstorm
|-damage|p2a: Splish|54/100|[from] Sandstorm
|-heal|p1a: Zapdos|64/100|[from] item: Leftovers
|-heal|p2a: Splish|60/100|[from] item: Leftovers
|upkeep
|turn|12
|
|t:|1729275866
|switch|p2a: Pure Bliss|Blissey, F|87/100
|move|p1a: Zapdos|Thunderbolt|p2a: Pure Bliss
|-damage|p2a: Pure Bliss|69/100
|
|-weather|Sandstorm|[upkeep]
|-damage|p1a: Zapdos|58/100|[from] Sandstorm
|-damage|p2a: Pure Bliss|63/100|[from] Sandstorm
|-heal|p1a: Zapdos|64/100|[from] item: Leftovers
|-heal|p2a: Pure Bliss|69/100|[from] item: Leftovers
|upkeep
|turn|13
|inactive|somnanana has 240 seconds left.
|
|t:|1729275878
|move|p1a: Zapdos|Baton Pass|p1a: Zapdos
|
|t:|1729275881
|switch|p1a: Metagross|Metagross|89/100|[from] Baton Pass
|move|p2a: Pure Bliss|Wish|p2a: Pure Bliss
|
|-weather|Sandstorm|[upkeep]
|-damage|p2a: Pure Bliss|63/100|[from] Sandstorm
|-heal|p2a: Pure Bliss|69/100|[from] item: Leftovers
|upkeep
|turn|14
|
|t:|1729275889
|switch|p2a: Splish|Suicune|60/100
|move|p1a: Metagross|Earthquake|p2a: Splish
|-damage|p2a: Splish|29/100
|
|-heal|p2a: Splish|79/100|[from] move: Wish|[wisher] Pure Bliss
|-weather|Sandstorm|[upkeep]
|-damage|p2a: Splish|73/100|[from] Sandstorm
|-heal|p2a: Splish|79/100|[from] item: Leftovers
|upkeep
|turn|15
|inactive|somnanana has 240 seconds left.
|
|t:|1729275936
|switch|p1a: Zapdos|Zapdos|64/100
|move|p2a: Splish|Calm Mind|p2a: Splish
|-boost|p2a: Splish|spa|1
|-boost|p2a: Splish|spd|1
|
|-weather|Sandstorm|[upkeep]
|-damage|p1a: Zapdos|58/100|[from] Sandstorm
|-damage|p2a: Splish|73/100|[from] Sandstorm
|-heal|p1a: Zapdos|64/100|[from] item: Leftovers
|-heal|p2a: Splish|79/100|[from] item: Leftovers
|upkeep
|turn|16
|inactive|somnanana has 210 seconds left.
|
|t:|1729275979
|switch|p2a: Pure Bliss|Blissey, F|69/100
|move|p1a: Zapdos|Thunderbolt|p2a: Pure Bliss
|-damage|p2a: Pure Bliss|48/100
|
|-weather|Sandstorm|[upkeep]
|-damage|p1a: Zapdos|58/100|[from] Sandstorm
|-damage|p2a: Pure Bliss|42/100|[from] Sandstorm
|-heal|p1a: Zapdos|64/100|[from] item: Leftovers
|-heal|p2a: Pure Bliss|48/100|[from] item: Leftovers
|upkeep
|turn|17
|
|t:|1729275984
|move|p1a: Zapdos|Baton Pass|p1a: Zapdos
|
|t:|1729275997
|switch|p1a: Tyranitar|Tyranitar, F|51/100|[from] Baton Pass
|move|p2a: Pure Bliss|Soft-Boiled|p2a: Pure Bliss
|-heal|p2a: Pure Bliss|98/100
|
|-weather|Sandstorm|[upkeep]
|-damage|p2a: Pure Bliss|92/100|[from] Sandstorm
|-heal|p1a: Tyranitar|57/100|[from] item: Leftovers
|-heal|p2a: Pure Bliss|98/100|[from] item: Leftovers
|upkeep
|turn|18
|
|t:|1729276005
|move|p1a: Tyranitar|Rock Slide|p2a: Pure Bliss
|-damage|p2a: Pure Bliss|59/100
|cant|p2a: Pure Bliss|flinch
|
|-weather|Sandstorm|[upkeep]
|-damage|p2a: Pure Bliss|52/100|[from] Sandstorm
|-heal|p1a: Tyranitar|64/100|[from] item: Leftovers
|-heal|p2a: Pure Bliss|59/100|[from] item: Leftovers
|upkeep
|turn|19
|inactive|somnanana has 210 seconds left.
|
|t:|1729276031
|switch|p2a: Splish|Suicune|79/100
|move|p1a: Tyranitar|Rock Slide|p2a: Splish
|-crit|p2a: Splish
|-damage|p2a: Splish|33/100
|
|-weather|Sandstorm|[upkeep]
|-damage|p2a: Splish|26/100|[from] Sandstorm
|-heal|p2a: Splish|33/100|[from] item: Leftovers
|-heal|p1a: Tyranitar|70/100|[from] item: Leftovers
|upkeep
|turn|20
|c|☆lunarvania|mb
|inactive|somnanana has 180 seconds left.
|c|☆somnanana|it happens
|
|t:|1729276059
|move|p2a: Splish|Surf|p1a: Tyranitar
|-supereffective|p1a: Tyranitar
|-damage|p1a: Tyranitar|16/100
|move|p1a: Tyranitar|Rock Slide|p2a: Splish
|-damage|p2a: Splish|10/100
|
|-weather|Sandstorm|[upkeep]
|-damage|p2a: Splish|4/100|[from] Sandstorm
|-heal|p2a: Splish|10/100|[from] item: Leftovers
|-heal|p1a: Tyranitar|22/100|[from] item: Leftovers
|upkeep
|turn|21
|inactive|somnanana has 180 seconds left.
|
|t:|1729276069
|move|p2a: Splish|Rest|p2a: Splish
|-status|p2a: Splish|slp|[from] move: Rest
|-heal|p2a: Splish|100/100 slp|[silent]
|move|p1a: Tyranitar|Rock Slide|p2a: Splish
|-damage|p2a: Splish|76/100 slp
|
|-weather|Sandstorm|[upkeep]
|-damage|p2a: Splish|69/100 slp|[from] Sandstorm
|-heal|p2a: Splish|76/100 slp|[from] item: Leftovers
|-heal|p1a: Tyranitar|28/100|[from] item: Leftovers
|upkeep
|turn|22
|inactive|somnanana has 180 seconds left.
|
|t:|1729276084
|-singleturn|p1a: Tyranitar|move: Focus Punch
|switch|p2a: Immune to Ground|Claydol|100/100
|move|p1a: Tyranitar|Focus Punch|p2a: Immune to Ground
|-resisted|p2a: Immune to Ground
|-damage|p2a: Immune to Ground|70/100
|
|-weather|Sandstorm|[upkeep]
|-heal|p2a: Immune to Ground|76/100|[from] item: Leftovers
|-heal|p1a: Tyranitar|35/100|[from] item: Leftovers
|upkeep
|turn|23
|c|☆lunarvania|wish magdol?
|inactive|lunarvania has 270 seconds left.
|
|t:|1729276120
|switch|p1a: Blissey|Blissey, F|100/100
|move|p2a: Immune to Ground|Earthquake|p1a: Blissey
|-damage|p1a: Blissey|64/100
|
|-weather|Sandstorm|[upkeep]
|-damage|p1a: Blissey|58/100|[from] Sandstorm
|-heal|p2a: Immune to Ground|82/100|[from] item: Leftovers
|-heal|p1a: Blissey|64/100|[from] item: Leftovers
|upkeep
|turn|24
|inactive|lunarvania has 270 seconds left.
|inactive|somnanana has 180 seconds left.
|
|t:|1729276142
|switch|p2a: Pure Bliss|Blissey, F|59/100
|move|p1a: Blissey|Soft-Boiled|p1a: Blissey
|-heal|p1a: Blissey|100/100
|
|-weather|Sandstorm|[upkeep]
|-damage|p2a: Pure Bliss|52/100|[from] Sandstorm
|-damage|p1a: Blissey|94/100|[from] Sandstorm
|-heal|p2a: Pure Bliss|59/100|[from] item: Leftovers
|-heal|p1a: Blissey|100/100|[from] item: Leftovers
|upkeep
|turn|25
|inactive|lunarvania has 270 seconds left.
|
|t:|1729276150
|move|p2a: Pure Bliss|Soft-Boiled|p2a: Pure Bliss
|-heal|p2a: Pure Bliss|100/100
|move|p1a: Blissey|Thunder Wave|p2a: Pure Bliss
|-status|p2a: Pure Bliss|par
|
|-weather|Sandstorm|[upkeep]
|-damage|p1a: Blissey|94/100|[from] Sandstorm
|-damage|p2a: Pure Bliss|94/100 par|[from] Sandstorm
|-heal|p1a: Blissey|100/100|[from] item: Leftovers
|-heal|p2a: Pure Bliss|100/100 par|[from] item: Leftovers
|upkeep
|turn|26
|
|t:|1729276159
|switch|p1a: Tyranitar|Tyranitar, F|35/100
|cant|p2a: Pure Bliss|par
|
|-weather|Sandstorm|[upkeep]
|-damage|p2a: Pure Bliss|94/100 par|[from] Sandstorm
|-heal|p1a: Tyranitar|41/100|[from] item: Leftovers
|-heal|p2a: Pure Bliss|100/100 par|[from] item: Leftovers
|upkeep
|turn|27
|inactive|somnanana has 180 seconds left.
|c|☆somnanana|ye
|inactive|somnanana has 150 seconds left.
|
|t:|1729276228
|-curestatus|p2a: Pure Bliss|par|[from] ability: Natural Cure
|switch|p2a: The Axe|Salamence, M|100/100
|-ability|p2a: The Axe|Intimidate|boost
|-unboost|p1a: Tyranitar|atk|1
|move|p1a: Tyranitar|Rock Slide|p2a: The Axe
|-supereffective|p2a: The Axe
|-damage|p2a: The Axe|26/100
|
|-weather|Sandstorm|[upkeep]
|-damage|p2a: The Axe|20/100|[from] Sandstorm
|-heal|p1a: Tyranitar|47/100|[from] item: Leftovers
|upkeep
|turn|28
|
|t:|1729276244
|move|p2a: The Axe|Earthquake|p1a: Tyranitar
|-supereffective|p1a: Tyranitar
|-damage|p1a: Tyranitar|0 fnt
|faint|p1a: Tyranitar
|
|t:|1729276247
|switch|p1a: Zapdos|Zapdos|64/100
|
|-weather|Sandstorm|[upkeep]
|-damage|p1a: Zapdos|58/100|[from] Sandstorm
|-damage|p2a: The Axe|14/100|[from] Sandstorm
|-heal|p1a: Zapdos|64/100|[from] item: Leftovers
|upkeep
|turn|29
|
|t:|1729276266
|switch|p2a: Pure Bliss|Blissey, F|100/100
|move|p1a: Zapdos|Thunderbolt|p2a: Pure Bliss
|-crit|p2a: Pure Bliss
|-damage|p2a: Pure Bliss|65/100
|
|-weather|Sandstorm|[upkeep]
|-damage|p1a: Zapdos|58/100|[from] Sandstorm
|-damage|p2a: Pure Bliss|59/100|[from] Sandstorm
|-heal|p1a: Zapdos|64/100|[from] item: Leftovers
|-heal|p2a: Pure Bliss|65/100|[from] item: Leftovers
|upkeep
|turn|30
|
|t:|1729276277
|move|p1a: Zapdos|Baton Pass|p1a: Zapdos
|
|t:|1729276284
|switch|p1a: Metagross|Metagross|89/100|[from] Baton Pass
|move|p2a: Pure Bliss|Wish|p2a: Pure Bliss
|
|-weather|Sandstorm|[upkeep]
|-damage|p2a: Pure Bliss|59/100|[from] Sandstorm
|-heal|p2a: Pure Bliss|65/100|[from] item: Leftovers
|upkeep
|turn|31
|inactive|somnanana has 120 seconds left.
|inactive|somnanana has 90 seconds left.
|
|t:|1729276360
|switch|p2a: Immune to Ground|Claydol|82/100
|move|p1a: Metagross|Meteor Mash|p2a: Immune to Ground
|-damage|p2a: Immune to Ground|0 fnt
|faint|p2a: Immune to Ground
|
|t:|1729276369
|switch|p2a: Magnenot|Magneton|100/100
|
|-weather|Sandstorm|[upkeep]
|upkeep
|turn|32
|
|t:|1729276376
|move|p2a: Magnenot|Thunderbolt|p1a: Metagross
|-damage|p1a: Metagross|22/100
|move|p1a: Metagross|Meteor Mash|p2a: Magnenot
|-resisted|p2a: Magnenot
|-damage|p2a: Magnenot|69/100
|
|-weather|Sandstorm|[upkeep]
|upkeep
|turn|33
|
|t:|1729276383
|move|p2a: Magnenot|Thunderbolt|p1a: Metagross
|-damage|p1a: Metagross|0 fnt
|faint|p1a: Metagross
|
|t:|1729276387
|switch|p1a: Swampert|Swampert, F|100/100
|
|-weather|Sandstorm|[upkeep]
|upkeep
|turn|34
|inactive|somnanana has 90 seconds left.
|
|t:|1729276397
|move|p2a: Magnenot|Toxic|p1a: Swampert
|-status|p1a: Swampert|tox
|move|p1a: Swampert|Earthquake|p2a: Magnenot
|-supereffective|p2a: Magnenot
|-damage|p2a: Magnenot|0 fnt
|faint|p2a: Magnenot
|
|t:|1729276410
|switch|p2a: Pure Bliss|Blissey, F|65/100
|
|-weather|Sandstorm|[upkeep]
|-damage|p2a: Pure Bliss|59/100|[from] Sandstorm
|-heal|p2a: Pure Bliss|65/100|[from] item: Leftovers
|-damage|p1a: Swampert|94/100 tox|[from] psn
|upkeep
|turn|35
|
|t:|1729276419
|switch|p1a: Skarmory|Skarmory, F|100/100
|move|p2a: Pure Bliss|Soft-Boiled|p2a: Pure Bliss
|-heal|p2a: Pure Bliss|100/100
|
|-weather|Sandstorm|[upkeep]
|-damage|p2a: Pure Bliss|94/100|[from] Sandstorm
|-heal|p2a: Pure Bliss|100/100|[from] item: Leftovers
|upkeep
|turn|36
|
|t:|1729276427
|move|p1a: Skarmory|Spikes|p2a: Pure Bliss
|-sidestart|p2: somnanana|Spikes
|move|p2a: Pure Bliss|Wish|p2a: Pure Bliss
|
|-weather|Sandstorm|[upkeep]
|-damage|p2a: Pure Bliss|94/100|[from] Sandstorm
|-heal|p2a: Pure Bliss|100/100|[from] item: Leftovers
|upkeep
|turn|37
|
|t:|1729276431
|switch|p2a: The Axe|Salamence, M|14/100
|-ability|p2a: The Axe|Intimidate|boost
|-unboost|p1a: Skarmory|atk|1
|move|p1a: Skarmory|Toxic|p2a: The Axe
|-status|p2a: The Axe|tox
|
|-heal|p2a: The Axe|64/100 tox|[from] move: Wish|[wisher] Pure Bliss
|-weather|Sandstorm|[upkeep]
|-damage|p2a: The Axe|57/100 tox|[from] Sandstorm
|-damage|p2a: The Axe|51/100 tox|[from] psn
|upkeep
|turn|38
|
|t:|1729276449
|switch|p2a: Splish|Suicune|76/100 slp
|-damage|p2a: Splish|63/100 slp|[from] Spikes
|move|p1a: Skarmory|Protect||[still]
|-fail|p1a: Skarmory
|
|-weather|Sandstorm|[upkeep]
|-damage|p2a: Splish|57/100 slp|[from] Sandstorm
|-heal|p2a: Splish|63/100 slp|[from] item: Leftovers
|upkeep
|turn|39
|
|t:|1729276455
|cant|p2a: Splish|slp
|move|p1a: Skarmory|Roar|p2a: Splish
|drag|p2a: The Axe|Salamence, M|51/100 tox
|-ability|p2a: The Axe|Intimidate|boost
|-unboost|p1a: Skarmory|atk|1
|
|-weather|Sandstorm|[upkeep]
|-damage|p2a: The Axe|45/100 tox|[from] Sandstorm
|-damage|p2a: The Axe|39/100 tox|[from] psn
|upkeep
|turn|40
|
|t:|1729276484
|move|p1a: Skarmory|Protect|p1a: Skarmory
|-singleturn|p1a: Skarmory|Protect
|move|p2a: The Axe|Rock Slide|p1a: Skarmory
|-activate|p1a: Skarmory|Protect
|
|-weather|Sandstorm|[upkeep]
|-damage|p2a: The Axe|33/100 tox|[from] Sandstorm
|-damage|p2a: The Axe|21/100 tox|[from] psn
|upkeep
|turn|41
|
|t:|1729276492
|move|p2a: The Axe|Rock Slide|p1a: Skarmory
|-damage|p1a: Skarmory|66/100
|move|p1a: Skarmory|Spikes|p2a: The Axe
|-sidestart|p2: somnanana|Spikes
|
|-weather|Sandstorm|[upkeep]
|-damage|p2a: The Axe|15/100 tox|[from] Sandstorm
|-damage|p2a: The Axe|0 fnt|[from] psn
|faint|p2a: The Axe
|-heal|p1a: Skarmory|72/100|[from] item: Leftovers
|upkeep
|inactive|somnanana has 90 seconds left.
|
|t:|1729276510
|switch|p2a: Pure Bliss|Blissey, F|100/100
|-damage|p2a: Pure Bliss|84/100|[from] Spikes
|turn|42
|
|t:|1729276518
|move|p1a: Skarmory|Spikes|p2a: Pure Bliss
|-sidestart|p2: somnanana|Spikes
|move|p2a: Pure Bliss|Wish|p2a: Pure Bliss
|
|-weather|Sandstorm|[upkeep]
|-damage|p2a: Pure Bliss|78/100|[from] Sandstorm
|-heal|p1a: Skarmory|78/100|[from] item: Leftovers
|-heal|p2a: Pure Bliss|84/100|[from] item: Leftovers
|upkeep
|turn|43
|
|t:|1729276524
|move|p2a: Pure Bliss|Seismic Toss|p1a: Skarmory
|-damage|p1a: Skarmory|48/100
|move|p1a: Skarmory|Roar|p2a: Pure Bliss
|drag|p2a: Splish|Suicune|63/100 slp
|-damage|p2a: Splish|38/100 slp|[from] Spikes
|
|-heal|p2a: Splish|88/100 slp|[from] move: Wish|[wisher] Pure Bliss
|-weather|Sandstorm|[upkeep]
|-damage|p2a: Splish|82/100 slp|[from] Sandstorm
|-heal|p2a: Splish|88/100 slp|[from] item: Leftovers
|-heal|p1a: Skarmory|54/100|[from] item: Leftovers
|upkeep
|turn|44
|
|t:|1729276534
|cant|p2a: Splish|slp
|move|p1a: Skarmory|Roar|p2a: Splish
|drag|p2a: Pure Bliss|Blissey, F|84/100
|-damage|p2a: Pure Bliss|59/100|[from] Spikes
|
|-weather|Sandstorm|[upkeep]
|-damage|p2a: Pure Bliss|53/100|[from] Sandstorm
|-heal|p1a: Skarmory|60/100|[from] item: Leftovers
|-heal|p2a: Pure Bliss|59/100|[from] item: Leftovers
|upkeep
|turn|45
|
|t:|1729276543
|move|p1a: Skarmory|Toxic|p2a: Pure Bliss
|-status|p2a: Pure Bliss|tox
|move|p2a: Pure Bliss|Wish|p2a: Pure Bliss
|
|-weather|Sandstorm|[upkeep]
|-damage|p2a: Pure Bliss|53/100 tox|[from] Sandstorm
|-heal|p1a: Skarmory|66/100|[from] item: Leftovers
|-heal|p2a: Pure Bliss|59/100 tox|[from] item: Leftovers
|-damage|p2a: Pure Bliss|53/100 tox|[from] psn
|upkeep
|turn|46
|
|t:|1729276550
|switch|p1a: Blissey|Blissey, F|100/100
|move|p2a: Pure Bliss|Soft-Boiled|p2a: Pure Bliss
|-heal|p2a: Pure Bliss|100/100 tox
|
|-weather|Sandstorm|[upkeep]
|-damage|p2a: Pure Bliss|94/100 tox|[from] Sandstorm
|-damage|p1a: Blissey|94/100|[from] Sandstorm
|-heal|p1a: Blissey|100/100|[from] item: Leftovers
|-heal|p2a: Pure Bliss|100/100 tox|[from] item: Leftovers
|-damage|p2a: Pure Bliss|88/100 tox|[from] psn
|upkeep
|turn|47
|
|t:|1729276559
|-curestatus|p2a: Pure Bliss|tox|[from] ability: Natural Cure
|switch|p2a: Watson|Metagross|100/100
|-damage|p2a: Watson|75/100|[from] Spikes
|move|p1a: Blissey|Thunder Wave|p2a: Watson
|-status|p2a: Watson|par
|
|-weather|Sandstorm|[upkeep]
|-damage|p1a: Blissey|94/100|[from] Sandstorm
|-heal|p1a: Blissey|100/100|[from] item: Leftovers
|-heal|p2a: Watson|82/100 par|[from] item: Leftovers
|upkeep
|turn|48
|
|t:|1729276569
|switch|p1a: Swampert|Swampert, F|94/100 tox
|cant|p2a: Watson|par
|
|-weather|Sandstorm|[upkeep]
|-heal|p1a: Swampert|100/100 tox|[from] item: Leftovers
|-damage|p1a: Swampert|94/100 tox|[from] psn
|-heal|p2a: Watson|88/100 par|[from] item: Leftovers
|upkeep
|turn|49
|
|t:|1729276579
|move|p1a: Swampert|Earthquake|p2a: Watson
|-supereffective|p2a: Watson
|-damage|p2a: Watson|31/100 par
|cant|p2a: Watson|par
|
|-weather|Sandstorm|[upkeep]
|-heal|p1a: Swampert|100/100 tox|[from] item: Leftovers
|-damage|p1a: Swampert|88/100 tox|[from] psn
|-heal|p2a: Watson|37/100 par|[from] item: Leftovers
|upkeep
|turn|50
|
|t:|1729276588
|switch|p2a: Pure Bliss|Blissey, F|88/100
|-damage|p2a: Pure Bliss|63/100|[from] Spikes
|move|p1a: Swampert|Earthquake|p2a: Pure Bliss
|-damage|p2a: Pure Bliss|27/100
|
|-weather|Sandstorm|[upkeep]
|-damage|p2a: Pure Bliss|20/100|[from] Sandstorm
|-heal|p2a: Pure Bliss|27/100|[from] item: Leftovers
|-heal|p1a: Swampert|94/100 tox|[from] item: Leftovers
|-damage|p1a: Swampert|76/100 tox|[from] psn
|upkeep
|turn|51
|
|t:|1729276611
|switch|p2a: Splish|Suicune|88/100 slp
|-damage|p2a: Splish|63/100 slp|[from] Spikes
|move|p1a: Swampert|Earthquake|p2a: Splish
|-damage|p2a: Splish|43/100 slp
|
|-weather|Sandstorm|[upkeep]
|-damage|p2a: Splish|37/100 slp|[from] Sandstorm
|-heal|p2a: Splish|43/100 slp|[from] item: Leftovers
|-heal|p1a: Swampert|82/100 tox|[from] item: Leftovers
|-damage|p1a: Swampert|57/100 tox|[from] psn
|upkeep
|turn|52
|inactive|somnanana has 120 seconds left.
|
|t:|1729276633
|switch|p1a: Skarmory|Skarmory, F|66/100
|-curestatus|p2a: Splish|slp|[msg]
|move|p2a: Splish|Rest|p2a: Splish
|-status|p2a: Splish|slp|[from] move: Rest
|-heal|p2a: Splish|100/100 slp|[silent]
|
|-weather|Sandstorm|[upkeep]
|-damage|p2a: Splish|94/100 slp|[from] Sandstorm
|-heal|p2a: Splish|100/100 slp|[from] item: Leftovers
|-heal|p1a: Skarmory|72/100|[from] item: Leftovers
|upkeep
|turn|53
|inactive|somnanana has 120 seconds left.
|
|t:|1729276646
|switch|p1a: Zapdos|Zapdos|64/100
|cant|p2a: Splish|slp
|
|-weather|Sandstorm|[upkeep]
|-damage|p1a: Zapdos|58/100|[from] Sandstorm
|-damage|p2a: Splish|94/100 slp|[from] Sandstorm
|-heal|p1a: Zapdos|64/100|[from] item: Leftovers
|-heal|p2a: Splish|100/100 slp|[from] item: Leftovers
|upkeep
|turn|54
|inactive|somnanana has 120 seconds left.
|
|t:|1729276660
|switch|p2a: Watson|Metagross|37/100 par
|-damage|p2a: Watson|12/100 par|[from] Spikes
|move|p1a: Zapdos|Thunderbolt|p2a: Watson
|-damage|p2a: Watson|0 fnt
|faint|p2a: Watson
|
|t:|1729276664
|switch|p2a: Pure Bliss|Blissey, F|27/100
|-damage|p2a: Pure Bliss|2/100|[from] Spikes
|
|-weather|Sandstorm|[upkeep]
|-damage|p1a: Zapdos|58/100|[from] Sandstorm
|-damage|p2a: Pure Bliss|0 fnt|[from] Sandstorm
|faint|p2a: Pure Bliss
|-heal|p1a: Zapdos|64/100|[from] item: Leftovers
|upkeep
|
|t:|1729276666
|switch|p2a: Splish|Suicune|100/100 slp
|-damage|p2a: Splish|76/100 slp|[from] Spikes
|turn|55
|
|t:|1729276671
|move|p1a: Zapdos|Thunderbolt|p2a: Splish
|-supereffective|p2a: Splish
|-damage|p2a: Splish|2/100 slp
|cant|p2a: Splish|slp
|
|-weather|Sandstorm|[upkeep]
|-damage|p1a: Zapdos|58/100|[from] Sandstorm
|-damage|p2a: Splish|0 fnt|[from] Sandstorm
|faint|p2a: Splish
|
|win|lunarvania
|upkeep
|c|☆lunarvania|gg
|c|☆somnanana|rip, gg
|player|p1|
|player|p1|lunarvania|1|

</script>
<script type="application/json" class="data" id="replaydata-smogtours-gen3ou-799600">
{"id":"smogtours-gen3ou-799600","format":"[Gen 3] OU","players":["lunarvania","somnanana"],"uploadtime":1729276671,"views":88,"formatid":"gen3ou","rating":null,"private":0,"password":null}
</script>

<script defer src="js/replays.js?9d40a366"></script>
