<!DOCTYPE html>
<meta charset="utf-8" />
<meta name="viewport" content="width=device-width" />

<title>[Gen 3] OU: Dimiswooner vs. Rambode - Replays - Pok&eacute;mon Showdown!</title>

<meta name="description" content="Watch a replay of a Pok&eacute;mon battle between Dimiswooner and Rambode! Format: [Gen 3] OU; Date: Oct 15, 2024" />
<!--

Hey, you! Looking in the source for the replay log?

You can find them in JSON format, just add `.json` at the end of a replay URL.

https://replay.pokemonshowdown.com/gen7randomdoublesbattle-865046831.json

Or, if you only need the log itself, add `.log` instead:

https://replay.pokemonshowdown.com/gen7randomdoublesbattle-865046831.log

-->

<link rel="stylesheet" href="//pokemonshowdown.com/style/global.css?0.767286132409787" />
<link rel="stylesheet" href="//play.pokemonshowdown.com/style/font-awesome.css?0.9266228007934947" />
<link rel="stylesheet" href="//play.pokemonshowdown.com/style/battle.css?0.7924700842790926" />
<link rel="stylesheet" href="//play.pokemonshowdown.com/style/utilichart.css?0.8777417872839479" />

<!-- Global site tag (gtag.js) - Google Analytics -->
<script async src="https://www.googletagmanager.com/gtag/js?id=UA-26211653-1"></script>
<script>
  window.dataLayer = window.dataLayer || [];
  function gtag(){dataLayer.push(arguments);}
  gtag('js', new Date());

  gtag('config', 'UA-26211653-1');
</script>
<!-- End Google Analytics -->
<!-- Venatus Ad Manager - Install in <HEAD> of page -->
	<script src="https://hb.vntsm.com/v3/live/ad-manager.min.js" type="text/javascript" data-site-id="642aba63ec9a7b11c3c9c1be" data-mode="scan" async></script>
<!-- / Venatus Ad Manager -->

<style>
	@media (max-width:820px) {
		.battle {
			margin: 0 auto;
		}
		.battle-log {
			margin: 7px auto 0;
			max-width: 640px;
			height: 300px;
			position: static;
		}
	}
	.optgroup {
		display: inline-block;
		line-height: 22px;
		font-size: 10pt;
	}
	.optgroup .button {
		height: 25px;
		padding-top: 0;
		padding-bottom: 0;
	}
	.optgroup button.button {
		padding-left: 12px;
		padding-right: 12px;
	}
	.linklist {
		list-style: none;
		margin: 0.5em 0;
		padding: 0;
	}
	.linklist li {
		padding: 2px 0;
	}
	.sidebar {
		float: left;
		width: 320px;
	}
	.bar-wrapper {
		max-width: 1100px;
		margin: 0 auto;
	}
	.bar-wrapper.has-sidebar {
		max-width: 1430px;
	}
	.mainbar {
		margin: 0;
		padding-right: 1px;
	}
	.mainbar.has-sidebar {
		margin-left: 330px;
	}
	@media (min-width: 1511px) {
		.sidebar {
			width: 400px;
		}
		.bar-wrapper.has-sidebar {
			max-width: 1510px;
		}
		.mainbar.has-sidebar {
			margin-left: 410px;
		}
	}
	.section.first-section {
		margin-top: 9px;
	}
	.blocklink small {
		white-space: normal;
	}
	.button {
		vertical-align: middle;
	}
	.replay-controls {
		padding-top: 10px;
	}
	.replay-controls h1 {
		font-size: 16pt;
		font-weight: normal;
		color: #CCC;
	}
	.pagelink {
		text-align: center;
	}
	.pagelink a {
		width: 150px;
	}
	.textbox, .button {
		font-size: 11pt;
		vertical-align: middle;
	}
	@media (max-width: 450px) {
		.button {
			font-size: 9pt;
		}
	}
</style>

<div>

	<header>
		<div class="nav-wrapper"><ul class="nav">
			<li><a class="button nav-first" href="//pokemonshowdown.com/"><img src="//pokemonshowdown.com/images/pokemonshowdownbeta.png" srcset="//pokemonshowdown.com/images/pokemonshowdownbeta.png 1x, //pokemonshowdown.com/images/pokemonshowdownbeta@2x.png 2x" alt="Pok&eacute;mon Showdown" width="146" height="44" /> Home</a></li>
			<li><a class="button" href="//pokemonshowdown.com/dex/">Pok&eacute;dex</a></li>
			<li><a class="button cur" href="/">Replays</a></li>
			<li><a class="button" href="//pokemonshowdown.com/ladder/">Ladder</a></li>
			<li><a class="button nav-last" href="//pokemonshowdown.com/forums/">Forum</a></li>
			<li><a class="button greenbutton nav-first nav-last" href="//play.pokemonshowdown.com/">Play</a></li>
		</ul></div>
	</header>

	<div class="main" id="main">

		<noscript><section class="section">You need to enable JavaScript to use this page; sorry!</section></noscript>

	</div>

</div>

<script defer nomodule src="//play.pokemonshowdown.com/js/lib/ps-polyfill.js"></script>
<script defer src="//play.pokemonshowdown.com/js/lib/preact.min.js"></script>

<script defer src="//play.pokemonshowdown.com/config/config.js?6dec07f6"></script>
<script defer src="//play.pokemonshowdown.com/js/lib/jquery-1.11.0.min.js"></script>
<script defer src="//play.pokemonshowdown.com/js/lib/html-sanitizer-minified.js"></script>
<script defer src="//play.pokemonshowdown.com/js/battle-sound.js"></script>
<script defer src="//play.pokemonshowdown.com/js/battledata.js?0.6315294753075389"></script>
<script defer src="//play.pokemonshowdown.com/data/pokedex-mini.js?0.7603743185311358"></script>
<script defer src="//play.pokemonshowdown.com/data/pokedex-mini-bw.js?0.030888842834281283"></script>
<script defer src="//play.pokemonshowdown.com/data/graphics.js?0.05593094747507488"></script>
<script defer src="//play.pokemonshowdown.com/data/pokedex.js?0.47064822249611904"></script>
<script defer src="//play.pokemonshowdown.com/data/moves.js?0.8583693120512459"></script>
<script defer src="//play.pokemonshowdown.com/data/abilities.js?0.16017181182386842"></script>
<script defer src="//play.pokemonshowdown.com/data/items.js?0.4163379185673943"></script>
<script defer src="//play.pokemonshowdown.com/data/teambuilder-tables.js?0.31075597372830477"></script>
<script defer src="//play.pokemonshowdown.com/js/battle-tooltips.js?0.6536193500708172"></script>
<script defer src="//play.pokemonshowdown.com/js/battle.js?0.1916591943277901"></script>

<script defer src="js/utils.js?e31f9a17"></script>
<script defer src="js/replays-battle.js?7008c182"></script>

<!-- don't scrape this data! just add .json or .log after the URL!
Full API docs: https://github.com/smogon/pokemon-showdown-client/blob/master/WEB-API.md -->
<script type="text/plain" class="log" id="replaylog-smogtours-gen3ou-798925">
|inactive|Battle timer is ON: inactive players will automatically lose when time's up.
|t:|1729013520
|gametype|singles
|player|p1|Dimiswooner|ghetsis-gen5bw|
|player|p2|Rambode|volkner|
|teamsize|p1|6
|teamsize|p2|6
|gen|3
|tier|[Gen 3] OU
|rule|Sleep Clause Mod: Limit one foe put to sleep
|rule|Switch Priority Clause Mod: Faster Pokémon switch first
|rule|Species Clause: Limit one of each Pokémon
|rule|OHKO Clause: OHKO moves are banned
|rule|Evasion Items Clause: Evasion items are banned
|rule|Evasion Moves Clause: Evasion moves are banned
|rule|Endless Battle Clause: Forcing endless battles is banned
|rule|HP Percentage Mod: HP is shown in percentages
|rule|One Boost Passer Clause: Limit one Baton Passer that has a way to boost its stats
|rule|Freeze Clause Mod: Limit one foe frozen
|
|t:|1729013520
|start
|switch|p1a: Metagross|Metagross|100/100
|switch|p2a: Stranded|Salamence, M|100/100
|-ability|p2a: Stranded|Intimidate|boost
|-fail|p1a: Metagross|unboost|[from] ability: Clear Body|[of] p1a: Metagross
|turn|1
|c|☆Rambode|hf
|c|☆Dimiswooner|u too!
|inactive|Rambode has 270 seconds left.
|inactive|Dimiswooner has 270 seconds left.
|
|t:|1729013575
|switch|p2a: Settle for Less|Skarmory, M|100/100
|move|p1a: Metagross|Meteor Mash|p2a: Settle for Less
|-resisted|p2a: Settle for Less
|-damage|p2a: Settle for Less|65/100
|
|-heal|p2a: Settle for Less|71/100|[from] item: Leftovers
|upkeep
|turn|2
|
|t:|1729013584
|switch|p1a: Starmie|Starmie|100/100
|move|p2a: Settle for Less|Spikes|p1a: Starmie
|-sidestart|p1: Dimiswooner|Spikes
|
|-heal|p2a: Settle for Less|77/100|[from] item: Leftovers
|upkeep
|turn|3
|
|t:|1729013599
|switch|p2a: In The Garden|Celebi|100/100
|move|p1a: Starmie|Thunder Wave|p2a: In The Garden
|-status|p2a: In The Garden|par
|
|upkeep
|turn|4
|inactive|Dimiswooner has 270 seconds left.
|inactive|Rambode has 270 seconds left.
|
|t:|1729013667
|move|p1a: Starmie|Rapid Spin|p2a: In The Garden
|-damage|p2a: In The Garden|98/100 par
|-sideend|p1: Dimiswooner|Spikes|[from] move: Rapid Spin|[of] p1a: Starmie
|move|p2a: In The Garden|Leech Seed|p1a: Starmie
|-start|p1a: Starmie|move: Leech Seed
|
|-damage|p1a: Starmie|88/100|[from] Leech Seed|[of] p2a: In The Garden
|-heal|p2a: In The Garden|100/100 par|[silent]
|upkeep
|turn|5
|
|t:|1729013678
|switch|p1a: Metagross|Metagross|100/100
|-curestatus|p2a: In The Garden|par|[from] ability: Natural Cure
|switch|p2a: Settle for Less|Skarmory, M|77/100
|
|-heal|p2a: Settle for Less|83/100|[from] item: Leftovers
|upkeep
|turn|6
|
|t:|1729013693
|move|p1a: Metagross|Meteor Mash|p2a: Settle for Less
|-resisted|p2a: Settle for Less
|-damage|p2a: Settle for Less|51/100
|-boost|p1a: Metagross|atk|1
|move|p2a: Settle for Less|Spikes|p1a: Metagross
|-sidestart|p1: Dimiswooner|Spikes
|
|-heal|p2a: Settle for Less|57/100|[from] item: Leftovers
|upkeep
|turn|7
|
|t:|1729013702
|move|p1a: Metagross|Meteor Mash|p2a: Settle for Less
|-resisted|p2a: Settle for Less
|-damage|p2a: Settle for Less|8/100
|move|p2a: Settle for Less|Roar|p1a: Metagross
|drag|p1a: Medicham|Medicham, M|100/100
|-damage|p1a: Medicham|88/100|[from] Spikes
|
|-heal|p1a: Medicham|94/100|[from] item: Leftovers
|-heal|p2a: Settle for Less|14/100|[from] item: Leftovers
|upkeep
|turn|8
|inactive|Dimiswooner has 270 seconds left.
|
|t:|1729013722
|-singleturn|p1a: Medicham|move: Focus Punch
|move|p2a: Settle for Less|Toxic|p1a: Medicham
|-status|p1a: Medicham|tox
|move|p1a: Medicham|Focus Punch|p2a: Settle for Less
|-damage|p2a: Settle for Less|0 fnt
|faint|p2a: Settle for Less
|inactive|Rambode has 240 seconds left.
|
|t:|1729013740
|switch|p2a: In The Garden|Celebi|100/100
|
|-heal|p1a: Medicham|100/100 tox|[from] item: Leftovers
|-damage|p1a: Medicham|94/100 tox|[from] psn
|upkeep
|turn|9
|inactive|Dimiswooner has 270 seconds left.
|
|t:|1729013768
|switch|p2a: Stranded|Salamence, M|100/100
|-ability|p2a: Stranded|Intimidate|boost
|-unboost|p1a: Medicham|atk|1
|move|p1a: Medicham|Shadow Ball|p2a: Stranded
|-crit|p2a: Stranded
|-damage|p2a: Stranded|7/100
|
|-heal|p2a: Stranded|13/100|[from] item: Leftovers
|-heal|p1a: Medicham|100/100 tox|[from] item: Leftovers
|-damage|p1a: Medicham|88/100 tox|[from] psn
|upkeep
|turn|10
|inactive|Rambode has 240 seconds left.
|inactive|Dimiswooner has 240 seconds left.
|inactive|Rambode has 210 seconds left.
|
|t:|1729013834
|switch|p1a: Starmie|Starmie|88/100
|-damage|p1a: Starmie|76/100|[from] Spikes
|move|p2a: Stranded|Dragon Claw|p1a: Starmie
|-damage|p1a: Starmie|35/100
|
|-heal|p1a: Starmie|41/100|[from] item: Leftovers
|-heal|p2a: Stranded|20/100|[from] item: Leftovers
|upkeep
|turn|11
|
|t:|1729013849
|switch|p2a: In The Garden|Celebi|100/100
|move|p1a: Starmie|Thunder Wave|p2a: In The Garden
|-status|p2a: In The Garden|par
|
|-heal|p1a: Starmie|47/100|[from] item: Leftovers
|upkeep
|turn|12
|
|t:|1729013859
|move|p1a: Starmie|Recover|p1a: Starmie
|-heal|p1a: Starmie|97/100
|move|p2a: In The Garden|Hidden Power|p1a: Starmie
|-resisted|p1a: Starmie
|-damage|p1a: Starmie|87/100
|
|-heal|p1a: Starmie|93/100|[from] item: Leftovers
|upkeep
|turn|13
|inactive|Dimiswooner has 240 seconds left.
|
|t:|1729013869
|move|p1a: Starmie|Rapid Spin|p2a: In The Garden
|-damage|p2a: In The Garden|98/100 par
|-sideend|p1: Dimiswooner|Spikes|[from] move: Rapid Spin|[of] p1a: Starmie
|move|p2a: In The Garden|Leech Seed|p1a: Starmie
|-start|p1a: Starmie|move: Leech Seed
|
|-heal|p1a: Starmie|99/100|[from] item: Leftovers
|-damage|p1a: Starmie|87/100|[from] Leech Seed|[of] p2a: In The Garden
|-heal|p2a: In The Garden|100/100 par|[silent]
|upkeep
|turn|14
|inactive|Dimiswooner has 240 seconds left.
|
|t:|1729013880
|switch|p1a: Metagross|Metagross|100/100
|-curestatus|p2a: In The Garden|par|[from] ability: Natural Cure
|switch|p2a: Another Light|Swampert, M|100/100
|
|upkeep
|turn|15
|
|t:|1729013888
|switch|p1a: Celebi|Celebi|100/100
|switch|p2a: Stranded|Salamence, M|20/100
|-ability|p2a: Stranded|Intimidate|boost
|-unboost|p1a: Celebi|atk|1
|
|-heal|p2a: Stranded|26/100|[from] item: Leftovers
|upkeep
|turn|16
|inactive|Rambode has 210 seconds left.
|inactive|Dimiswooner has 240 seconds left.
|
|t:|1729013923
|move|p2a: Stranded|Fire Blast|p1a: Celebi
|-supereffective|p1a: Celebi
|-crit|p1a: Celebi
|-damage|p1a: Celebi|0 fnt
|faint|p1a: Celebi
|inactive|Dimiswooner has 210 seconds left.
|
|t:|1729013981
|switch|p1a: Metagross|Metagross|100/100
|
|-heal|p2a: Stranded|32/100|[from] item: Leftovers
|upkeep
|turn|17
|
|t:|1729013989
|move|p2a: Stranded|Fire Blast|p1a: Metagross
|-supereffective|p1a: Metagross
|-damage|p1a: Metagross|24/100
|move|p1a: Metagross|Meteor Mash|p2a: Stranded
|-damage|p2a: Stranded|0 fnt
|faint|p2a: Stranded
|
|t:|1729014004
|switch|p2a: In The Garden|Celebi|100/100
|
|upkeep
|turn|18
|
|t:|1729014032
|switch|p1a: Jirachi|Jirachi|100/100
|move|p2a: In The Garden|Hidden Power|p1a: Jirachi
|-supereffective|p1a: Jirachi
|-damage|p1a: Jirachi|69/100
|
|-heal|p1a: Jirachi|75/100|[from] item: Leftovers
|upkeep
|turn|19
|
|t:|1729014045
|move|p2a: In The Garden|Leech Seed|p1a: Jirachi
|-start|p1a: Jirachi|move: Leech Seed
|move|p1a: Jirachi|Wish|p1a: Jirachi
|
|-heal|p1a: Jirachi|81/100|[from] item: Leftovers
|-damage|p1a: Jirachi|69/100|[from] Leech Seed|[of] p2a: In The Garden
|upkeep
|turn|20
|
|t:|1729014058
|switch|p1a: Medicham|Medicham, M|88/100 tox
|move|p2a: In The Garden|Hidden Power|p1a: Medicham
|-damage|p1a: Medicham|57/100 tox
|
|-heal|p1a: Medicham|100/100 tox|[from] move: Wish|[wisher] Jirachi
|-damage|p1a: Medicham|94/100 tox|[from] psn
|upkeep
|turn|21
|
|t:|1729014072
|move|p2a: In The Garden|Psychic|p1a: Medicham
|-crit|p1a: Medicham
|-damage|p1a: Medicham|0 fnt
|faint|p1a: Medicham
|inactive|Dimiswooner has 180 seconds left.
|
|t:|1729014089
|switch|p1a: Jirachi|Jirachi|69/100
|
|-heal|p1a: Jirachi|75/100|[from] item: Leftovers
|upkeep
|turn|22
|
|t:|1729014092
|move|p2a: In The Garden|Leech Seed|p1a: Jirachi|[miss]
|-miss|p2a: In The Garden|p1a: Jirachi
|move|p1a: Jirachi|Wish|p1a: Jirachi
|
|-heal|p1a: Jirachi|81/100|[from] item: Leftovers
|upkeep
|turn|23
|
|t:|1729014097
|move|p2a: In The Garden|Hidden Power|p1a: Jirachi
|-supereffective|p1a: Jirachi
|-damage|p1a: Jirachi|50/100
|move|p1a: Jirachi|Toxic|p2a: In The Garden
|-status|p2a: In The Garden|tox
|
|-heal|p1a: Jirachi|99/100|[from] move: Wish|[wisher] Jirachi
|-damage|p2a: In The Garden|94/100 tox|[from] psn
|-heal|p1a: Jirachi|100/100|[from] item: Leftovers
|upkeep
|turn|24
|
|t:|1729014103
|move|p2a: In The Garden|Leech Seed|p1a: Jirachi
|-start|p1a: Jirachi|move: Leech Seed
|move|p1a: Jirachi|Wish|p1a: Jirachi
|
|-heal|p2a: In The Garden|100/100 tox|[from] item: Leftovers
|-damage|p2a: In The Garden|88/100 tox|[from] psn
|-damage|p1a: Jirachi|88/100|[from] Leech Seed|[of] p2a: In The Garden
|-heal|p2a: In The Garden|100/100 tox|[silent]
|upkeep
|turn|25
|
|t:|1729014116
|switch|p1a: Starmie|Starmie|87/100
|move|p2a: In The Garden|Hidden Power|p1a: Starmie
|-resisted|p1a: Starmie
|-damage|p1a: Starmie|75/100
|
|-heal|p1a: Starmie|100/100|[from] move: Wish|[wisher] Jirachi
|-damage|p2a: In The Garden|82/100 tox|[from] psn
|upkeep
|turn|26
|inactive|Rambode has 240 seconds left.
|
|t:|1729014139
|switch|p1a: Metagross|Metagross|24/100
|-curestatus|p2a: In The Garden|tox|[from] ability: Natural Cure
|switch|p2a: Another Light|Swampert, M|100/100
|
|upkeep
|turn|27
|inactive|Rambode has 240 seconds left.
|inactive|Rambode has 210 seconds left.
|
|t:|1729014200
|switch|p1a: Jirachi|Jirachi|88/100
|switch|p2a: Memories Lie|Metagross|100/100
|
|-heal|p1a: Jirachi|94/100|[from] item: Leftovers
|upkeep
|turn|28
|inactive|Rambode has 180 seconds left.
|
|t:|1729014229
|move|p1a: Jirachi|Protect|p1a: Jirachi
|-singleturn|p1a: Jirachi|Protect
|move|p2a: Memories Lie|Earthquake|p1a: Jirachi
|-activate|p1a: Jirachi|Protect
|
|-heal|p1a: Jirachi|100/100|[from] item: Leftovers
|upkeep
|turn|29
|
|t:|1729014241
|switch|p1a: Claydol|Claydol|100/100
|move|p2a: Memories Lie|Earthquake|p1a: Claydol
|-immune|p1a: Claydol
|
|upkeep
|turn|30
|inactive|Dimiswooner has 180 seconds left.
|inactive|Rambode has 180 seconds left.
|
|t:|1729014263
|move|p2a: Memories Lie|Agility|p2a: Memories Lie
|-boost|p2a: Memories Lie|spe|2
|move|p1a: Claydol|Earthquake|p2a: Memories Lie
|-supereffective|p2a: Memories Lie
|-damage|p2a: Memories Lie|41/100
|
|-heal|p2a: Memories Lie|47/100|[from] item: Leftovers
|upkeep
|turn|31
|
|t:|1729014270
|move|p2a: Memories Lie|Explosion|p1a: Claydol
|-damage|p1a: Claydol|0 fnt
|faint|p2a: Memories Lie
|faint|p1a: Claydol
|inactive|Dimiswooner has 180 seconds left.
|
|t:|1729014308
|switch|p2a: In The Garden|Celebi|82/100
|switch|p1a: Jirachi|Jirachi|100/100
|
|-heal|p2a: In The Garden|88/100|[from] item: Leftovers
|upkeep
|turn|32
|
|t:|1729014315
|move|p2a: In The Garden|Leech Seed|p1a: Jirachi
|-start|p1a: Jirachi|move: Leech Seed
|move|p1a: Jirachi|Toxic|p2a: In The Garden
|-status|p2a: In The Garden|tox
|
|-heal|p2a: In The Garden|94/100 tox|[from] item: Leftovers
|-damage|p2a: In The Garden|88/100 tox|[from] psn
|-damage|p1a: Jirachi|88/100|[from] Leech Seed|[of] p2a: In The Garden
|-heal|p2a: In The Garden|100/100 tox|[silent]
|upkeep
|turn|33
|
|t:|1729014321
|-curestatus|p2a: In The Garden|tox|[from] ability: Natural Cure
|switch|p2a: Memento Mori|Tyranitar, M|100/100
|-weather|Sandstorm|[from] ability: Sand Stream|[of] p2a: Memento Mori
|move|p1a: Jirachi|Wish|p1a: Jirachi
|
|-weather|Sandstorm|[upkeep]
|-heal|p1a: Jirachi|94/100|[from] item: Leftovers
|-damage|p1a: Jirachi|82/100|[from] Leech Seed|[of] p2a: Memento Mori
|upkeep
|turn|34
|
|t:|1729014334
|move|p1a: Jirachi|Toxic|p2a: Memento Mori
|-status|p2a: Memento Mori|tox
|move|p2a: Memento Mori|Dragon Dance|p2a: Memento Mori
|-boost|p2a: Memento Mori|atk|1
|-boost|p2a: Memento Mori|spe|1
|
|-heal|p1a: Jirachi|100/100|[from] move: Wish|[wisher] Jirachi
|-weather|Sandstorm|[upkeep]
|-damage|p2a: Memento Mori|94/100 tox|[from] psn
|-damage|p1a: Jirachi|88/100|[from] Leech Seed|[of] p2a: Memento Mori
|-heal|p2a: Memento Mori|100/100 tox|[silent]
|upkeep
|turn|35
|
|t:|1729014350
|switch|p1a: Starmie|Starmie|100/100
|move|p2a: Memento Mori|Earthquake|p1a: Starmie
|-damage|p1a: Starmie|37/100
|
|-weather|Sandstorm|[upkeep]
|-damage|p1a: Starmie|31/100|[from] Sandstorm
|-heal|p1a: Starmie|37/100|[from] item: Leftovers
|-damage|p2a: Memento Mori|88/100 tox|[from] psn
|upkeep
|turn|36
|
|t:|1729014358
|move|p1a: Starmie|Surf|p2a: Memento Mori
|-supereffective|p2a: Memento Mori
|-damage|p2a: Memento Mori|31/100 tox
|move|p2a: Memento Mori|Earthquake|p1a: Starmie
|-damage|p1a: Starmie|0 fnt
|faint|p1a: Starmie
|
|t:|1729014364
|switch|p1a: Jirachi|Jirachi|88/100
|
|-weather|Sandstorm|[upkeep]
|-heal|p2a: Memento Mori|37/100 tox|[from] item: Leftovers
|-damage|p2a: Memento Mori|19/100 tox|[from] psn
|-heal|p1a: Jirachi|94/100|[from] item: Leftovers
|upkeep
|turn|37
|inactive|Rambode has 210 seconds left.
|inactive|Dimiswooner has 150 seconds left.
|
|t:|1729014407
|switch|p2a: In The Garden|Celebi|100/100
|move|p1a: Jirachi|Protect||[still]
|-fail|p1a: Jirachi
|
|-weather|Sandstorm|[upkeep]
|-damage|p2a: In The Garden|94/100|[from] Sandstorm
|-heal|p2a: In The Garden|100/100|[from] item: Leftovers
|-heal|p1a: Jirachi|100/100|[from] item: Leftovers
|upkeep
|turn|38
|
|t:|1729014417
|move|p2a: In The Garden|Leech Seed|p1a: Jirachi
|-start|p1a: Jirachi|move: Leech Seed
|move|p1a: Jirachi|Wish|p1a: Jirachi
|
|-weather|Sandstorm|[upkeep]
|-damage|p2a: In The Garden|94/100|[from] Sandstorm
|-heal|p2a: In The Garden|100/100|[from] item: Leftovers
|-damage|p1a: Jirachi|88/100|[from] Leech Seed|[of] p2a: In The Garden
|upkeep
|turn|39
|
|t:|1729014422
|move|p2a: In The Garden|Hidden Power|p1a: Jirachi
|-supereffective|p1a: Jirachi
|-damage|p1a: Jirachi|57/100
|move|p1a: Jirachi|Toxic|p2a: In The Garden
|-status|p2a: In The Garden|tox
|
|-heal|p1a: Jirachi|100/100|[from] move: Wish|[wisher] Jirachi
|-weather|Sandstorm|[upkeep]
|-damage|p2a: In The Garden|94/100 tox|[from] Sandstorm
|-heal|p2a: In The Garden|100/100 tox|[from] item: Leftovers
|-damage|p2a: In The Garden|94/100 tox|[from] psn
|-damage|p1a: Jirachi|88/100|[from] Leech Seed|[of] p2a: In The Garden
|-heal|p2a: In The Garden|100/100 tox|[silent]
|upkeep
|turn|40
|
|t:|1729014431
|-curestatus|p2a: In The Garden|tox|[from] ability: Natural Cure
|switch|p2a: Memento Mori|Tyranitar, M|19/100 tox
|move|p1a: Jirachi|Wish|p1a: Jirachi
|
|-weather|Sandstorm|[upkeep]
|-heal|p1a: Jirachi|94/100|[from] item: Leftovers
|-damage|p1a: Jirachi|82/100|[from] Leech Seed|[of] p2a: Memento Mori
|-heal|p2a: Memento Mori|32/100 tox|[silent]
|-heal|p2a: Memento Mori|38/100 tox|[from] item: Leftovers
|-damage|p2a: Memento Mori|32/100 tox|[from] psn
|upkeep
|turn|41
|inactive|Dimiswooner has 150 seconds left.
|inactive|Rambode has 210 seconds left.
|
|t:|1729014476
|move|p1a: Jirachi|Fire Punch|p2a: Memento Mori
|-resisted|p2a: Memento Mori
|-damage|p2a: Memento Mori|25/100 tox
|move|p2a: Memento Mori|Dragon Dance|p2a: Memento Mori
|-boost|p2a: Memento Mori|atk|1
|-boost|p2a: Memento Mori|spe|1
|
|-heal|p1a: Jirachi|100/100|[from] move: Wish|[wisher] Jirachi
|-weather|Sandstorm|[upkeep]
|-heal|p2a: Memento Mori|31/100 tox|[from] item: Leftovers
|-damage|p2a: Memento Mori|18/100 tox|[from] psn
|-damage|p1a: Jirachi|88/100|[from] Leech Seed|[of] p2a: Memento Mori
|-heal|p2a: Memento Mori|31/100 tox|[silent]
|upkeep
|turn|42
|inactive|Dimiswooner has 150 seconds left.
|
|t:|1729014504
|move|p2a: Memento Mori|Earthquake|p1a: Jirachi
|-supereffective|p1a: Jirachi
|-damage|p1a: Jirachi|21/100
|move|p1a: Jirachi|Wish|p1a: Jirachi
|
|-weather|Sandstorm|[upkeep]
|-heal|p2a: Memento Mori|37/100 tox|[from] item: Leftovers
|-damage|p2a: Memento Mori|19/100 tox|[from] psn
|-heal|p1a: Jirachi|27/100|[from] item: Leftovers
|-damage|p1a: Jirachi|14/100|[from] Leech Seed|[of] p2a: Memento Mori
|-heal|p2a: Memento Mori|32/100 tox|[silent]
|upkeep
|turn|43
|
|t:|1729014518
|move|p1a: Jirachi|Protect|p1a: Jirachi
|-singleturn|p1a: Jirachi|Protect
|move|p2a: Memento Mori|Earthquake|p1a: Jirachi
|-activate|p1a: Jirachi|Protect
|
|-heal|p1a: Jirachi|64/100|[from] move: Wish|[wisher] Jirachi
|-weather|Sandstorm|[upkeep]
|-heal|p2a: Memento Mori|38/100 tox|[from] item: Leftovers
|-damage|p2a: Memento Mori|13/100 tox|[from] psn
|-heal|p1a: Jirachi|70/100|[from] item: Leftovers
|-damage|p1a: Jirachi|58/100|[from] Leech Seed|[of] p2a: Memento Mori
|-heal|p2a: Memento Mori|26/100 tox|[silent]
|upkeep
|turn|44
|inactive|Dimiswooner has 120 seconds left.
|inactive|Dimiswooner has 90 seconds left.
|
|t:|1729014574
|switch|p1a: Metagross|Metagross|24/100
|move|p2a: Memento Mori|Earthquake|p1a: Metagross
|-supereffective|p1a: Metagross
|-damage|p1a: Metagross|0 fnt
|faint|p1a: Metagross
|
|t:|1729014578
|switch|p1a: Jirachi|Jirachi|58/100
|
|-weather|Sandstorm|[upkeep]
|-heal|p2a: Memento Mori|32/100 tox|[from] item: Leftovers
|-damage|p2a: Memento Mori|1/100 tox|[from] psn
|-heal|p1a: Jirachi|64/100|[from] item: Leftovers
|upkeep
|turn|45
|
|t:|1729014587
|move|p1a: Jirachi|Protect|p1a: Jirachi
|-singleturn|p1a: Jirachi|Protect
|move|p2a: Memento Mori|Earthquake|p1a: Jirachi
|-activate|p1a: Jirachi|Protect
|
|-weather|Sandstorm|[upkeep]
|-heal|p2a: Memento Mori|7/100 tox|[from] item: Leftovers
|-damage|p2a: Memento Mori|0 fnt|[from] psn
|faint|p2a: Memento Mori
|-heal|p1a: Jirachi|70/100|[from] item: Leftovers
|upkeep
|
|t:|1729014589
|switch|p2a: In The Garden|Celebi|100/100
|turn|46
|
|t:|1729014598
|move|p2a: In The Garden|Leech Seed|p1a: Jirachi
|-start|p1a: Jirachi|move: Leech Seed
|move|p1a: Jirachi|Toxic|p2a: In The Garden|[miss]
|-miss|p1a: Jirachi|p2a: In The Garden
|
|-weather|Sandstorm|[upkeep]
|-damage|p2a: In The Garden|94/100|[from] Sandstorm
|-heal|p2a: In The Garden|100/100|[from] item: Leftovers
|-heal|p1a: Jirachi|77/100|[from] item: Leftovers
|-damage|p1a: Jirachi|64/100|[from] Leech Seed|[of] p2a: In The Garden
|upkeep
|turn|47
|
|t:|1729014603
|move|p2a: In The Garden|Hidden Power|p1a: Jirachi
|-supereffective|p1a: Jirachi
|-damage|p1a: Jirachi|32/100
|move|p1a: Jirachi|Wish|p1a: Jirachi
|
|-weather|Sandstorm|[upkeep]
|-damage|p2a: In The Garden|94/100|[from] Sandstorm
|-heal|p2a: In The Garden|100/100|[from] item: Leftovers
|-heal|p1a: Jirachi|38/100|[from] item: Leftovers
|-damage|p1a: Jirachi|26/100|[from] Leech Seed|[of] p2a: In The Garden
|upkeep
|turn|48
|
|t:|1729014611
|switch|p2a: Another Light|Swampert, M|100/100
|move|p1a: Jirachi|Protect||[still]
|-fail|p1a: Jirachi
|
|-heal|p1a: Jirachi|76/100|[from] move: Wish|[wisher] Jirachi
|-weather|Sandstorm|[upkeep]
|-heal|p1a: Jirachi|82/100|[from] item: Leftovers
|-damage|p1a: Jirachi|69/100|[from] Leech Seed|[of] p2a: Another Light
|upkeep
|turn|49
|
|t:|1729014615
|move|p1a: Jirachi|Toxic|p2a: Another Light
|-status|p2a: Another Light|tox
|move|p2a: Another Light|Earthquake|p1a: Jirachi
|-supereffective|p1a: Jirachi
|-damage|p1a: Jirachi|20/100
|
|-weather|Sandstorm|[upkeep]
|-heal|p1a: Jirachi|26/100|[from] item: Leftovers
|-damage|p1a: Jirachi|14/100|[from] Leech Seed|[of] p2a: Another Light
|-damage|p2a: Another Light|94/100 tox|[from] psn
|upkeep
|turn|50
|
|t:|1729014620
|move|p1a: Jirachi|Wish|p1a: Jirachi
|move|p2a: Another Light|Earthquake|p1a: Jirachi
|-supereffective|p1a: Jirachi
|-crit|p1a: Jirachi
|-damage|p1a: Jirachi|0 fnt
|faint|p1a: Jirachi
|
|win|Rambode
|c|☆Rambode|gg

</script>
<script type="application/json" class="data" id="replaydata-smogtours-gen3ou-798925">
{"id":"smogtours-gen3ou-798925","format":"[Gen 3] OU","players":["Dimiswooner","Rambode"],"uploadtime":1729014620,"views":137,"formatid":"gen3ou","rating":null,"private":0,"password":null}
</script>

<script defer src="js/replays.js?9d40a366"></script>
