<!DOCTYPE html>
<meta charset="utf-8" />
<meta name="viewport" content="width=device-width" />

<title>[Gen 3] OU: Drekt93 vs. amir - Replays - Pok&eacute;mon Showdown!</title>

<meta name="description" content="Watch a replay of a Pok&eacute;mon battle between Drekt93 and amir! Format: [Gen 3] OU; Date: Oct 8, 2024" />
<!--

Hey, you! Looking in the source for the replay log?

You can find them in JSON format, just add `.json` at the end of a replay URL.

https://replay.pokemonshowdown.com/gen7randomdoublesbattle-865046831.json

Or, if you only need the log itself, add `.log` instead:

https://replay.pokemonshowdown.com/gen7randomdoublesbattle-865046831.log

-->

<link rel="stylesheet" href="//pokemonshowdown.com/style/global.css?0.767286132409787" />
<link rel="stylesheet" href="//play.pokemonshowdown.com/style/font-awesome.css?0.9266228007934947" />
<link rel="stylesheet" href="//play.pokemonshowdown.com/style/battle.css?0.7924700842790926" />
<link rel="stylesheet" href="//play.pokemonshowdown.com/style/utilichart.css?0.8777417872839479" />

<!-- Global site tag (gtag.js) - Google Analytics -->
<script async src="https://www.googletagmanager.com/gtag/js?id=UA-26211653-1"></script>
<script>
  window.dataLayer = window.dataLayer || [];
  function gtag(){dataLayer.push(arguments);}
  gtag('js', new Date());

  gtag('config', 'UA-26211653-1');
</script>
<!-- End Google Analytics -->
<!-- Venatus Ad Manager - Install in <HEAD> of page -->
	<script src="https://hb.vntsm.com/v3/live/ad-manager.min.js" type="text/javascript" data-site-id="642aba63ec9a7b11c3c9c1be" data-mode="scan" async></script>
<!-- / Venatus Ad Manager -->

<style>
	@media (max-width:820px) {
		.battle {
			margin: 0 auto;
		}
		.battle-log {
			margin: 7px auto 0;
			max-width: 640px;
			height: 300px;
			position: static;
		}
	}
	.optgroup {
		display: inline-block;
		line-height: 22px;
		font-size: 10pt;
	}
	.optgroup .button {
		height: 25px;
		padding-top: 0;
		padding-bottom: 0;
	}
	.optgroup button.button {
		padding-left: 12px;
		padding-right: 12px;
	}
	.linklist {
		list-style: none;
		margin: 0.5em 0;
		padding: 0;
	}
	.linklist li {
		padding: 2px 0;
	}
	.sidebar {
		float: left;
		width: 320px;
	}
	.bar-wrapper {
		max-width: 1100px;
		margin: 0 auto;
	}
	.bar-wrapper.has-sidebar {
		max-width: 1430px;
	}
	.mainbar {
		margin: 0;
		padding-right: 1px;
	}
	.mainbar.has-sidebar {
		margin-left: 330px;
	}
	@media (min-width: 1511px) {
		.sidebar {
			width: 400px;
		}
		.bar-wrapper.has-sidebar {
			max-width: 1510px;
		}
		.mainbar.has-sidebar {
			margin-left: 410px;
		}
	}
	.section.first-section {
		margin-top: 9px;
	}
	.blocklink small {
		white-space: normal;
	}
	.button {
		vertical-align: middle;
	}
	.replay-controls {
		padding-top: 10px;
	}
	.replay-controls h1 {
		font-size: 16pt;
		font-weight: normal;
		color: #CCC;
	}
	.pagelink {
		text-align: center;
	}
	.pagelink a {
		width: 150px;
	}
	.textbox, .button {
		font-size: 11pt;
		vertical-align: middle;
	}
	@media (max-width: 450px) {
		.button {
			font-size: 9pt;
		}
	}
</style>

<div>

	<header>
		<div class="nav-wrapper"><ul class="nav">
			<li><a class="button nav-first" href="//pokemonshowdown.com/"><img src="//pokemonshowdown.com/images/pokemonshowdownbeta.png" srcset="//pokemonshowdown.com/images/pokemonshowdownbeta.png 1x, //pokemonshowdown.com/images/pokemonshowdownbeta@2x.png 2x" alt="Pok&eacute;mon Showdown" width="146" height="44" /> Home</a></li>
			<li><a class="button" href="//pokemonshowdown.com/dex/">Pok&eacute;dex</a></li>
			<li><a class="button cur" href="/">Replays</a></li>
			<li><a class="button" href="//pokemonshowdown.com/ladder/">Ladder</a></li>
			<li><a class="button nav-last" href="//pokemonshowdown.com/forums/">Forum</a></li>
			<li><a class="button greenbutton nav-first nav-last" href="//play.pokemonshowdown.com/">Play</a></li>
		</ul></div>
	</header>

	<div class="main" id="main">

		<noscript><section class="section">You need to enable JavaScript to use this page; sorry!</section></noscript>

	</div>

</div>

<script defer nomodule src="//play.pokemonshowdown.com/js/lib/ps-polyfill.js"></script>
<script defer src="//play.pokemonshowdown.com/js/lib/preact.min.js"></script>

<script defer src="//play.pokemonshowdown.com/config/config.js?6dec07f6"></script>
<script defer src="//play.pokemonshowdown.com/js/lib/jquery-1.11.0.min.js"></script>
<script defer src="//play.pokemonshowdown.com/js/lib/html-sanitizer-minified.js"></script>
<script defer src="//play.pokemonshowdown.com/js/battle-sound.js"></script>
<script defer src="//play.pokemonshowdown.com/js/battledata.js?0.6315294753075389"></script>
<script defer src="//play.pokemonshowdown.com/data/pokedex-mini.js?0.7603743185311358"></script>
<script defer src="//play.pokemonshowdown.com/data/pokedex-mini-bw.js?0.030888842834281283"></script>
<script defer src="//play.pokemonshowdown.com/data/graphics.js?0.05593094747507488"></script>
<script defer src="//play.pokemonshowdown.com/data/pokedex.js?0.47064822249611904"></script>
<script defer src="//play.pokemonshowdown.com/data/moves.js?0.8583693120512459"></script>
<script defer src="//play.pokemonshowdown.com/data/abilities.js?0.16017181182386842"></script>
<script defer src="//play.pokemonshowdown.com/data/items.js?0.4163379185673943"></script>
<script defer src="//play.pokemonshowdown.com/data/teambuilder-tables.js?0.31075597372830477"></script>
<script defer src="//play.pokemonshowdown.com/js/battle-tooltips.js?0.6536193500708172"></script>
<script defer src="//play.pokemonshowdown.com/js/battle.js?0.1916591943277901"></script>

<script defer src="js/utils.js?e31f9a17"></script>
<script defer src="js/replays-battle.js?7008c182"></script>

<!-- don't scrape this data! just add .json or .log after the URL!
Full API docs: https://github.com/smogon/pokemon-showdown-client/blob/master/WEB-API.md -->
<script type="text/plain" class="log" id="replaylog-smogtours-gen3ou-796444">
|inactive|Battle timer is ON: inactive players will automatically lose when time's up.
|t:|1728414390
|gametype|singles
|player|p1|Drekt93|101|
|player|p2|amir|acetrainerf-gen4dp|
|teamsize|p1|6
|teamsize|p2|6
|gen|3
|tier|[Gen 3] OU
|rule|Sleep Clause Mod: Limit one foe put to sleep
|rule|Switch Priority Clause Mod: Faster Pokémon switch first
|rule|Species Clause: Limit one of each Pokémon
|rule|OHKO Clause: OHKO moves are banned
|rule|Evasion Items Clause: Evasion items are banned
|rule|Evasion Moves Clause: Evasion moves are banned
|rule|Endless Battle Clause: Forcing endless battles is banned
|rule|HP Percentage Mod: HP is shown in percentages
|rule|One Boost Passer Clause: Limit one Baton Passer that has a way to boost its stats
|rule|Freeze Clause Mod: Limit one foe frozen
|
|t:|1728414390
|start
|switch|p1a: Zapdos|Zapdos|100/100
|switch|p2a: Skarmory|Skarmory, M|100/100
|turn|1
|c|☆Drekt93|GL HF :D
|inactive|amir has 270 seconds left.
|
|t:|1728414424
|switch|p1a: Forretress|Forretress, M|100/100
|switch|p2a: Blissey|Blissey, F|100/100
|
|upkeep
|turn|2
|inactive|amir has 270 seconds left.
|
|t:|1728414473
|switch|p2a: Skarmory|Skarmory, M|100/100
|move|p1a: Forretress|Spikes|p2a: Skarmory
|-sidestart|p2: amir|Spikes
|
|upkeep
|turn|3
|
|t:|1728414478
|move|p2a: Skarmory|Spikes|p1a: Forretress
|-sidestart|p1: Drekt93|Spikes
|move|p1a: Forretress|Spikes|p2a: Skarmory
|-sidestart|p2: amir|Spikes
|
|upkeep
|turn|4
|inactive|amir has 270 seconds left.
|
|t:|1728414487
|switch|p2a: Gengar|Gengar, M, shiny|100/100
|move|p1a: Forretress|Spikes|p2a: Gengar
|-sidestart|p2: amir|Spikes
|
|upkeep
|turn|5
|
|t:|1728414505
|switch|p1a: Zapdos|Zapdos|100/100
|move|p2a: Gengar|Will-O-Wisp|p1a: Zapdos
|-status|p1a: Zapdos|brn
|
|-damage|p1a: Zapdos|88/100 brn|[from] brn
|upkeep
|turn|6
|inactive|amir has 270 seconds left.
|
|t:|1728414520
|switch|p2a: Swampert|Swampert, M, shiny|100/100
|-damage|p2a: Swampert|76/100|[from] Spikes
|move|p1a: Zapdos|Thunder Wave|p2a: Swampert
|-immune|p2a: Swampert
|
|-heal|p1a: Zapdos|94/100 brn|[from] item: Leftovers
|-damage|p1a: Zapdos|82/100 brn|[from] brn
|-heal|p2a: Swampert|82/100|[from] item: Leftovers
|upkeep
|turn|7
|
|t:|1728414531
|move|p2a: Swampert|Surf|p1a: Zapdos
|-damage|p1a: Zapdos|45/100 brn
|move|p1a: Zapdos|Roar|p2a: Swampert
|drag|p2a: Dugtrio|Dugtrio, F|100/100
|-damage|p2a: Dugtrio|76/100|[from] Spikes
|
|-heal|p1a: Zapdos|52/100 brn|[from] item: Leftovers
|-damage|p1a: Zapdos|39/100 brn|[from] brn
|upkeep
|turn|8
|
|t:|1728414540
|switch|p1a: Swampert|Swampert, M|100/100
|-damage|p1a: Swampert|88/100|[from] Spikes
|move|p2a: Dugtrio|Earthquake|p1a: Swampert
|-damage|p1a: Swampert|50/100
|
|-heal|p1a: Swampert|57/100|[from] item: Leftovers
|upkeep
|turn|9
|inactive|amir has 270 seconds left.
|
|t:|1728414579
|switch|p2a: Skarmory|Skarmory, M|100/100
|move|p1a: Swampert|Protect||[still]
|-fail|p1a: Swampert
|
|-heal|p1a: Swampert|63/100|[from] item: Leftovers
|upkeep
|turn|10
|
|t:|1728414585
|switch|p1a: Forretress|Forretress, M|100/100
|-damage|p1a: Forretress|88/100|[from] Spikes
|move|p2a: Skarmory|Spikes|p1a: Forretress
|-sidestart|p1: Drekt93|Spikes
|
|-heal|p1a: Forretress|94/100|[from] item: Leftovers
|upkeep
|turn|11
|
|t:|1728414593
|switch|p1a: Blissey|Blissey, F|100/100
|-damage|p1a: Blissey|84/100|[from] Spikes
|move|p2a: Skarmory|Roar|p1a: Blissey
|drag|p1a: Forretress|Forretress, M|94/100
|-damage|p1a: Forretress|78/100|[from] Spikes
|
|-heal|p1a: Forretress|84/100|[from] item: Leftovers
|upkeep
|turn|12
|
|t:|1728414606
|switch|p2a: Gengar|Gengar, M, shiny|100/100
|move|p1a: Forretress|Rapid Spin|p2a: Gengar
|-immune|p2a: Gengar
|
|-heal|p1a: Forretress|90/100|[from] item: Leftovers
|upkeep
|turn|13
|
|t:|1728414613
|switch|p1a: Blissey|Blissey, F|84/100
|-damage|p1a: Blissey|67/100|[from] Spikes
|move|p2a: Gengar|Will-O-Wisp|p1a: Blissey|[miss]
|-miss|p2a: Gengar|p1a: Blissey
|
|-heal|p1a: Blissey|73/100|[from] item: Leftovers
|upkeep
|turn|14
|
|t:|1728414624
|move|p2a: Gengar|Will-O-Wisp|p1a: Blissey
|-status|p1a: Blissey|brn
|move|p1a: Blissey|Wish|p1a: Blissey
|
|-heal|p1a: Blissey|79/100 brn|[from] item: Leftovers
|-damage|p1a: Blissey|67/100 brn|[from] brn
|upkeep
|turn|15
|inactive|amir has 270 seconds left.
|
|t:|1728414647
|switch|p2a: Blissey|Blissey, F|100/100
|-damage|p2a: Blissey|76/100|[from] Spikes
|-curestatus|p1a: Blissey|brn|[from] ability: Natural Cure
|switch|p1a: Zapdos|Zapdos|39/100 brn
|
|-heal|p1a: Zapdos|89/100 brn|[from] move: Wish|[wisher] Blissey
|-heal|p1a: Zapdos|95/100 brn|[from] item: Leftovers
|-damage|p1a: Zapdos|83/100 brn|[from] brn
|-heal|p2a: Blissey|82/100|[from] item: Leftovers
|upkeep
|turn|16
|inactive|amir has 270 seconds left.
|
|t:|1728414659
|move|p2a: Blissey|Ice Beam|p1a: Zapdos
|-supereffective|p1a: Zapdos
|-damage|p1a: Zapdos|29/100 brn
|move|p1a: Zapdos|Roar|p2a: Blissey
|drag|p2a: Swampert|Swampert, M, shiny|82/100
|-damage|p2a: Swampert|57/100|[from] Spikes
|
|-heal|p1a: Zapdos|35/100 brn|[from] item: Leftovers
|-damage|p1a: Zapdos|23/100 brn|[from] brn
|-heal|p2a: Swampert|63/100|[from] item: Leftovers
|upkeep
|turn|17
|
|t:|1728414670
|move|p1a: Zapdos|Hidden Power|p2a: Swampert
|-supereffective|p2a: Swampert
|-damage|p2a: Swampert|0 fnt
|faint|p2a: Swampert
|inactive|amir has 270 seconds left.
|inactive|amir has 240 seconds left.
|
|t:|1728414717
|switch|p2a: Gengar|Gengar, M, shiny|100/100
|
|-heal|p1a: Zapdos|29/100 brn|[from] item: Leftovers
|-damage|p1a: Zapdos|17/100 brn|[from] brn
|upkeep
|turn|18
|inactive|amir has 240 seconds left.
|
|t:|1728414722
|switch|p2a: Dugtrio|Dugtrio, F|76/100
|-damage|p2a: Dugtrio|51/100|[from] Spikes
|switch|p1a: Blissey|Blissey, F|67/100
|-damage|p1a: Blissey|50/100|[from] Spikes
|
|-heal|p1a: Blissey|57/100|[from] item: Leftovers
|upkeep
|turn|19
|
|t:|1728414730
|move|p2a: Dugtrio|Earthquake|p1a: Blissey
|-damage|p1a: Blissey|8/100
|move|p1a: Blissey|Wish|p1a: Blissey
|
|-heal|p1a: Blissey|15/100|[from] item: Leftovers
|upkeep
|turn|20
|
|t:|1728414736
|move|p1a: Blissey|Protect|p1a: Blissey
|-singleturn|p1a: Blissey|Protect
|move|p2a: Dugtrio|Earthquake|p1a: Blissey
|-activate|p1a: Blissey|Protect
|
|-heal|p1a: Blissey|65/100|[from] move: Wish|[wisher] Blissey
|-heal|p1a: Blissey|71/100|[from] item: Leftovers
|upkeep
|turn|21
|
|t:|1728414744
|move|p2a: Dugtrio|Earthquake|p1a: Blissey
|-damage|p1a: Blissey|18/100
|move|p1a: Blissey|Wish|p1a: Blissey
|
|-heal|p1a: Blissey|24/100|[from] item: Leftovers
|upkeep
|turn|22
|
|t:|1728414750
|move|p1a: Blissey|Protect|p1a: Blissey
|-singleturn|p1a: Blissey|Protect
|move|p2a: Dugtrio|Earthquake|p1a: Blissey
|-activate|p1a: Blissey|Protect
|
|-heal|p1a: Blissey|74/100|[from] move: Wish|[wisher] Blissey
|-heal|p1a: Blissey|80/100|[from] item: Leftovers
|upkeep
|turn|23
|
|t:|1728414757
|move|p2a: Dugtrio|Earthquake|p1a: Blissey
|-damage|p1a: Blissey|33/100
|move|p1a: Blissey|Wish|p1a: Blissey
|
|-heal|p1a: Blissey|39/100|[from] item: Leftovers
|upkeep
|turn|24
|
|t:|1728414763
|move|p1a: Blissey|Protect|p1a: Blissey
|-singleturn|p1a: Blissey|Protect
|move|p2a: Dugtrio|Earthquake|p1a: Blissey
|-activate|p1a: Blissey|Protect
|
|-heal|p1a: Blissey|89/100|[from] move: Wish|[wisher] Blissey
|-heal|p1a: Blissey|95/100|[from] item: Leftovers
|upkeep
|turn|25
|
|t:|1728414770
|move|p2a: Dugtrio|Earthquake|p1a: Blissey
|-crit|p1a: Blissey
|-damage|p1a: Blissey|0 fnt
|faint|p1a: Blissey
|
|t:|1728414777
|switch|p1a: Salamence|Salamence, M|100/100
|-ability|p1a: Salamence|Intimidate|boost
|-unboost|p2a: Dugtrio|atk|1
|
|upkeep
|turn|26
|inactive|amir has 270 seconds left.
|inactive|amir has 240 seconds left.
|inactive|amir has 210 seconds left.
|inactive|amir has 180 seconds left.
|
|t:|1728414898
|switch|p2a: Blissey|Blissey, F|82/100
|-damage|p2a: Blissey|57/100|[from] Spikes
|move|p1a: Salamence|Fire Blast|p2a: Blissey|[miss]
|-miss|p1a: Salamence|p2a: Blissey
|
|-heal|p2a: Blissey|63/100|[from] item: Leftovers
|upkeep
|turn|27
|
|t:|1728414907
|switch|p2a: Gengar|Gengar, M, shiny|100/100
|move|p1a: Salamence|Brick Break|p2a: Gengar
|-immune|p2a: Gengar
|
|upkeep
|turn|28
|
|t:|1728414912
|move|p2a: Gengar|Ice Punch|p1a: Salamence
|-supereffective|p1a: Salamence
|-damage|p1a: Salamence|0 fnt
|faint|p1a: Salamence
|
|t:|1728414919
|switch|p1a: Swampert|Swampert, M|63/100
|-damage|p1a: Swampert|46/100|[from] Spikes
|
|-heal|p1a: Swampert|52/100|[from] item: Leftovers
|upkeep
|turn|29
|inactive|amir has 210 seconds left.
|
|t:|1728414929
|move|p2a: Gengar|Will-O-Wisp|p1a: Swampert|[miss]
|-miss|p2a: Gengar|p1a: Swampert
|move|p1a: Swampert|Hydro Pump|p2a: Gengar
|-damage|p2a: Gengar|57/100
|
|-heal|p2a: Gengar|63/100|[from] item: Leftovers
|-heal|p1a: Swampert|59/100|[from] item: Leftovers
|upkeep
|turn|30
|
|t:|1728414937
|move|p2a: Gengar|Will-O-Wisp|p1a: Swampert|[miss]
|-miss|p2a: Gengar|p1a: Swampert
|move|p1a: Swampert|Ice Beam|p2a: Gengar
|-damage|p2a: Gengar|41/100
|
|-heal|p2a: Gengar|48/100|[from] item: Leftovers
|-heal|p1a: Swampert|65/100|[from] item: Leftovers
|upkeep
|turn|31
|
|t:|1728414945
|move|p2a: Gengar|Will-O-Wisp|p1a: Swampert|[miss]
|-miss|p2a: Gengar|p1a: Swampert
|move|p1a: Swampert|Hydro Pump|p2a: Gengar
|-damage|p2a: Gengar|3/100
|
|-heal|p2a: Gengar|9/100|[from] item: Leftovers
|-heal|p1a: Swampert|71/100|[from] item: Leftovers
|upkeep
|turn|32
|
|t:|1728414954
|move|p2a: Gengar|Destiny Bond|p2a: Gengar
|-singlemove|p2a: Gengar|Destiny Bond
|move|p1a: Swampert|Ice Beam|p2a: Gengar
|-damage|p2a: Gengar|0 fnt
|faint|p2a: Gengar
|-activate|p2a: Gengar|move: Destiny Bond
|faint|p1a: Swampert
|
|t:|1728414969
|switch|p2a: Jirachi|Jirachi|100/100
|switch|p1a: Gengar|Gengar, M|100/100
|-damage|p2a: Jirachi|76/100|[from] Spikes
|
|-heal|p2a: Jirachi|82/100|[from] item: Leftovers
|upkeep
|turn|33
|
|t:|1728414981
|move|p2a: Jirachi|Protect|p2a: Jirachi
|-singleturn|p2a: Jirachi|Protect
|move|p1a: Gengar|Will-O-Wisp|p2a: Jirachi
|-activate|p2a: Jirachi|Protect
|
|-heal|p2a: Jirachi|88/100|[from] item: Leftovers
|upkeep
|turn|34
|
|t:|1728415000
|switch|p2a: Blissey|Blissey, F|63/100
|-damage|p2a: Blissey|38/100|[from] Spikes
|move|p1a: Gengar|Will-O-Wisp|p2a: Blissey
|-status|p2a: Blissey|brn
|
|-heal|p2a: Blissey|44/100 brn|[from] item: Leftovers
|-damage|p2a: Blissey|32/100 brn|[from] brn
|upkeep
|turn|35
|
|t:|1728415010
|move|p1a: Gengar|Fire Punch|p2a: Blissey
|-damage|p2a: Blissey|22/100 brn
|move|p2a: Blissey|Ice Beam|p1a: Gengar
|-damage|p1a: Gengar|73/100
|
|-heal|p1a: Gengar|79/100|[from] item: Leftovers
|-heal|p2a: Blissey|28/100 brn|[from] item: Leftovers
|-damage|p2a: Blissey|16/100 brn|[from] brn
|upkeep
|turn|36
|inactive|amir has 240 seconds left.
|
|t:|1728415020
|move|p1a: Gengar|Fire Punch|p2a: Blissey
|-damage|p2a: Blissey|7/100 brn
|move|p2a: Blissey|Ice Beam|p1a: Gengar
|-damage|p1a: Gengar|53/100
|
|-heal|p1a: Gengar|59/100|[from] item: Leftovers
|-heal|p2a: Blissey|13/100 brn|[from] item: Leftovers
|-damage|p2a: Blissey|0 fnt|[from] brn
|faint|p2a: Blissey
|upkeep
|inactive|amir has 240 seconds left.
|
|t:|1728415030
|switch|p2a: Skarmory|Skarmory, M|100/100
|turn|37
|
|t:|1728415033
|move|p1a: Gengar|Will-O-Wisp|p2a: Skarmory
|-status|p2a: Skarmory|brn
|move|p2a: Skarmory|Drill Peck|p1a: Gengar
|-damage|p1a: Gengar|42/100
|
|-heal|p1a: Gengar|48/100|[from] item: Leftovers
|-damage|p2a: Skarmory|88/100 brn|[from] brn
|upkeep
|turn|38
|
|t:|1728415041
|switch|p1a: Forretress|Forretress, M|90/100
|-damage|p1a: Forretress|73/100|[from] Spikes
|move|p2a: Skarmory|Drill Peck|p1a: Forretress
|-damage|p1a: Forretress|65/100
|
|-heal|p2a: Skarmory|94/100 brn|[from] item: Leftovers
|-damage|p2a: Skarmory|82/100 brn|[from] brn
|-heal|p1a: Forretress|72/100|[from] item: Leftovers
|upkeep
|turn|39
|
|t:|1728415051
|switch|p2a: Jirachi|Jirachi|88/100
|-damage|p2a: Jirachi|63/100|[from] Spikes
|move|p1a: Forretress|Rapid Spin|p2a: Jirachi
|-resisted|p2a: Jirachi
|-damage|p2a: Jirachi|62/100
|-sideend|p1: Drekt93|Spikes|[from] move: Rapid Spin|[of] p1a: Forretress
|
|-heal|p2a: Jirachi|68/100|[from] item: Leftovers
|-heal|p1a: Forretress|78/100|[from] item: Leftovers
|upkeep
|turn|40
|
|t:|1728415061
|move|p2a: Jirachi|Wish|p2a: Jirachi
|move|p1a: Forretress|Earthquake|p2a: Jirachi
|-supereffective|p2a: Jirachi
|-damage|p2a: Jirachi|33/100
|
|-heal|p2a: Jirachi|39/100|[from] item: Leftovers
|-heal|p1a: Forretress|84/100|[from] item: Leftovers
|upkeep
|turn|41
|
|t:|1728415068
|move|p2a: Jirachi|Fire Punch|p1a: Forretress
|-supereffective|p1a: Forretress
|-damage|p1a: Forretress|19/100
|-status|p1a: Forretress|brn
|move|p1a: Forretress|Earthquake|p2a: Jirachi
|-supereffective|p2a: Jirachi
|-damage|p2a: Jirachi|23/100
|
|-heal|p2a: Jirachi|72/100|[from] move: Wish|[wisher] Jirachi
|-heal|p2a: Jirachi|79/100|[from] item: Leftovers
|-heal|p1a: Forretress|26/100 brn|[from] item: Leftovers
|-damage|p1a: Forretress|13/100 brn|[from] brn
|upkeep
|turn|42
|
|t:|1728415081
|move|p2a: Jirachi|Wish|p2a: Jirachi
|move|p1a: Forretress|Explosion|p2a: Jirachi
|-resisted|p2a: Jirachi
|-damage|p2a: Jirachi|60/100
|faint|p1a: Forretress
|
|t:|1728415086
|switch|p1a: Gengar|Gengar, M|48/100
|
|-heal|p1a: Gengar|54/100|[from] item: Leftovers
|-heal|p2a: Jirachi|66/100|[from] item: Leftovers
|upkeep
|turn|43
|
|t:|1728415092
|move|p1a: Gengar|Will-O-Wisp|p2a: Jirachi|[miss]
|-miss|p1a: Gengar|p2a: Jirachi
|move|p2a: Jirachi|Fire Punch|p1a: Gengar
|-damage|p1a: Gengar|36/100
|
|-heal|p2a: Jirachi|100/100|[from] move: Wish|[wisher] Jirachi
|-heal|p1a: Gengar|42/100|[from] item: Leftovers
|upkeep
|turn|44
|
|t:|1728415100
|switch|p2a: Skarmory|Skarmory, M|82/100 brn
|move|p1a: Gengar|Will-O-Wisp|p2a: Skarmory|[miss]
|-miss|p1a: Gengar|p2a: Skarmory
|
|-heal|p1a: Gengar|48/100|[from] item: Leftovers
|-heal|p2a: Skarmory|88/100 brn|[from] item: Leftovers
|-damage|p2a: Skarmory|76/100 brn|[from] brn
|upkeep
|turn|45
|
|t:|1728415109
|move|p1a: Gengar|Fire Punch|p2a: Skarmory
|-supereffective|p2a: Skarmory
|-damage|p2a: Skarmory|36/100 brn
|move|p2a: Skarmory|Drill Peck|p1a: Gengar
|-damage|p1a: Gengar|30/100
|
|-heal|p1a: Gengar|36/100|[from] item: Leftovers
|-heal|p2a: Skarmory|42/100 brn|[from] item: Leftovers
|-damage|p2a: Skarmory|30/100 brn|[from] brn
|upkeep
|turn|46
|
|t:|1728415117
|move|p1a: Gengar|Fire Punch|p2a: Skarmory
|-supereffective|p2a: Skarmory
|-damage|p2a: Skarmory|0 fnt
|faint|p2a: Skarmory
|
|t:|1728415120
|switch|p2a: Dugtrio|Dugtrio, F|51/100
|-damage|p2a: Dugtrio|27/100|[from] Spikes
|
|-heal|p1a: Gengar|42/100|[from] item: Leftovers
|upkeep
|turn|47
|
|t:|1728415127
|move|p2a: Dugtrio|Rock Slide|p1a: Gengar
|-damage|p1a: Gengar|0 fnt
|faint|p1a: Gengar
|
|t:|1728415131
|switch|p1a: Zapdos|Zapdos|17/100 brn
|
|-heal|p1a: Zapdos|23/100 brn|[from] item: Leftovers
|-damage|p1a: Zapdos|10/100 brn|[from] brn
|upkeep
|turn|48
|
|t:|1728415136
|move|p2a: Dugtrio|Rock Slide|p1a: Zapdos
|-supereffective|p1a: Zapdos
|-damage|p1a: Zapdos|0 fnt
|faint|p1a: Zapdos
|
|win|amir
|c|‽amir|/log amir made the replay of this battle unlisted.
|c|☆Drekt93|WP first game
|player|p2|

</script>
<script type="application/json" class="data" id="replaydata-smogtours-gen3ou-796444">
{"id":"smogtours-gen3ou-796444","format":"[Gen 3] OU","players":["Drekt93","amir"],"uploadtime":1728415136,"views":115,"formatid":"gen3ou","rating":null,"private":1,"password":null}
</script>

<script defer src="js/replays.js?9d40a366"></script>
