<!DOCTYPE html>
<meta charset="utf-8" />
<meta name="viewport" content="width=device-width" />

<title>[Gen 3] OU: squeenr vs. SSBM Nicki - Replays - Pok&eacute;mon Showdown!</title>

<meta name="description" content="Watch a replay of a Pok&eacute;mon battle between squeenr and SSBM Nicki! Format: [Gen 3] OU; Date: Oct 29, 2024" />
<!--

Hey, you! Looking in the source for the replay log?

You can find them in JSON format, just add `.json` at the end of a replay URL.

https://replay.pokemonshowdown.com/gen7randomdoublesbattle-865046831.json

Or, if you only need the log itself, add `.log` instead:

https://replay.pokemonshowdown.com/gen7randomdoublesbattle-865046831.log

-->

<link rel="stylesheet" href="//pokemonshowdown.com/style/global.css?0.023195364461161105" />
<link rel="stylesheet" href="//play.pokemonshowdown.com/style/font-awesome.css?0.13261647063804238" />
<link rel="stylesheet" href="//play.pokemonshowdown.com/style/battle.css?0.8753245789963631" />
<link rel="stylesheet" href="//play.pokemonshowdown.com/style/utilichart.css?0.8627959624976733" />

<!-- Global site tag (gtag.js) - Google Analytics -->
<script async src="https://www.googletagmanager.com/gtag/js?id=UA-26211653-1"></script>
<script>
  window.dataLayer = window.dataLayer || [];
  function gtag(){dataLayer.push(arguments);}
  gtag('js', new Date());

  gtag('config', 'UA-26211653-1');
</script>
<!-- End Google Analytics -->
<!-- Venatus Ad Manager - Install in <HEAD> of page -->
	<script src="https://hb.vntsm.com/v3/live/ad-manager.min.js" type="text/javascript" data-site-id="642aba63ec9a7b11c3c9c1be" data-mode="scan" async></script>
<!-- / Venatus Ad Manager -->

<style>
	@media (max-width:820px) {
		.battle {
			margin: 0 auto;
		}
		.battle-log {
			margin: 7px auto 0;
			max-width: 640px;
			height: 300px;
			position: static;
		}
	}
	.optgroup {
		display: inline-block;
		line-height: 22px;
		font-size: 10pt;
	}
	.optgroup .button {
		height: 25px;
		padding-top: 0;
		padding-bottom: 0;
	}
	.optgroup button.button {
		padding-left: 12px;
		padding-right: 12px;
	}
	.linklist {
		list-style: none;
		margin: 0.5em 0;
		padding: 0;
	}
	.linklist li {
		padding: 2px 0;
	}
	.sidebar {
		float: left;
		width: 320px;
	}
	.bar-wrapper {
		max-width: 1100px;
		margin: 0 auto;
	}
	.bar-wrapper.has-sidebar {
		max-width: 1430px;
	}
	.mainbar {
		margin: 0;
		padding-right: 1px;
	}
	.mainbar.has-sidebar {
		margin-left: 330px;
	}
	@media (min-width: 1511px) {
		.sidebar {
			width: 400px;
		}
		.bar-wrapper.has-sidebar {
			max-width: 1510px;
		}
		.mainbar.has-sidebar {
			margin-left: 410px;
		}
	}
	.section.first-section {
		margin-top: 9px;
	}
	.blocklink small {
		white-space: normal;
	}
	.button {
		vertical-align: middle;
	}
	.replay-controls {
		padding-top: 10px;
	}
	.replay-controls h1 {
		font-size: 16pt;
		font-weight: normal;
		color: #CCC;
	}
	.pagelink {
		text-align: center;
	}
	.pagelink a {
		width: 150px;
	}
	.textbox, .button {
		font-size: 11pt;
		vertical-align: middle;
	}
	@media (max-width: 450px) {
		.button {
			font-size: 9pt;
		}
	}
</style>

<div>

	<header>
		<div class="nav-wrapper"><ul class="nav">
			<li><a class="button nav-first" href="//pokemonshowdown.com/"><img src="//pokemonshowdown.com/images/pokemonshowdownbeta.png" srcset="//pokemonshowdown.com/images/pokemonshowdownbeta.png 1x, //pokemonshowdown.com/images/pokemonshowdownbeta@2x.png 2x" alt="Pok&eacute;mon Showdown" width="146" height="44" /> Home</a></li>
			<li><a class="button" href="//pokemonshowdown.com/dex/">Pok&eacute;dex</a></li>
			<li><a class="button cur" href="/">Replays</a></li>
			<li><a class="button" href="//pokemonshowdown.com/ladder/">Ladder</a></li>
			<li><a class="button nav-last" href="//pokemonshowdown.com/forums/">Forum</a></li>
			<li><a class="button greenbutton nav-first nav-last" href="//play.pokemonshowdown.com/">Play</a></li>
		</ul></div>
	</header>

	<div class="main" id="main">

		<noscript><section class="section">You need to enable JavaScript to use this page; sorry!</section></noscript>

	</div>

</div>

<script defer nomodule src="//play.pokemonshowdown.com/js/lib/ps-polyfill.js"></script>
<script defer src="//play.pokemonshowdown.com/js/lib/preact.min.js"></script>

<script defer src="//play.pokemonshowdown.com/config/config.js?2bddbc15"></script>
<script defer src="//play.pokemonshowdown.com/js/lib/jquery-1.11.0.min.js"></script>
<script defer src="//play.pokemonshowdown.com/js/lib/html-sanitizer-minified.js"></script>
<script defer src="//play.pokemonshowdown.com/js/battle-sound.js"></script>
<script defer src="//play.pokemonshowdown.com/js/battledata.js?0.7209276989879541"></script>
<script defer src="//play.pokemonshowdown.com/data/pokedex-mini.js?0.6111056340867951"></script>
<script defer src="//play.pokemonshowdown.com/data/pokedex-mini-bw.js?0.3532142036491459"></script>
<script defer src="//play.pokemonshowdown.com/data/graphics.js?0.24223875632456182"></script>
<script defer src="//play.pokemonshowdown.com/data/pokedex.js?0.38839984266356864"></script>
<script defer src="//play.pokemonshowdown.com/data/moves.js?0.21866028504024015"></script>
<script defer src="//play.pokemonshowdown.com/data/abilities.js?0.2005157953846628"></script>
<script defer src="//play.pokemonshowdown.com/data/items.js?0.9894211263848525"></script>
<script defer src="//play.pokemonshowdown.com/data/teambuilder-tables.js?0.6008791140282215"></script>
<script defer src="//play.pokemonshowdown.com/js/battle-tooltips.js?0.7580118955022959"></script>
<script defer src="//play.pokemonshowdown.com/js/battle.js?0.6057722274234274"></script>

<script defer src="js/utils.js?e31f9a17"></script>
<script defer src="js/replays-battle.js?7008c182"></script>

<!-- don't scrape this data! just add .json or .log after the URL!
Full API docs: https://github.com/smogon/pokemon-showdown-client/blob/master/WEB-API.md -->
<script type="text/plain" class="log" id="replaylog-smogtours-gen3ou-803253">
|inactive|Battle timer is ON: inactive players will automatically lose when time's up.
|t:|1730225170
|gametype|singles
|player|p1|squeenr|265|
|player|p2|SSBM Nicki|265|
|teamsize|p1|6
|teamsize|p2|6
|gen|3
|tier|[Gen 3] OU
|rule|Sleep Clause Mod: Limit one foe put to sleep
|rule|Switch Priority Clause Mod: Faster Pokémon switch first
|rule|Species Clause: Limit one of each Pokémon
|rule|OHKO Clause: OHKO moves are banned
|rule|Evasion Items Clause: Evasion items are banned
|rule|Evasion Moves Clause: Evasion moves are banned
|rule|Endless Battle Clause: Forcing endless battles is banned
|rule|HP Percentage Mod: HP is shown in percentages
|rule|One Boost Passer Clause: Limit one Baton Passer that has a way to boost its stats
|rule|Freeze Clause Mod: Limit one foe frozen
|
|t:|1730225170
|start
|switch|p1a: Heracross|Heracross, F|100/100
|switch|p2a: Salamence|Salamence, F|100/100
|-ability|p2a: Salamence|Intimidate|boost
|-unboost|p1a: Heracross|atk|1
|turn|1
|inactive|SSBM Nicki has 270 seconds left.
|
|t:|1730225213
|switch|p1a: Miltank|Miltank, F|100/100
|move|p2a: Salamence|Dragon Claw|p1a: Miltank
|-damage|p1a: Miltank|52/100
|
|-heal|p1a: Miltank|58/100|[from] item: Leftovers
|upkeep
|turn|2
|inactive|SSBM Nicki has 270 seconds left.
|
|t:|1730225251
|switch|p2a: Forretress|Forretress, M|100/100
|move|p1a: Miltank|Body Slam|p2a: Forretress
|-resisted|p2a: Forretress
|-damage|p2a: Forretress|89/100
|-status|p2a: Forretress|par
|
|-heal|p1a: Miltank|64/100|[from] item: Leftovers
|-heal|p2a: Forretress|96/100 par|[from] item: Leftovers
|upkeep
|turn|3
|inactive|SSBM Nicki has 270 seconds left.
|inactive|squeenr has 270 seconds left.
|
|t:|1730225268
|move|p1a: Miltank|Milk Drink|p1a: Miltank
|-heal|p1a: Miltank|100/100
|move|p2a: Forretress|Earthquake|p1a: Miltank
|-damage|p1a: Miltank|86/100
|
|-heal|p1a: Miltank|92/100|[from] item: Leftovers
|-heal|p2a: Forretress|100/100 par|[from] item: Leftovers
|upkeep
|turn|4
|inactive|SSBM Nicki has 270 seconds left.
|
|t:|1730225288
|switch|p1a: Magneton|Magneton|100/100
|switch|p2a: Tyranitar|Tyranitar, F|100/100
|-weather|Sandstorm|[from] ability: Sand Stream|[of] p2a: Tyranitar
|
|-weather|Sandstorm|[upkeep]
|upkeep
|turn|5
|inactive|SSBM Nicki has 270 seconds left.
|inactive|squeenr has 270 seconds left.
|
|t:|1730225304
|switch|p1a: Salamence|Salamence, F|100/100
|-ability|p1a: Salamence|Intimidate|boost
|-unboost|p2a: Tyranitar|atk|1
|move|p2a: Tyranitar|Fire Blast|p1a: Salamence
|-resisted|p1a: Salamence
|-damage|p1a: Salamence|82/100
|
|-weather|Sandstorm|[upkeep]
|-damage|p1a: Salamence|76/100|[from] Sandstorm
|-heal|p1a: Salamence|82/100|[from] item: Leftovers
|upkeep
|turn|6
|inactive|SSBM Nicki has 270 seconds left.
|inactive|squeenr has 270 seconds left.
|
|t:|1730225325
|switch|p2a: Salamence|Salamence, F|100/100
|-ability|p2a: Salamence|Intimidate|boost
|-unboost|p1a: Salamence|atk|1
|move|p1a: Salamence|Dragon Dance|p1a: Salamence
|-boost|p1a: Salamence|atk|1
|-boost|p1a: Salamence|spe|1
|
|-weather|Sandstorm|[upkeep]
|-damage|p1a: Salamence|76/100|[from] Sandstorm
|-damage|p2a: Salamence|95/100|[from] Sandstorm
|-heal|p1a: Salamence|82/100|[from] item: Leftovers
|-heal|p2a: Salamence|100/100|[from] item: Leftovers
|upkeep
|turn|7
|inactive|squeenr has 270 seconds left.
|
|t:|1730225352
|move|p1a: Salamence|Rock Slide|p2a: Salamence
|-supereffective|p2a: Salamence
|-damage|p2a: Salamence|45/100
|move|p2a: Salamence|Dragon Claw|p1a: Salamence
|-supereffective|p1a: Salamence
|-damage|p1a: Salamence|0 fnt
|faint|p1a: Salamence
|
|t:|1730225363
|switch|p1a: Tyranitar|Tyranitar, F|100/100
|
|-weather|Sandstorm|[upkeep]
|-damage|p2a: Salamence|39/100|[from] Sandstorm
|-heal|p2a: Salamence|45/100|[from] item: Leftovers
|upkeep
|turn|8
|inactive|squeenr has 240 seconds left.
|
|t:|1730225379
|move|p2a: Salamence|Brick Break|p1a: Tyranitar
|-supereffective|p1a: Tyranitar
|-damage|p1a: Tyranitar|31/100
|move|p1a: Tyranitar|Roar|p2a: Salamence
|drag|p2a: Forretress|Forretress, M|100/100 par
|
|-weather|Sandstorm|[upkeep]
|-heal|p1a: Tyranitar|37/100|[from] item: Leftovers
|upkeep
|turn|9
|inactive|SSBM Nicki has 270 seconds left.
|inactive|squeenr has 240 seconds left.
|inactive|SSBM Nicki has 240 seconds left.
|
|t:|1730225421
|switch|p1a: Heracross|Heracross, F|100/100
|switch|p2a: Blissey|Blissey, F|100/100
|
|-weather|Sandstorm|[upkeep]
|-damage|p1a: Heracross|95/100|[from] Sandstorm
|-damage|p2a: Blissey|94/100|[from] Sandstorm
|-heal|p2a: Blissey|100/100|[from] item: Leftovers
|upkeep
|turn|10
|inactive|SSBM Nicki has 240 seconds left.
|inactive|squeenr has 240 seconds left.
|inactive|SSBM Nicki has 210 seconds left.
|
|t:|1730225457
|move|p1a: Heracross|Megahorn|p2a: Blissey
|-damage|p2a: Blissey|12/100
|move|p2a: Blissey|Thunder Wave|p1a: Heracross
|-status|p1a: Heracross|par
|
|-weather|Sandstorm|[upkeep]
|-damage|p2a: Blissey|6/100|[from] Sandstorm
|-damage|p1a: Heracross|89/100 par|[from] Sandstorm
|-heal|p2a: Blissey|12/100|[from] item: Leftovers
|upkeep
|turn|11
|inactive|SSBM Nicki has 210 seconds left.
|
|t:|1730225481
|switch|p1a: Miltank|Miltank, F|92/100
|move|p2a: Blissey|Soft-Boiled|p2a: Blissey
|-heal|p2a: Blissey|62/100
|
|-weather|Sandstorm|[upkeep]
|-damage|p1a: Miltank|86/100|[from] Sandstorm
|-damage|p2a: Blissey|56/100|[from] Sandstorm
|-heal|p1a: Miltank|92/100|[from] item: Leftovers
|-heal|p2a: Blissey|62/100|[from] item: Leftovers
|upkeep
|turn|12
|inactive|SSBM Nicki has 210 seconds left.
|
|t:|1730225516
|switch|p2a: Forretress|Forretress, M|100/100 par
|move|p1a: Miltank|Curse|p1a: Miltank
|-unboost|p1a: Miltank|spe|1
|-boost|p1a: Miltank|atk|1
|-boost|p1a: Miltank|def|1
|
|-weather|Sandstorm|[upkeep]
|-damage|p1a: Miltank|86/100|[from] Sandstorm
|-heal|p1a: Miltank|92/100|[from] item: Leftovers
|upkeep
|turn|13
|
|t:|1730225529
|move|p1a: Miltank|Heal Bell|p1a: Miltank
|-activate|p1a: Miltank|move: Heal Bell
|-curestatus|p1: Heracross|par|[silent]
|move|p2a: Forretress|Spikes|p1a: Miltank
|-sidestart|p1: squeenr|Spikes
|
|-weather|Sandstorm|[upkeep]
|-damage|p1a: Miltank|86/100|[from] Sandstorm
|-heal|p1a: Miltank|92/100|[from] item: Leftovers
|upkeep
|turn|14
|
|t:|1730225541
|switch|p1a: Magneton|Magneton|100/100
|-damage|p1a: Magneton|88/100|[from] Spikes
|move|p2a: Forretress|Explosion|p1a: Magneton
|-resisted|p1a: Magneton
|-damage|p1a: Magneton|16/100
|faint|p2a: Forretress
|inactive|SSBM Nicki has 180 seconds left.
|
|t:|1730225578
|switch|p2a: Blissey|Blissey, F|62/100
|
|-weather|Sandstorm|[upkeep]
|-damage|p2a: Blissey|56/100|[from] Sandstorm
|-heal|p2a: Blissey|62/100|[from] item: Leftovers
|upkeep
|turn|15
|inactive|squeenr has 210 seconds left.
|
|t:|1730225605
|move|p1a: Magneton|Toxic|p2a: Blissey
|-status|p2a: Blissey|tox
|move|p2a: Blissey|Thunder Wave|p1a: Magneton
|-status|p1a: Magneton|par
|
|-weather|Sandstorm|[upkeep]
|-damage|p2a: Blissey|56/100 tox|[from] Sandstorm
|-heal|p2a: Blissey|62/100 tox|[from] item: Leftovers
|-damage|p2a: Blissey|56/100 tox|[from] psn
|upkeep
|turn|16
|inactive|squeenr has 210 seconds left.
|inactive|SSBM Nicki has 150 seconds left.
|
|t:|1730225641
|switch|p1a: Heracross|Heracross, F|89/100
|-damage|p1a: Heracross|76/100|[from] Spikes
|move|p2a: Blissey|Soft-Boiled|p2a: Blissey
|-heal|p2a: Blissey|100/100 tox
|
|-weather|Sandstorm|[upkeep]
|-damage|p1a: Heracross|70/100|[from] Sandstorm
|-damage|p2a: Blissey|94/100 tox|[from] Sandstorm
|-heal|p2a: Blissey|100/100 tox|[from] item: Leftovers
|-damage|p2a: Blissey|88/100 tox|[from] psn
|upkeep
|turn|17
|inactive|SSBM Nicki has 150 seconds left.
|
|t:|1730225668
|move|p1a: Heracross|Brick Break|p2a: Blissey
|-supereffective|p2a: Blissey
|-damage|p2a: Blissey|0 fnt
|faint|p2a: Blissey
|
|t:|1730225683
|switch|p2a: Aerodactyl|Aerodactyl, F|100/100
|
|-weather|Sandstorm|[upkeep]
|-damage|p1a: Heracross|64/100|[from] Sandstorm
|upkeep
|turn|18
|inactive|squeenr has 180 seconds left.
|
|t:|1730225713
|switch|p1a: Miltank|Miltank, F|92/100
|-damage|p1a: Miltank|80/100|[from] Spikes
|move|p2a: Aerodactyl|Double-Edge|p1a: Miltank
|-damage|p1a: Miltank|44/100
|
|-weather|Sandstorm|[upkeep]
|-damage|p1a: Miltank|37/100|[from] Sandstorm
|-heal|p1a: Miltank|44/100|[from] item: Leftovers
|upkeep
|turn|19
|inactive|squeenr has 180 seconds left.
|inactive|SSBM Nicki has 120 seconds left.
|
|t:|1730225730
|switch|p2a: Tyranitar|Tyranitar, F|100/100
|move|p1a: Miltank|Milk Drink|p1a: Miltank
|-heal|p1a: Miltank|94/100
|
|-weather|Sandstorm|[upkeep]
|-damage|p1a: Miltank|87/100|[from] Sandstorm
|-heal|p1a: Miltank|94/100|[from] item: Leftovers
|upkeep
|turn|20
|inactive|squeenr has 180 seconds left.
|inactive|SSBM Nicki has 120 seconds left.
|
|t:|1730225755
|move|p1a: Miltank|Body Slam|p2a: Tyranitar
|-resisted|p2a: Tyranitar
|-damage|p2a: Tyranitar|90/100
|move|p2a: Tyranitar|Crunch|p1a: Miltank
|-damage|p1a: Miltank|53/100
|
|-weather|Sandstorm|[upkeep]
|-damage|p1a: Miltank|46/100|[from] Sandstorm
|-heal|p1a: Miltank|53/100|[from] item: Leftovers
|-heal|p2a: Tyranitar|96/100|[from] item: Leftovers
|upkeep
|turn|21
|inactive|squeenr has 180 seconds left.
|
|t:|1730225781
|switch|p1a: Magneton|Magneton|16/100 par
|-damage|p1a: Magneton|4/100 par|[from] Spikes
|move|p2a: Tyranitar|Crunch|p1a: Magneton
|-resisted|p1a: Magneton
|-damage|p1a: Magneton|0 fnt
|faint|p1a: Magneton
|
|t:|1730225788
|switch|p1a: Snorlax|Snorlax, F|100/100
|-damage|p1a: Snorlax|88/100|[from] Spikes
|
|-weather|Sandstorm|[upkeep]
|-damage|p1a: Snorlax|82/100|[from] Sandstorm
|-heal|p2a: Tyranitar|100/100|[from] item: Leftovers
|-heal|p1a: Snorlax|88/100|[from] item: Leftovers
|upkeep
|turn|22
|inactive|SSBM Nicki has 90 seconds left.
|
|t:|1730225834
|move|p2a: Tyranitar|Crunch|p1a: Snorlax
|-damage|p1a: Snorlax|70/100
|move|p1a: Snorlax|Curse|p1a: Snorlax
|-unboost|p1a: Snorlax|spe|1
|-boost|p1a: Snorlax|atk|1
|-boost|p1a: Snorlax|def|1
|
|-weather|Sandstorm|[upkeep]
|-damage|p1a: Snorlax|64/100|[from] Sandstorm
|-heal|p1a: Snorlax|70/100|[from] item: Leftovers
|upkeep
|turn|23
|
|t:|1730225863
|move|p2a: Tyranitar|Crunch|p1a: Snorlax
|-damage|p1a: Snorlax|52/100
|move|p1a: Snorlax|Curse|p1a: Snorlax
|-unboost|p1a: Snorlax|spe|1
|-boost|p1a: Snorlax|atk|1
|-boost|p1a: Snorlax|def|1
|
|-weather|Sandstorm|[upkeep]
|-damage|p1a: Snorlax|46/100|[from] Sandstorm
|-heal|p1a: Snorlax|52/100|[from] item: Leftovers
|upkeep
|turn|24
|
|t:|1730225878
|move|p2a: Tyranitar|Crunch|p1a: Snorlax
|-damage|p1a: Snorlax|35/100
|move|p1a: Snorlax|Earthquake|p2a: Tyranitar
|-supereffective|p2a: Tyranitar
|-damage|p2a: Tyranitar|16/100
|
|-weather|Sandstorm|[upkeep]
|-damage|p1a: Snorlax|29/100|[from] Sandstorm
|-heal|p2a: Tyranitar|22/100|[from] item: Leftovers
|-heal|p1a: Snorlax|35/100|[from] item: Leftovers
|upkeep
|turn|25
|
|t:|1730225891
|move|p2a: Tyranitar|Crunch|p1a: Snorlax
|-damage|p1a: Snorlax|16/100
|move|p1a: Snorlax|Rest|p1a: Snorlax
|-status|p1a: Snorlax|slp|[from] move: Rest
|-heal|p1a: Snorlax|100/100 slp|[silent]
|
|-weather|Sandstorm|[upkeep]
|-damage|p1a: Snorlax|94/100 slp|[from] Sandstorm
|-heal|p2a: Tyranitar|28/100|[from] item: Leftovers
|-heal|p1a: Snorlax|100/100 slp|[from] item: Leftovers
|upkeep
|turn|26
|
|t:|1730225904
|switch|p2a: Salamence|Salamence, F|45/100
|-ability|p2a: Salamence|Intimidate|boost
|-unboost|p1a: Snorlax|atk|1
|cant|p1a: Snorlax|slp
|
|-weather|Sandstorm|[upkeep]
|-damage|p2a: Salamence|39/100|[from] Sandstorm
|-damage|p1a: Snorlax|94/100 slp|[from] Sandstorm
|-heal|p2a: Salamence|45/100|[from] item: Leftovers
|-heal|p1a: Snorlax|100/100 slp|[from] item: Leftovers
|upkeep
|turn|27
|
|t:|1730225914
|cant|p1a: Snorlax|slp
|move|p2a: Salamence|Roar|p1a: Snorlax
|drag|p1a: Heracross|Heracross, F|64/100
|-damage|p1a: Heracross|52/100|[from] Spikes
|
|-weather|Sandstorm|[upkeep]
|-damage|p2a: Salamence|39/100|[from] Sandstorm
|-damage|p1a: Heracross|46/100|[from] Sandstorm
|-heal|p2a: Salamence|45/100|[from] item: Leftovers
|upkeep
|turn|28
|inactive|squeenr has 150 seconds left.
|inactive|SSBM Nicki has 90 seconds left.
|inactive|SSBM Nicki has 60 seconds left.
|
|t:|1730225991
|switch|p2a: Jirachi|Jirachi|100/100
|switch|p1a: Tyranitar|Tyranitar, F|37/100
|-damage|p1a: Tyranitar|25/100|[from] Spikes
|
|-weather|Sandstorm|[upkeep]
|-heal|p1a: Tyranitar|31/100|[from] item: Leftovers
|upkeep
|turn|29
|inactive|squeenr has 150 seconds left.
|
|t:|1730226002
|move|p2a: Jirachi|Toxic|p1a: Tyranitar|[miss]
|-miss|p2a: Jirachi|p1a: Tyranitar
|move|p1a: Tyranitar|Fire Blast|p2a: Jirachi
|-supereffective|p2a: Jirachi
|-damage|p2a: Jirachi|34/100
|
|-weather|Sandstorm|[upkeep]
|-heal|p2a: Jirachi|40/100|[from] item: Leftovers
|-heal|p1a: Tyranitar|37/100|[from] item: Leftovers
|upkeep
|turn|30
|inactive|squeenr has 150 seconds left.
|
|t:|1730226013
|move|p2a: Jirachi|Protect|p2a: Jirachi
|-singleturn|p2a: Jirachi|Protect
|move|p1a: Tyranitar|Pursuit|p2a: Jirachi
|-activate|p2a: Jirachi|Protect
|
|-weather|Sandstorm|[upkeep]
|-heal|p2a: Jirachi|47/100|[from] item: Leftovers
|-heal|p1a: Tyranitar|44/100|[from] item: Leftovers
|upkeep
|turn|31
|inactive|squeenr has 150 seconds left.
|
|t:|1730226027
|move|p2a: Jirachi|Wish|p2a: Jirachi
|move|p1a: Tyranitar|Fire Blast|p2a: Jirachi
|-supereffective|p2a: Jirachi
|-damage|p2a: Jirachi|0 fnt
|faint|p2a: Jirachi
|
|t:|1730226030
|switch|p2a: Salamence|Salamence, F|45/100
|-ability|p2a: Salamence|Intimidate|boost
|-unboost|p1a: Tyranitar|atk|1
|
|-weather|Sandstorm|[upkeep]
|-damage|p2a: Salamence|39/100|[from] Sandstorm
|-heal|p2a: Salamence|45/100|[from] item: Leftovers
|-heal|p1a: Tyranitar|50/100|[from] item: Leftovers
|upkeep
|turn|32
|inactive|squeenr has 150 seconds left.
|
|t:|1730226053
|move|p2a: Salamence|Brick Break|p1a: Tyranitar
|-supereffective|p1a: Tyranitar
|-damage|p1a: Tyranitar|0 fnt
|faint|p1a: Tyranitar
|inactive|squeenr has 150 seconds left.
|inactive|squeenr has 120 seconds left.
|
|t:|1730226091
|switch|p1a: Miltank|Miltank, F|53/100
|-damage|p1a: Miltank|40/100|[from] Spikes
|
|-heal|p2a: Salamence|95/100|[from] move: Wish|[wisher] Jirachi
|-weather|Sandstorm|[upkeep]
|-damage|p2a: Salamence|89/100|[from] Sandstorm
|-damage|p1a: Miltank|34/100|[from] Sandstorm
|-heal|p2a: Salamence|95/100|[from] item: Leftovers
|-heal|p1a: Miltank|40/100|[from] item: Leftovers
|upkeep
|turn|33
|inactive|squeenr has 120 seconds left.
|
|t:|1730226103
|move|p2a: Salamence|Dragon Claw|p1a: Miltank
|-damage|p1a: Miltank|0 fnt
|faint|p1a: Miltank
|
|t:|1730226108
|switch|p1a: Snorlax|Snorlax, F|100/100 slp
|-damage|p1a: Snorlax|88/100 slp|[from] Spikes
|
|-weather|Sandstorm|[upkeep]
|-damage|p2a: Salamence|89/100|[from] Sandstorm
|-damage|p1a: Snorlax|82/100 slp|[from] Sandstorm
|-heal|p2a: Salamence|95/100|[from] item: Leftovers
|-heal|p1a: Snorlax|88/100 slp|[from] item: Leftovers
|upkeep
|turn|34
|inactive|SSBM Nicki has 60 seconds left.
|
|t:|1730226116
|-curestatus|p1a: Snorlax|slp|[msg]
|move|p1a: Snorlax|Return|p2a: Salamence
|-damage|p2a: Salamence|52/100
|move|p2a: Salamence|Roar|p1a: Snorlax
|drag|p1a: Heracross|Heracross, F|46/100
|-damage|p1a: Heracross|34/100|[from] Spikes
|
|-weather|Sandstorm|[upkeep]
|-damage|p2a: Salamence|46/100|[from] Sandstorm
|-damage|p1a: Heracross|28/100|[from] Sandstorm
|-heal|p2a: Salamence|52/100|[from] item: Leftovers
|upkeep
|turn|35
|inactive|SSBM Nicki has 60 seconds left.
|
|t:|1730226142
|move|p2a: Salamence|Brick Break|p1a: Heracross
|-resisted|p1a: Heracross
|-damage|p1a: Heracross|11/100
|move|p1a: Heracross|Megahorn|p2a: Salamence
|-resisted|p2a: Salamence
|-damage|p2a: Salamence|0 fnt
|faint|p2a: Salamence
|
|t:|1730226146
|switch|p2a: Aerodactyl|Aerodactyl, F|100/100
|
|-weather|Sandstorm|[upkeep]
|-damage|p1a: Heracross|5/100|[from] Sandstorm
|upkeep
|turn|36
|
|t:|1730226157
|move|p2a: Aerodactyl|Hidden Power|p1a: Heracross
|-resisted|p1a: Heracross
|-damage|p1a: Heracross|0 fnt
|faint|p1a: Heracross
|
|t:|1730226163
|switch|p1a: Snorlax|Snorlax, F|88/100
|-damage|p1a: Snorlax|76/100|[from] Spikes
|
|-weather|Sandstorm|[upkeep]
|-damage|p1a: Snorlax|69/100|[from] Sandstorm
|-heal|p1a: Snorlax|76/100|[from] item: Leftovers
|upkeep
|turn|37
|
|t:|1730226169
|move|p2a: Aerodactyl|Hidden Power|p1a: Snorlax
|-supereffective|p1a: Snorlax
|-damage|p1a: Snorlax|20/100
|move|p1a: Snorlax|Curse|p1a: Snorlax
|-unboost|p1a: Snorlax|spe|1
|-boost|p1a: Snorlax|atk|1
|-boost|p1a: Snorlax|def|1
|
|-weather|Sandstorm|[upkeep]
|-damage|p1a: Snorlax|14/100|[from] Sandstorm
|-heal|p1a: Snorlax|20/100|[from] item: Leftovers
|upkeep
|turn|38
|inactive|squeenr has 150 seconds left.
|
|t:|1730226184
|move|p2a: Aerodactyl|Hidden Power|p1a: Snorlax
|-supereffective|p1a: Snorlax
|-damage|p1a: Snorlax|0 fnt
|faint|p1a: Snorlax
|
|win|SSBM Nicki
|c|☆squeenr|gg
|c|☆SSBM Nicki|gg

</script>
<script type="application/json" class="data" id="replaydata-smogtours-gen3ou-803253">
{"id":"smogtours-gen3ou-803253","format":"[Gen 3] OU","players":["squeenr","SSBM Nicki"],"uploadtime":1730226184,"views":97,"formatid":"gen3ou","rating":null,"private":0,"password":null}
</script>

<script defer src="js/replays.js?9d40a366"></script>
