<!DOCTYPE html>
<meta charset="utf-8" />
<meta name="viewport" content="width=device-width" />

<title>[Gen 3] OU: taccat vs. cheesimoon - Replays - Pok&eacute;mon Showdown!</title>

<meta name="description" content="Watch a replay of a Pok&eacute;mon battle between taccat and cheesimoon! Format: [Gen 3] OU; Date: Oct 16, 2024" />
<!--

Hey, you! Looking in the source for the replay log?

You can find them in JSON format, just add `.json` at the end of a replay URL.

https://replay.pokemonshowdown.com/gen7randomdoublesbattle-865046831.json

Or, if you only need the log itself, add `.log` instead:

https://replay.pokemonshowdown.com/gen7randomdoublesbattle-865046831.log

-->

<link rel="stylesheet" href="//pokemonshowdown.com/style/global.css?0.023195364461161105" />
<link rel="stylesheet" href="//play.pokemonshowdown.com/style/font-awesome.css?0.13261647063804238" />
<link rel="stylesheet" href="//play.pokemonshowdown.com/style/battle.css?0.8753245789963631" />
<link rel="stylesheet" href="//play.pokemonshowdown.com/style/utilichart.css?0.8627959624976733" />

<!-- Global site tag (gtag.js) - Google Analytics -->
<script async src="https://www.googletagmanager.com/gtag/js?id=UA-26211653-1"></script>
<script>
  window.dataLayer = window.dataLayer || [];
  function gtag(){dataLayer.push(arguments);}
  gtag('js', new Date());

  gtag('config', 'UA-26211653-1');
</script>
<!-- End Google Analytics -->
<!-- Venatus Ad Manager - Install in <HEAD> of page -->
	<script src="https://hb.vntsm.com/v3/live/ad-manager.min.js" type="text/javascript" data-site-id="642aba63ec9a7b11c3c9c1be" data-mode="scan" async></script>
<!-- / Venatus Ad Manager -->

<style>
	@media (max-width:820px) {
		.battle {
			margin: 0 auto;
		}
		.battle-log {
			margin: 7px auto 0;
			max-width: 640px;
			height: 300px;
			position: static;
		}
	}
	.optgroup {
		display: inline-block;
		line-height: 22px;
		font-size: 10pt;
	}
	.optgroup .button {
		height: 25px;
		padding-top: 0;
		padding-bottom: 0;
	}
	.optgroup button.button {
		padding-left: 12px;
		padding-right: 12px;
	}
	.linklist {
		list-style: none;
		margin: 0.5em 0;
		padding: 0;
	}
	.linklist li {
		padding: 2px 0;
	}
	.sidebar {
		float: left;
		width: 320px;
	}
	.bar-wrapper {
		max-width: 1100px;
		margin: 0 auto;
	}
	.bar-wrapper.has-sidebar {
		max-width: 1430px;
	}
	.mainbar {
		margin: 0;
		padding-right: 1px;
	}
	.mainbar.has-sidebar {
		margin-left: 330px;
	}
	@media (min-width: 1511px) {
		.sidebar {
			width: 400px;
		}
		.bar-wrapper.has-sidebar {
			max-width: 1510px;
		}
		.mainbar.has-sidebar {
			margin-left: 410px;
		}
	}
	.section.first-section {
		margin-top: 9px;
	}
	.blocklink small {
		white-space: normal;
	}
	.button {
		vertical-align: middle;
	}
	.replay-controls {
		padding-top: 10px;
	}
	.replay-controls h1 {
		font-size: 16pt;
		font-weight: normal;
		color: #CCC;
	}
	.pagelink {
		text-align: center;
	}
	.pagelink a {
		width: 150px;
	}
	.textbox, .button {
		font-size: 11pt;
		vertical-align: middle;
	}
	@media (max-width: 450px) {
		.button {
			font-size: 9pt;
		}
	}
</style>

<div>

	<header>
		<div class="nav-wrapper"><ul class="nav">
			<li><a class="button nav-first" href="//pokemonshowdown.com/"><img src="//pokemonshowdown.com/images/pokemonshowdownbeta.png" srcset="//pokemonshowdown.com/images/pokemonshowdownbeta.png 1x, //pokemonshowdown.com/images/pokemonshowdownbeta@2x.png 2x" alt="Pok&eacute;mon Showdown" width="146" height="44" /> Home</a></li>
			<li><a class="button" href="//pokemonshowdown.com/dex/">Pok&eacute;dex</a></li>
			<li><a class="button cur" href="/">Replays</a></li>
			<li><a class="button" href="//pokemonshowdown.com/ladder/">Ladder</a></li>
			<li><a class="button nav-last" href="//pokemonshowdown.com/forums/">Forum</a></li>
			<li><a class="button greenbutton nav-first nav-last" href="//play.pokemonshowdown.com/">Play</a></li>
		</ul></div>
	</header>

	<div class="main" id="main">

		<noscript><section class="section">You need to enable JavaScript to use this page; sorry!</section></noscript>

	</div>

</div>

<script defer nomodule src="//play.pokemonshowdown.com/js/lib/ps-polyfill.js"></script>
<script defer src="//play.pokemonshowdown.com/js/lib/preact.min.js"></script>

<script defer src="//play.pokemonshowdown.com/config/config.js?2bddbc15"></script>
<script defer src="//play.pokemonshowdown.com/js/lib/jquery-1.11.0.min.js"></script>
<script defer src="//play.pokemonshowdown.com/js/lib/html-sanitizer-minified.js"></script>
<script defer src="//play.pokemonshowdown.com/js/battle-sound.js"></script>
<script defer src="//play.pokemonshowdown.com/js/battledata.js?0.7209276989879541"></script>
<script defer src="//play.pokemonshowdown.com/data/pokedex-mini.js?0.6111056340867951"></script>
<script defer src="//play.pokemonshowdown.com/data/pokedex-mini-bw.js?0.3532142036491459"></script>
<script defer src="//play.pokemonshowdown.com/data/graphics.js?0.24223875632456182"></script>
<script defer src="//play.pokemonshowdown.com/data/pokedex.js?0.38839984266356864"></script>
<script defer src="//play.pokemonshowdown.com/data/moves.js?0.21866028504024015"></script>
<script defer src="//play.pokemonshowdown.com/data/abilities.js?0.2005157953846628"></script>
<script defer src="//play.pokemonshowdown.com/data/items.js?0.9894211263848525"></script>
<script defer src="//play.pokemonshowdown.com/data/teambuilder-tables.js?0.6008791140282215"></script>
<script defer src="//play.pokemonshowdown.com/js/battle-tooltips.js?0.7580118955022959"></script>
<script defer src="//play.pokemonshowdown.com/js/battle.js?0.6057722274234274"></script>

<script defer src="js/utils.js?e31f9a17"></script>
<script defer src="js/replays-battle.js?7008c182"></script>

<!-- don't scrape this data! just add .json or .log after the URL!
Full API docs: https://github.com/smogon/pokemon-showdown-client/blob/master/WEB-API.md -->
<script type="text/plain" class="log" id="replaylog-smogtours-gen3ou-799147">
|inactive|Battle timer is ON: inactive players will automatically lose when time's up.
|t:|1729108224
|gametype|singles
|player|p1|taccat|ltsurge|
|player|p2|cheesimoon|102|
|teamsize|p1|6
|teamsize|p2|6
|gen|3
|tier|[Gen 3] OU
|rule|Sleep Clause Mod: Limit one foe put to sleep
|rule|Switch Priority Clause Mod: Faster Pokémon switch first
|rule|Species Clause: Limit one of each Pokémon
|rule|OHKO Clause: OHKO moves are banned
|rule|Evasion Items Clause: Evasion items are banned
|rule|Evasion Moves Clause: Evasion moves are banned
|rule|Endless Battle Clause: Forcing endless battles is banned
|rule|HP Percentage Mod: HP is shown in percentages
|rule|One Boost Passer Clause: Limit one Baton Passer that has a way to boost its stats
|rule|Freeze Clause Mod: Limit one foe frozen
|
|t:|1729108224
|start
|switch|p1a: Jynx|Jynx, F|100/100
|switch|p2a: Saiki|Alakazam, M|100/100
|turn|1
|c|☆taccat|hf!
|c|☆cheesimoon|u2
|
|t:|1729108234
|move|p2a: Saiki|Fire Punch|p1a: Jynx
|-supereffective|p1a: Jynx
|-damage|p1a: Jynx|26/100
|move|p1a: Jynx|Ice Beam|p2a: Saiki
|-damage|p2a: Saiki|22/100
|
|-heal|p2a: Saiki|28/100|[from] item: Leftovers
|upkeep
|turn|2
|
|t:|1729108242
|switch|p1a: Snorlax|Snorlax, F|100/100
|move|p2a: Saiki|Psychic|p1a: Snorlax
|-damage|p1a: Snorlax|70/100
|
|-heal|p2a: Saiki|34/100|[from] item: Leftovers
|-heal|p1a: Snorlax|76/100|[from] item: Leftovers
|upkeep
|turn|3
|
|t:|1729108250
|switch|p2a: Nendo|Tyranitar, M|100/100
|-weather|Sandstorm|[from] ability: Sand Stream|[of] p2a: Nendo
|move|p1a: Snorlax|Earthquake|p2a: Nendo
|-supereffective|p2a: Nendo
|-damage|p2a: Nendo|50/100
|
|-weather|Sandstorm|[upkeep]
|-damage|p1a: Snorlax|70/100|[from] Sandstorm
|-heal|p2a: Nendo|56/100|[from] item: Leftovers
|-heal|p1a: Snorlax|76/100|[from] item: Leftovers
|upkeep
|turn|4
|
|t:|1729108263
|move|p2a: Nendo|Rock Slide|p1a: Snorlax
|-damage|p1a: Snorlax|41/100
|move|p1a: Snorlax|Curse|p1a: Snorlax
|-unboost|p1a: Snorlax|spe|1
|-boost|p1a: Snorlax|atk|1
|-boost|p1a: Snorlax|def|1
|
|-weather|Sandstorm|[upkeep]
|-damage|p1a: Snorlax|34/100|[from] Sandstorm
|-heal|p2a: Nendo|62/100|[from] item: Leftovers
|-heal|p1a: Snorlax|41/100|[from] item: Leftovers
|upkeep
|turn|5
|
|t:|1729108289
|switch|p2a: Teruhashi|Celebi|100/100
|move|p1a: Snorlax|Earthquake|p2a: Teruhashi
|-resisted|p2a: Teruhashi
|-damage|p2a: Teruhashi|81/100
|
|-weather|Sandstorm|[upkeep]
|-damage|p2a: Teruhashi|75/100|[from] Sandstorm
|-damage|p1a: Snorlax|34/100|[from] Sandstorm
|-heal|p2a: Teruhashi|81/100|[from] item: Leftovers
|-heal|p1a: Snorlax|41/100|[from] item: Leftovers
|upkeep
|turn|6
|
|t:|1729108303
|move|p2a: Teruhashi|Leech Seed|p1a: Snorlax
|-start|p1a: Snorlax|move: Leech Seed
|move|p1a: Snorlax|Self-Destruct|p2a: Teruhashi
|-damage|p2a: Teruhashi|0 fnt
|faint|p1a: Snorlax
|faint|p2a: Teruhashi
|
|t:|1729108314
|switch|p2a: Saiki|Alakazam, M|34/100
|switch|p1a: Claydol|Claydol|100/100
|
|-weather|Sandstorm|[upkeep]
|-damage|p2a: Saiki|28/100|[from] Sandstorm
|-heal|p2a: Saiki|34/100|[from] item: Leftovers
|upkeep
|turn|7
|inactive|cheesimoon has 270 seconds left.
|
|t:|1729108353
|switch|p2a: Aren|Swampert, M|100/100
|move|p1a: Claydol|Psychic|p2a: Aren
|-crit|p2a: Aren
|-damage|p2a: Aren|59/100
|
|-weather|Sandstorm|[upkeep]
|-heal|p2a: Aren|65/100|[from] item: Leftovers
|upkeep
|turn|8
|
|t:|1729108371
|move|p1a: Claydol|Psychic|p2a: Aren
|-damage|p2a: Aren|45/100
|move|p2a: Aren|Surf|p1a: Claydol
|-supereffective|p1a: Claydol
|-damage|p1a: Claydol|64/100
|
|-weather|Sandstorm|[upkeep]
|-heal|p1a: Claydol|70/100|[from] item: Leftovers
|-heal|p2a: Aren|52/100|[from] item: Leftovers
|upkeep
|turn|9
|
|t:|1729108385
|move|p2a: Aren|Protect|p2a: Aren
|-singleturn|p2a: Aren|Protect
|move|p1a: Claydol|Psychic|p2a: Aren
|-activate|p2a: Aren|Protect
|
|-weather|Sandstorm|[upkeep]
|-heal|p1a: Claydol|76/100|[from] item: Leftovers
|-heal|p2a: Aren|58/100|[from] item: Leftovers
|upkeep
|turn|10
|
|t:|1729108394
|move|p1a: Claydol|Explosion|p2a: Aren
|-damage|p2a: Aren|3/100
|faint|p1a: Claydol
|
|t:|1729108405
|switch|p1a: Suicune|Suicune|100/100
|
|-weather|Sandstorm|[upkeep]
|-damage|p1a: Suicune|94/100|[from] Sandstorm
|-heal|p1a: Suicune|100/100|[from] item: Leftovers
|-heal|p2a: Aren|9/100|[from] item: Leftovers
|upkeep
|turn|11
|
|t:|1729108409
|move|p1a: Suicune|Calm Mind|p1a: Suicune
|-boost|p1a: Suicune|spa|1
|-boost|p1a: Suicune|spd|1
|move|p2a: Aren|Earthquake|p1a: Suicune
|-damage|p1a: Suicune|70/100
|
|-weather|Sandstorm|[upkeep]
|-damage|p1a: Suicune|64/100|[from] Sandstorm
|-heal|p1a: Suicune|70/100|[from] item: Leftovers
|-heal|p2a: Aren|16/100|[from] item: Leftovers
|upkeep
|turn|12
|
|t:|1729108414
|move|p1a: Suicune|Surf|p2a: Aren
|-damage|p2a: Aren|0 fnt
|faint|p2a: Aren
|
|t:|1729108429
|switch|p2a: Kaido|Zapdos|100/100
|
|-weather|Sandstorm|[upkeep]
|-damage|p2a: Kaido|94/100|[from] Sandstorm
|-damage|p1a: Suicune|64/100|[from] Sandstorm
|-heal|p2a: Kaido|100/100|[from] item: Leftovers
|-heal|p1a: Suicune|70/100|[from] item: Leftovers
|upkeep
|turn|13
|
|t:|1729108436
|move|p2a: Kaido|Thunderbolt|p1a: Suicune
|-supereffective|p1a: Suicune
|-damage|p1a: Suicune|25/100
|move|p1a: Suicune|Rest|p1a: Suicune
|-status|p1a: Suicune|slp|[from] move: Rest
|-heal|p1a: Suicune|100/100 slp|[silent]
|
|-weather|Sandstorm|[upkeep]
|-damage|p2a: Kaido|94/100|[from] Sandstorm
|-damage|p1a: Suicune|94/100 slp|[from] Sandstorm
|-heal|p2a: Kaido|100/100|[from] item: Leftovers
|-heal|p1a: Suicune|100/100 slp|[from] item: Leftovers
|upkeep
|turn|14
|
|t:|1729108443
|move|p2a: Kaido|Baton Pass|p2a: Kaido
|
|t:|1729108444
|switch|p2a: Takahashi|Dugtrio, F|100/100|[from] Baton Pass
|cant|p1a: Suicune|slp
|move|p1a: Suicune|Sleep Talk|p1a: Suicune
|move|p1a: Suicune|Calm Mind|p1a: Suicune|[from]Sleep Talk
|-boost|p1a: Suicune|spa|1
|-boost|p1a: Suicune|spd|1
|
|-weather|Sandstorm|[upkeep]
|-damage|p1a: Suicune|94/100 slp|[from] Sandstorm
|-heal|p1a: Suicune|100/100 slp|[from] item: Leftovers
|upkeep
|turn|15
|
|t:|1729108451
|move|p2a: Takahashi|Earthquake|p1a: Suicune
|-damage|p1a: Suicune|53/100 slp
|cant|p1a: Suicune|slp
|move|p1a: Suicune|Sleep Talk|p1a: Suicune
|move|p1a: Suicune|Calm Mind|p1a: Suicune|[from]Sleep Talk
|-boost|p1a: Suicune|spa|1
|-boost|p1a: Suicune|spd|1
|
|-weather|Sandstorm|[upkeep]
|-damage|p1a: Suicune|47/100 slp|[from] Sandstorm
|-heal|p1a: Suicune|53/100 slp|[from] item: Leftovers
|upkeep
|turn|16
|
|t:|1729108465
|move|p2a: Takahashi|Earthquake|p1a: Suicune
|-damage|p1a: Suicune|7/100 slp
|-curestatus|p1a: Suicune|slp|[msg]
|move|p1a: Suicune|Rest|p1a: Suicune
|-status|p1a: Suicune|slp|[from] move: Rest
|-heal|p1a: Suicune|100/100 slp|[silent]
|
|-weather|Sandstorm|[upkeep]
|-damage|p1a: Suicune|94/100 slp|[from] Sandstorm
|-heal|p1a: Suicune|100/100 slp|[from] item: Leftovers
|upkeep
|turn|17
|
|t:|1729108468
|move|p2a: Takahashi|Earthquake|p1a: Suicune
|-damage|p1a: Suicune|54/100 slp
|cant|p1a: Suicune|slp
|move|p1a: Suicune|Sleep Talk|p1a: Suicune
|move|p1a: Suicune|Calm Mind|p1a: Suicune|[from]Sleep Talk
|-boost|p1a: Suicune|spa|1
|-boost|p1a: Suicune|spd|1
|
|-weather|Sandstorm|[upkeep]
|-damage|p1a: Suicune|48/100 slp|[from] Sandstorm
|-heal|p1a: Suicune|54/100 slp|[from] item: Leftovers
|upkeep
|turn|18
|
|t:|1729108474
|move|p2a: Takahashi|Earthquake|p1a: Suicune
|-damage|p1a: Suicune|6/100 slp
|cant|p1a: Suicune|slp
|move|p1a: Suicune|Sleep Talk|p1a: Suicune
|move|p1a: Suicune|Calm Mind|p1a: Suicune|[from]Sleep Talk
|-boost|p1a: Suicune|spa|1
|-boost|p1a: Suicune|spd|1
|
|-weather|Sandstorm|[upkeep]
|-damage|p1a: Suicune|0 fnt|[from] Sandstorm
|faint|p1a: Suicune
|upkeep
|c|☆cheesimoon|unlucky
|
|t:|1729108488
|switch|p1a: Dugtrio|Dugtrio, F|100/100
|turn|19
|
|t:|1729108490
|move|p1a: Dugtrio|Earthquake|p2a: Takahashi
|-damage|p2a: Takahashi|0 fnt
|faint|p2a: Takahashi
|
|t:|1729108495
|switch|p2a: Kaido|Zapdos|100/100
|
|-weather|Sandstorm|[upkeep]
|-damage|p2a: Kaido|94/100|[from] Sandstorm
|-heal|p2a: Kaido|100/100|[from] item: Leftovers
|upkeep
|turn|20
|
|t:|1729108508
|move|p1a: Dugtrio|Earthquake|p2a: Kaido
|-immune|p2a: Kaido
|move|p2a: Kaido|Thunder Wave|p1a: Dugtrio
|-immune|p1a: Dugtrio
|
|-weather|Sandstorm|[upkeep]
|-damage|p2a: Kaido|94/100|[from] Sandstorm
|-heal|p2a: Kaido|100/100|[from] item: Leftovers
|upkeep
|turn|21
|
|t:|1729108516
|move|p1a: Dugtrio|Earthquake|p2a: Kaido
|-immune|p2a: Kaido
|move|p2a: Kaido|Thunder Wave|p1a: Dugtrio
|-immune|p1a: Dugtrio
|
|-weather|Sandstorm|[upkeep]
|-damage|p2a: Kaido|94/100|[from] Sandstorm
|-heal|p2a: Kaido|100/100|[from] item: Leftovers
|upkeep
|turn|22
|
|t:|1729108520
|move|p1a: Dugtrio|Earthquake|p2a: Kaido
|-immune|p2a: Kaido
|move|p2a: Kaido|Hidden Power|p1a: Dugtrio
|-supereffective|p1a: Dugtrio
|-damage|p1a: Dugtrio|0 fnt
|faint|p1a: Dugtrio
|
|t:|1729108536
|switch|p1a: Jynx|Jynx, F|26/100
|
|-weather|Sandstorm|[upkeep]
|-damage|p2a: Kaido|94/100|[from] Sandstorm
|-damage|p1a: Jynx|20/100|[from] Sandstorm
|-heal|p2a: Kaido|100/100|[from] item: Leftovers
|upkeep
|turn|23
|
|t:|1729108548
|move|p2a: Kaido|Thunderbolt|p1a: Jynx
|-damage|p1a: Jynx|0 fnt
|faint|p1a: Jynx
|
|t:|1729108551
|switch|p1a: Metagross|Metagross|100/100
|
|-weather|Sandstorm|[upkeep]
|-damage|p2a: Kaido|94/100|[from] Sandstorm
|-heal|p2a: Kaido|100/100|[from] item: Leftovers
|upkeep
|turn|24
|
|t:|1729108566
|move|p2a: Kaido|Thunder Wave|p1a: Metagross
|-status|p1a: Metagross|par
|move|p1a: Metagross|Rock Slide|p2a: Kaido
|-supereffective|p2a: Kaido
|-damage|p2a: Kaido|0 fnt
|faint|p2a: Kaido
|
|t:|1729108571
|switch|p2a: Nendo|Tyranitar, M|62/100
|
|-weather|Sandstorm|[upkeep]
|-heal|p2a: Nendo|68/100|[from] item: Leftovers
|upkeep
|turn|25
|
|t:|1729108573
|move|p2a: Nendo|Earthquake|p1a: Metagross
|-supereffective|p1a: Metagross
|-damage|p1a: Metagross|34/100 par
|move|p1a: Metagross|Rock Slide|p2a: Nendo
|-damage|p2a: Nendo|34/100
|
|-weather|Sandstorm|[upkeep]
|-heal|p2a: Nendo|40/100|[from] item: Leftovers
|upkeep
|turn|26
|
|t:|1729108576
|move|p2a: Nendo|Earthquake|p1a: Metagross
|-supereffective|p1a: Metagross
|-damage|p1a: Metagross|0 fnt
|faint|p1a: Metagross
|
|win|cheesimoon
|c|☆taccat|gg
|c|☆cheesimoon|gg
|player|p1|

</script>
<script type="application/json" class="data" id="replaydata-smogtours-gen3ou-799147">
{"id":"smogtours-gen3ou-799147","format":"[Gen 3] OU","players":["taccat","cheesimoon"],"uploadtime":1729108576,"views":84,"formatid":"gen3ou","rating":null,"private":0,"password":null}
</script>

<script defer src="js/replays.js?9d40a366"></script>
