<!DOCTYPE html>
<meta charset="utf-8" />
<meta name="viewport" content="width=device-width" />

<title>[Gen 3] OU: The_App15 vs. xdeacon - Replays - Pok&eacute;mon Showdown!</title>

<meta name="description" content="Watch a replay of a Pok&eacute;mon battle between The_App15 and xdeacon! Format: [Gen 3] OU; Date: Nov 3, 2024" />
<!--

Hey, you! Looking in the source for the replay log?

You can find them in JSON format, just add `.json` at the end of a replay URL.

https://replay.pokemonshowdown.com/gen7randomdoublesbattle-865046831.json

Or, if you only need the log itself, add `.log` instead:

https://replay.pokemonshowdown.com/gen7randomdoublesbattle-865046831.log

-->

<link rel="stylesheet" href="//pokemonshowdown.com/style/global.css?0.023195364461161105" />
<link rel="stylesheet" href="//play.pokemonshowdown.com/style/font-awesome.css?0.13261647063804238" />
<link rel="stylesheet" href="//play.pokemonshowdown.com/style/battle.css?0.8753245789963631" />
<link rel="stylesheet" href="//play.pokemonshowdown.com/style/utilichart.css?0.8627959624976733" />

<!-- Global site tag (gtag.js) - Google Analytics -->
<script async src="https://www.googletagmanager.com/gtag/js?id=UA-26211653-1"></script>
<script>
  window.dataLayer = window.dataLayer || [];
  function gtag(){dataLayer.push(arguments);}
  gtag('js', new Date());

  gtag('config', 'UA-26211653-1');
</script>
<!-- End Google Analytics -->
<!-- Venatus Ad Manager - Install in <HEAD> of page -->
	<script src="https://hb.vntsm.com/v3/live/ad-manager.min.js" type="text/javascript" data-site-id="642aba63ec9a7b11c3c9c1be" data-mode="scan" async></script>
<!-- / Venatus Ad Manager -->

<style>
	@media (max-width:820px) {
		.battle {
			margin: 0 auto;
		}
		.battle-log {
			margin: 7px auto 0;
			max-width: 640px;
			height: 300px;
			position: static;
		}
	}
	.optgroup {
		display: inline-block;
		line-height: 22px;
		font-size: 10pt;
	}
	.optgroup .button {
		height: 25px;
		padding-top: 0;
		padding-bottom: 0;
	}
	.optgroup button.button {
		padding-left: 12px;
		padding-right: 12px;
	}
	.linklist {
		list-style: none;
		margin: 0.5em 0;
		padding: 0;
	}
	.linklist li {
		padding: 2px 0;
	}
	.sidebar {
		float: left;
		width: 320px;
	}
	.bar-wrapper {
		max-width: 1100px;
		margin: 0 auto;
	}
	.bar-wrapper.has-sidebar {
		max-width: 1430px;
	}
	.mainbar {
		margin: 0;
		padding-right: 1px;
	}
	.mainbar.has-sidebar {
		margin-left: 330px;
	}
	@media (min-width: 1511px) {
		.sidebar {
			width: 400px;
		}
		.bar-wrapper.has-sidebar {
			max-width: 1510px;
		}
		.mainbar.has-sidebar {
			margin-left: 410px;
		}
	}
	.section.first-section {
		margin-top: 9px;
	}
	.blocklink small {
		white-space: normal;
	}
	.button {
		vertical-align: middle;
	}
	.replay-controls {
		padding-top: 10px;
	}
	.replay-controls h1 {
		font-size: 16pt;
		font-weight: normal;
		color: #CCC;
	}
	.pagelink {
		text-align: center;
	}
	.pagelink a {
		width: 150px;
	}
	.textbox, .button {
		font-size: 11pt;
		vertical-align: middle;
	}
	@media (max-width: 450px) {
		.button {
			font-size: 9pt;
		}
	}
</style>

<div>

	<header>
		<div class="nav-wrapper"><ul class="nav">
			<li><a class="button nav-first" href="//pokemonshowdown.com/"><img src="//pokemonshowdown.com/images/pokemonshowdownbeta.png" srcset="//pokemonshowdown.com/images/pokemonshowdownbeta.png 1x, //pokemonshowdown.com/images/pokemonshowdownbeta@2x.png 2x" alt="Pok&eacute;mon Showdown" width="146" height="44" /> Home</a></li>
			<li><a class="button" href="//pokemonshowdown.com/dex/">Pok&eacute;dex</a></li>
			<li><a class="button cur" href="/">Replays</a></li>
			<li><a class="button" href="//pokemonshowdown.com/ladder/">Ladder</a></li>
			<li><a class="button nav-last" href="//pokemonshowdown.com/forums/">Forum</a></li>
			<li><a class="button greenbutton nav-first nav-last" href="//play.pokemonshowdown.com/">Play</a></li>
		</ul></div>
	</header>

	<div class="main" id="main">

		<noscript><section class="section">You need to enable JavaScript to use this page; sorry!</section></noscript>

	</div>

</div>

<script defer nomodule src="//play.pokemonshowdown.com/js/lib/ps-polyfill.js"></script>
<script defer src="//play.pokemonshowdown.com/js/lib/preact.min.js"></script>

<script defer src="//play.pokemonshowdown.com/config/config.js?2bddbc15"></script>
<script defer src="//play.pokemonshowdown.com/js/lib/jquery-1.11.0.min.js"></script>
<script defer src="//play.pokemonshowdown.com/js/lib/html-sanitizer-minified.js"></script>
<script defer src="//play.pokemonshowdown.com/js/battle-sound.js"></script>
<script defer src="//play.pokemonshowdown.com/js/battledata.js?0.7209276989879541"></script>
<script defer src="//play.pokemonshowdown.com/data/pokedex-mini.js?0.6111056340867951"></script>
<script defer src="//play.pokemonshowdown.com/data/pokedex-mini-bw.js?0.3532142036491459"></script>
<script defer src="//play.pokemonshowdown.com/data/graphics.js?0.24223875632456182"></script>
<script defer src="//play.pokemonshowdown.com/data/pokedex.js?0.38839984266356864"></script>
<script defer src="//play.pokemonshowdown.com/data/moves.js?0.21866028504024015"></script>
<script defer src="//play.pokemonshowdown.com/data/abilities.js?0.2005157953846628"></script>
<script defer src="//play.pokemonshowdown.com/data/items.js?0.9894211263848525"></script>
<script defer src="//play.pokemonshowdown.com/data/teambuilder-tables.js?0.6008791140282215"></script>
<script defer src="//play.pokemonshowdown.com/js/battle-tooltips.js?0.7580118955022959"></script>
<script defer src="//play.pokemonshowdown.com/js/battle.js?0.6057722274234274"></script>

<script defer src="js/utils.js?e31f9a17"></script>
<script defer src="js/replays-battle.js?7008c182"></script>

<!-- don't scrape this data! just add .json or .log after the URL!
Full API docs: https://github.com/smogon/pokemon-showdown-client/blob/master/WEB-API.md -->
<script type="text/plain" class="log" id="replaylog-smogtours-gen3ou-804203">
|inactive|Battle timer is ON: inactive players will automatically lose when time's up.
|t:|1730597166
|gametype|singles
|player|p1|The_App15|169|
|player|p2|xdeacon|fisherman-gen4|
|teamsize|p1|6
|teamsize|p2|6
|gen|3
|tier|[Gen 3] OU
|rule|Sleep Clause Mod: Limit one foe put to sleep
|rule|Switch Priority Clause Mod: Faster Pokémon switch first
|rule|Species Clause: Limit one of each Pokémon
|rule|OHKO Clause: OHKO moves are banned
|rule|Evasion Items Clause: Evasion items are banned
|rule|Evasion Moves Clause: Evasion moves are banned
|rule|Endless Battle Clause: Forcing endless battles is banned
|rule|HP Percentage Mod: HP is shown in percentages
|rule|One Boost Passer Clause: Limit one Baton Passer that has a way to boost its stats
|rule|Freeze Clause Mod: Limit one foe frozen
|
|t:|1730597166
|start
|switch|p1a: Salamence|Salamence, M|100/100
|switch|p2a: Tyranitar|Tyranitar, F|100/100
|-ability|p1a: Salamence|Intimidate|boost
|-unboost|p2a: Tyranitar|atk|1
|-weather|Sandstorm|[from] ability: Sand Stream|[of] p2a: Tyranitar
|turn|1
|inactive|The_App15 has 270 seconds left.
|inactive|xdeacon has 270 seconds left.
|
|t:|1730597204
|switch|p2a: Gengar|Gengar, F|100/100
|move|p1a: Salamence|Brick Break|p2a: Gengar
|-immune|p2a: Gengar
|
|-weather|Sandstorm|[upkeep]
|-damage|p2a: Gengar|94/100|[from] Sandstorm
|-damage|p1a: Salamence|94/100|[from] Sandstorm
|-heal|p2a: Gengar|100/100|[from] item: Leftovers
|upkeep
|turn|2
|
|t:|1730597222
|switch|p1a: Blissey|Blissey, F|100/100
|move|p2a: Gengar|Will-O-Wisp|p1a: Blissey|[miss]
|-miss|p2a: Gengar|p1a: Blissey
|
|-weather|Sandstorm|[upkeep]
|-damage|p2a: Gengar|94/100|[from] Sandstorm
|-damage|p1a: Blissey|94/100|[from] Sandstorm
|-heal|p2a: Gengar|100/100|[from] item: Leftovers
|-heal|p1a: Blissey|100/100|[from] item: Leftovers
|upkeep
|turn|3
|inactive|xdeacon has 270 seconds left.
|
|t:|1730597259
|switch|p2a: Metagross|Metagross|100/100
|move|p1a: Blissey|Thunderbolt|p2a: Metagross
|-damage|p2a: Metagross|72/100
|-status|p2a: Metagross|par
|
|-weather|Sandstorm|[upkeep]
|-damage|p1a: Blissey|94/100|[from] Sandstorm
|-heal|p1a: Blissey|100/100|[from] item: Leftovers
|-heal|p2a: Metagross|78/100 par|[from] item: Leftovers
|upkeep
|turn|4
|inactive|xdeacon has 240 seconds left.
|inactive|The_App15 has 270 seconds left.
|
|t:|1730597298
|switch|p1a: Jirachi|Jirachi|100/100
|cant|p2a: Metagross|par
|
|-weather|Sandstorm|[upkeep]
|-heal|p2a: Metagross|84/100 par|[from] item: Leftovers
|upkeep
|turn|5
|inactive|xdeacon has 240 seconds left.
|
|t:|1730597330
|switch|p2a: Cloyster|Cloyster, M|100/100
|move|p1a: Jirachi|Protect||[still]
|-fail|p1a: Jirachi
|
|-weather|Sandstorm|[upkeep]
|-damage|p2a: Cloyster|94/100|[from] Sandstorm
|-heal|p2a: Cloyster|100/100|[from] item: Leftovers
|upkeep
|turn|6
|
|t:|1730597337
|move|p1a: Jirachi|Toxic|p2a: Cloyster
|-status|p2a: Cloyster|tox
|move|p2a: Cloyster|Spikes|p1a: Jirachi
|-sidestart|p1: The_App15|Spikes
|
|-weather|Sandstorm|[upkeep]
|-damage|p2a: Cloyster|94/100 tox|[from] Sandstorm
|-heal|p2a: Cloyster|100/100 tox|[from] item: Leftovers
|-damage|p2a: Cloyster|94/100 tox|[from] psn
|upkeep
|turn|7
|
|t:|1730597345
|move|p1a: Jirachi|Wish|p1a: Jirachi
|move|p2a: Cloyster|Spikes|p1a: Jirachi
|-sidestart|p1: The_App15|Spikes
|
|-weather|Sandstorm|[upkeep]
|-damage|p2a: Cloyster|88/100 tox|[from] Sandstorm
|-heal|p2a: Cloyster|94/100 tox|[from] item: Leftovers
|-damage|p2a: Cloyster|82/100 tox|[from] psn
|upkeep
|turn|8
|
|t:|1730597354
|move|p1a: Jirachi|Fire Punch|p2a: Cloyster
|-damage|p2a: Cloyster|54/100 tox
|move|p2a: Cloyster|Spikes|p1a: Jirachi
|-sidestart|p1: The_App15|Spikes
|
|-weather|Sandstorm|[upkeep]
|-damage|p2a: Cloyster|48/100 tox|[from] Sandstorm
|-heal|p2a: Cloyster|54/100 tox|[from] item: Leftovers
|-damage|p2a: Cloyster|35/100 tox|[from] psn
|upkeep
|turn|9
|
|t:|1730597369
|move|p1a: Jirachi|Protect|p1a: Jirachi
|-singleturn|p1a: Jirachi|Protect
|move|p2a: Cloyster|Surf|p1a: Jirachi
|-activate|p1a: Jirachi|Protect
|
|-weather|Sandstorm|[upkeep]
|-damage|p2a: Cloyster|29/100 tox|[from] Sandstorm
|-heal|p2a: Cloyster|35/100 tox|[from] item: Leftovers
|-damage|p2a: Cloyster|11/100 tox|[from] psn
|upkeep
|turn|10
|
|t:|1730597373
|move|p1a: Jirachi|Wish|p1a: Jirachi
|move|p2a: Cloyster|Surf|p1a: Jirachi
|-damage|p1a: Jirachi|78/100
|
|-weather|Sandstorm|[upkeep]
|-damage|p2a: Cloyster|4/100 tox|[from] Sandstorm
|-heal|p1a: Jirachi|84/100|[from] item: Leftovers
|-heal|p2a: Cloyster|11/100 tox|[from] item: Leftovers
|-damage|p2a: Cloyster|0 fnt|[from] psn
|faint|p2a: Cloyster
|upkeep
|inactive|xdeacon has 240 seconds left.
|
|t:|1730597399
|switch|p2a: Metagross|Metagross|84/100 par
|turn|11
|inactive|xdeacon has 240 seconds left.
|
|t:|1730597414
|switch|p1a: Claydol|Claydol|100/100
|move|p2a: Metagross|Meteor Mash|p1a: Claydol
|-damage|p1a: Claydol|31/100
|
|-heal|p1a: Claydol|81/100|[from] move: Wish|[wisher] Jirachi
|-weather|Sandstorm|[upkeep]
|-heal|p1a: Claydol|87/100|[from] item: Leftovers
|-heal|p2a: Metagross|91/100 par|[from] item: Leftovers
|upkeep
|turn|12
|inactive|xdeacon has 240 seconds left.
|
|t:|1730597429
|switch|p2a: Gengar|Gengar, F|100/100
|move|p1a: Claydol|Shadow Ball|p2a: Gengar
|-supereffective|p2a: Gengar
|-damage|p2a: Gengar|42/100
|
|-weather|Sandstorm|[upkeep]
|-damage|p2a: Gengar|35/100|[from] Sandstorm
|-heal|p2a: Gengar|42/100|[from] item: Leftovers
|-heal|p1a: Claydol|93/100|[from] item: Leftovers
|upkeep
|turn|13
|inactive|xdeacon has 240 seconds left.
|
|t:|1730597440
|switch|p1a: Blissey|Blissey, F|100/100
|-damage|p1a: Blissey|76/100|[from] Spikes
|move|p2a: Gengar|Ice Punch|p1a: Blissey
|-damage|p1a: Blissey|67/100
|
|-weather|Sandstorm|[upkeep]
|-damage|p2a: Gengar|35/100|[from] Sandstorm
|-damage|p1a: Blissey|61/100|[from] Sandstorm
|-heal|p2a: Gengar|42/100|[from] item: Leftovers
|-heal|p1a: Blissey|67/100|[from] item: Leftovers
|upkeep
|turn|14
|inactive|xdeacon has 240 seconds left.
|
|t:|1730597455
|switch|p2a: Swampert|Swampert, M|100/100
|move|p1a: Blissey|Soft-Boiled|p1a: Blissey
|-heal|p1a: Blissey|100/100
|
|-weather|Sandstorm|[upkeep]
|-damage|p1a: Blissey|94/100|[from] Sandstorm
|-heal|p1a: Blissey|100/100|[from] item: Leftovers
|upkeep
|turn|15
|inactive|xdeacon has 240 seconds left.
|
|t:|1730597470
|switch|p1a: Claydol|Claydol|93/100
|move|p2a: Swampert|Hydro Pump|p1a: Claydol|[miss]
|-miss|p2a: Swampert|p1a: Claydol
|
|-weather|Sandstorm|[upkeep]
|-heal|p1a: Claydol|99/100|[from] item: Leftovers
|upkeep
|turn|16
|inactive|xdeacon has 240 seconds left.
|
|t:|1730597490
|move|p1a: Claydol|Rapid Spin|p2a: Swampert
|-damage|p2a: Swampert|95/100
|-sideend|p1: The_App15|Spikes|[from] move: Rapid Spin|[of] p1a: Claydol
|move|p2a: Swampert|Hydro Pump|p1a: Claydol
|-supereffective|p1a: Claydol
|-damage|p1a: Claydol|0 fnt
|faint|p1a: Claydol
|
|t:|1730597501
|switch|p1a: Suicune|Suicune|100/100
|
|-weather|Sandstorm|[upkeep]
|-damage|p1a: Suicune|94/100|[from] Sandstorm
|-heal|p1a: Suicune|100/100|[from] item: Leftovers
|-heal|p2a: Swampert|100/100|[from] item: Leftovers
|upkeep
|turn|17
|inactive|xdeacon has 240 seconds left.
|
|t:|1730597520
|switch|p2a: Jolteon|Jolteon, F|100/100
|move|p1a: Suicune|Calm Mind|p1a: Suicune
|-boost|p1a: Suicune|spa|1
|-boost|p1a: Suicune|spd|1
|
|-weather|Sandstorm|[upkeep]
|-damage|p2a: Jolteon|95/100|[from] Sandstorm
|-damage|p1a: Suicune|94/100|[from] Sandstorm
|-heal|p2a: Jolteon|100/100|[from] item: Leftovers
|-heal|p1a: Suicune|100/100|[from] item: Leftovers
|upkeep
|turn|18
|inactive|The_App15 has 270 seconds left.
|
|t:|1730597555
|switch|p1a: Blissey|Blissey, F|100/100
|move|p2a: Jolteon|Thunderbolt|p1a: Blissey
|-damage|p1a: Blissey|85/100
|
|-weather|Sandstorm|[upkeep]
|-damage|p2a: Jolteon|95/100|[from] Sandstorm
|-damage|p1a: Blissey|79/100|[from] Sandstorm
|-heal|p2a: Jolteon|100/100|[from] item: Leftovers
|-heal|p1a: Blissey|85/100|[from] item: Leftovers
|upkeep
|turn|19
|inactive|The_App15 has 270 seconds left.
|
|t:|1730597565
|move|p1a: Blissey|Ice Beam|p2a: Jolteon
|-damage|p2a: Jolteon|71/100
|move|p2a: Jolteon|Roar|p1a: Blissey
|drag|p1a: Hariyama|Hariyama, M|100/100
|
|-weather|Sandstorm|[upkeep]
|-damage|p2a: Jolteon|65/100|[from] Sandstorm
|-damage|p1a: Hariyama|94/100|[from] Sandstorm
|-heal|p2a: Jolteon|71/100|[from] item: Leftovers
|-heal|p1a: Hariyama|100/100|[from] item: Leftovers
|upkeep
|turn|20
|inactive|xdeacon has 240 seconds left.
|
|t:|1730597592
|switch|p2a: Gengar|Gengar, F|42/100
|move|p1a: Hariyama|Knock Off|p2a: Gengar
|-supereffective|p2a: Gengar
|-damage|p2a: Gengar|35/100
|-enditem|p2a: Gengar|Leftovers|[from] move: Knock Off|[of] p1a: Hariyama
|-hint|In Gens 3-4, Knock Off only makes the target's item unusable; it cannot obtain a new item.
|
|-weather|Sandstorm|[upkeep]
|-damage|p2a: Gengar|29/100|[from] Sandstorm
|-damage|p1a: Hariyama|94/100|[from] Sandstorm
|-heal|p1a: Hariyama|100/100|[from] item: Leftovers
|upkeep
|turn|21
|inactive|xdeacon has 210 seconds left.
|
|t:|1730597633
|switch|p1a: Blissey|Blissey, F|85/100
|move|p2a: Gengar|Explosion|p1a: Blissey
|-crit|p1a: Blissey
|-damage|p1a: Blissey|0 fnt
|faint|p2a: Gengar
|faint|p1a: Blissey
|
|t:|1730597649
|switch|p2a: Swampert|Swampert, M|100/100
|switch|p1a: Hariyama|Hariyama, M|100/100
|
|-weather|Sandstorm|[upkeep]
|-damage|p1a: Hariyama|94/100|[from] Sandstorm
|-heal|p1a: Hariyama|100/100|[from] item: Leftovers
|upkeep
|turn|22
|
|t:|1730597654
|move|p2a: Swampert|Hydro Pump|p1a: Hariyama|[miss]
|-miss|p2a: Swampert|p1a: Hariyama
|move|p1a: Hariyama|Knock Off|p2a: Swampert
|-damage|p2a: Swampert|98/100
|-enditem|p2a: Swampert|Leftovers|[from] move: Knock Off|[of] p1a: Hariyama
|
|-weather|Sandstorm|[upkeep]
|-damage|p1a: Hariyama|94/100|[from] Sandstorm
|-heal|p1a: Hariyama|100/100|[from] item: Leftovers
|upkeep
|turn|23
|
|t:|1730597660
|switch|p1a: Suicune|Suicune|100/100
|move|p2a: Swampert|Hydro Pump|p1a: Suicune
|-resisted|p1a: Suicune
|-damage|p1a: Suicune|81/100
|
|-weather|Sandstorm|[upkeep]
|-damage|p1a: Suicune|75/100|[from] Sandstorm
|-heal|p1a: Suicune|81/100|[from] item: Leftovers
|upkeep
|turn|24
|inactive|xdeacon has 210 seconds left.
|
|t:|1730597669
|move|p1a: Suicune|Calm Mind|p1a: Suicune
|-boost|p1a: Suicune|spa|1
|-boost|p1a: Suicune|spd|1
|move|p2a: Swampert|Earthquake|p1a: Suicune
|-damage|p1a: Suicune|61/100
|
|-weather|Sandstorm|[upkeep]
|-damage|p1a: Suicune|55/100|[from] Sandstorm
|-heal|p1a: Suicune|61/100|[from] item: Leftovers
|upkeep
|turn|25
|
|t:|1730597675
|move|p1a: Suicune|Surf|p2a: Swampert
|-damage|p2a: Swampert|40/100
|move|p2a: Swampert|Earthquake|p1a: Suicune
|-damage|p1a: Suicune|40/100
|
|-weather|Sandstorm|[upkeep]
|-damage|p1a: Suicune|34/100|[from] Sandstorm
|-heal|p1a: Suicune|40/100|[from] item: Leftovers
|upkeep
|turn|26
|
|t:|1730597679
|move|p1a: Suicune|Surf|p2a: Swampert
|-crit|p2a: Swampert
|-damage|p2a: Swampert|0 fnt
|faint|p2a: Swampert
|
|t:|1730597682
|switch|p2a: Jolteon|Jolteon, F|71/100
|
|-weather|Sandstorm|[upkeep]
|-damage|p2a: Jolteon|65/100|[from] Sandstorm
|-damage|p1a: Suicune|34/100|[from] Sandstorm
|-heal|p2a: Jolteon|71/100|[from] item: Leftovers
|-heal|p1a: Suicune|40/100|[from] item: Leftovers
|upkeep
|turn|27
|
|t:|1730597693
|switch|p1a: Hariyama|Hariyama, M|100/100
|move|p2a: Jolteon|Thunderbolt|p1a: Hariyama
|-damage|p1a: Hariyama|62/100
|
|-weather|Sandstorm|[upkeep]
|-damage|p2a: Jolteon|65/100|[from] Sandstorm
|-damage|p1a: Hariyama|56/100|[from] Sandstorm
|-heal|p2a: Jolteon|71/100|[from] item: Leftovers
|-heal|p1a: Hariyama|62/100|[from] item: Leftovers
|upkeep
|turn|28
|
|t:|1730597711
|move|p2a: Jolteon|Thunderbolt|p1a: Hariyama
|-damage|p1a: Hariyama|21/100
|move|p1a: Hariyama|Brick Break|p2a: Jolteon
|-damage|p2a: Jolteon|2/100
|
|-weather|Sandstorm|[upkeep]
|-damage|p2a: Jolteon|0 fnt|[from] Sandstorm
|-damage|p1a: Hariyama|15/100|[from] Sandstorm
|faint|p2a: Jolteon
|-heal|p1a: Hariyama|21/100|[from] item: Leftovers
|upkeep
|
|t:|1730597719
|switch|p2a: Metagross|Metagross|91/100 par
|turn|29
|
|t:|1730597729
|move|p1a: Hariyama|Brick Break|p2a: Metagross
|-damage|p2a: Metagross|63/100 par
|move|p2a: Metagross|Earthquake|p1a: Hariyama
|-damage|p1a: Hariyama|0 fnt
|faint|p1a: Hariyama
|
|t:|1730597743
|switch|p1a: Suicune|Suicune|40/100
|
|-weather|Sandstorm|[upkeep]
|-damage|p1a: Suicune|34/100|[from] Sandstorm
|-heal|p1a: Suicune|40/100|[from] item: Leftovers
|-heal|p2a: Metagross|69/100 par|[from] item: Leftovers
|upkeep
|turn|30
|inactive|xdeacon has 240 seconds left.
|
|t:|1730597749
|move|p1a: Suicune|Rest|p1a: Suicune
|-status|p1a: Suicune|slp|[from] move: Rest
|-heal|p1a: Suicune|100/100 slp|[silent]
|move|p2a: Metagross|Earthquake|p1a: Suicune
|-damage|p1a: Suicune|79/100 slp
|
|-weather|Sandstorm|[upkeep]
|-damage|p1a: Suicune|73/100 slp|[from] Sandstorm
|-heal|p1a: Suicune|79/100 slp|[from] item: Leftovers
|-heal|p2a: Metagross|75/100 par|[from] item: Leftovers
|upkeep
|turn|31
|
|t:|1730597752
|switch|p2a: Tyranitar|Tyranitar, F|100/100
|cant|p1a: Suicune|slp
|
|-weather|Sandstorm|[upkeep]
|-damage|p1a: Suicune|73/100 slp|[from] Sandstorm
|-heal|p1a: Suicune|79/100 slp|[from] item: Leftovers
|upkeep
|turn|32
|
|t:|1730597757
|cant|p1a: Suicune|slp
|move|p2a: Tyranitar|Dragon Dance|p2a: Tyranitar
|-boost|p2a: Tyranitar|atk|1
|-boost|p2a: Tyranitar|spe|1
|
|-weather|Sandstorm|[upkeep]
|-damage|p1a: Suicune|73/100 slp|[from] Sandstorm
|-heal|p1a: Suicune|79/100 slp|[from] item: Leftovers
|upkeep
|turn|33
|
|t:|1730597764
|move|p2a: Tyranitar|Dragon Dance|p2a: Tyranitar
|-boost|p2a: Tyranitar|atk|1
|-boost|p2a: Tyranitar|spe|1
|-curestatus|p1a: Suicune|slp|[msg]
|move|p1a: Suicune|Surf|p2a: Tyranitar
|-supereffective|p2a: Tyranitar
|-damage|p2a: Tyranitar|48/100
|
|-weather|Sandstorm|[upkeep]
|-damage|p1a: Suicune|73/100|[from] Sandstorm
|-heal|p1a: Suicune|79/100|[from] item: Leftovers
|upkeep
|turn|34
|inactive|xdeacon has 270 seconds left.
|
|t:|1730597770
|move|p2a: Tyranitar|Rock Slide|p1a: Suicune
|-crit|p1a: Suicune
|-damage|p1a: Suicune|0 fnt
|faint|p1a: Suicune
|
|t:|1730597776
|switch|p1a: Salamence|Salamence, M|94/100
|-ability|p1a: Salamence|Intimidate|boost
|-unboost|p2a: Tyranitar|atk|1
|
|-weather|Sandstorm|[upkeep]
|-damage|p1a: Salamence|88/100|[from] Sandstorm
|upkeep
|turn|35
|
|t:|1730597781
|switch|p1a: Jirachi|Jirachi|84/100
|move|p2a: Tyranitar|Rock Slide|p1a: Jirachi
|-resisted|p1a: Jirachi
|-damage|p1a: Jirachi|66/100
|
|-weather|Sandstorm|[upkeep]
|-heal|p1a: Jirachi|72/100|[from] item: Leftovers
|upkeep
|turn|36
|
|t:|1730597792
|switch|p1a: Salamence|Salamence, M|88/100
|-ability|p1a: Salamence|Intimidate|boost
|-unboost|p2a: Tyranitar|atk|1
|move|p2a: Tyranitar|Earthquake|p1a: Salamence
|-immune|p1a: Salamence
|
|-weather|Sandstorm|[upkeep]
|-damage|p1a: Salamence|82/100|[from] Sandstorm
|upkeep
|turn|37
|inactive|The_App15 has 270 seconds left.
|
|t:|1730597822
|switch|p1a: Jirachi|Jirachi|72/100
|move|p2a: Tyranitar|Rock Slide|p1a: Jirachi
|-resisted|p1a: Jirachi
|-damage|p1a: Jirachi|60/100
|
|-weather|Sandstorm|[upkeep]
|-heal|p1a: Jirachi|66/100|[from] item: Leftovers
|upkeep
|turn|38
|
|t:|1730597828
|move|p2a: Tyranitar|Dragon Dance|p2a: Tyranitar
|-boost|p2a: Tyranitar|atk|1
|-boost|p2a: Tyranitar|spe|1
|move|p1a: Jirachi|Toxic|p2a: Tyranitar
|-status|p2a: Tyranitar|tox
|-enditem|p2a: Tyranitar|Lum Berry|[eat]
|-curestatus|p2a: Tyranitar|tox|[msg]
|
|-weather|Sandstorm|[upkeep]
|-heal|p1a: Jirachi|72/100|[from] item: Leftovers
|upkeep
|turn|39
|
|t:|1730597838
|move|p2a: Tyranitar|Rock Slide|p1a: Jirachi
|-resisted|p1a: Jirachi
|-crit|p1a: Jirachi
|-damage|p1a: Jirachi|37/100
|cant|p1a: Jirachi|flinch
|
|-weather|Sandstorm|[upkeep]
|-heal|p1a: Jirachi|43/100|[from] item: Leftovers
|upkeep
|turn|40
|
|t:|1730597853
|move|p2a: Tyranitar|Earthquake|p1a: Jirachi
|-supereffective|p1a: Jirachi
|-damage|p1a: Jirachi|0 fnt
|faint|p1a: Jirachi
|
|t:|1730597856
|switch|p1a: Salamence|Salamence, M|82/100
|-ability|p1a: Salamence|Intimidate|boost
|-unboost|p2a: Tyranitar|atk|1
|
|-weather|Sandstorm|[upkeep]
|-damage|p1a: Salamence|76/100|[from] Sandstorm
|upkeep
|turn|41
|
|t:|1730597861
|move|p2a: Tyranitar|Rock Slide|p1a: Salamence
|-supereffective|p1a: Salamence
|-damage|p1a: Salamence|0 fnt
|faint|p1a: Salamence
|
|win|xdeacon
|c|☆xdeacon|ggs

</script>
<script type="application/json" class="data" id="replaydata-smogtours-gen3ou-804203">
{"id":"smogtours-gen3ou-804203","format":"[Gen 3] OU","players":["The_App15","xdeacon"],"uploadtime":1730597861,"views":58,"formatid":"gen3ou","rating":null,"private":0,"password":null}
</script>

<script defer src="js/replays.js?9d40a366"></script>
