<!DOCTYPE html>
<meta charset="utf-8" />
<meta name="viewport" content="width=device-width" />

<title>[Gen 3] OU: kaboom64 vs. xGangg - Replays - Pok&eacute;mon Showdown!</title>

<meta name="description" content="Watch a replay of a Pok&eacute;mon battle between kaboom64 and xGangg! Format: [Gen 3] OU; Date: Oct 31, 2024" />
<!--

Hey, you! Looking in the source for the replay log?

You can find them in JSON format, just add `.json` at the end of a replay URL.

https://replay.pokemonshowdown.com/gen7randomdoublesbattle-865046831.json

Or, if you only need the log itself, add `.log` instead:

https://replay.pokemonshowdown.com/gen7randomdoublesbattle-865046831.log

-->

<link rel="stylesheet" href="//pokemonshowdown.com/style/global.css?0.023195364461161105" />
<link rel="stylesheet" href="//play.pokemonshowdown.com/style/font-awesome.css?0.13261647063804238" />
<link rel="stylesheet" href="//play.pokemonshowdown.com/style/battle.css?0.8753245789963631" />
<link rel="stylesheet" href="//play.pokemonshowdown.com/style/utilichart.css?0.8627959624976733" />

<!-- Global site tag (gtag.js) - Google Analytics -->
<script async src="https://www.googletagmanager.com/gtag/js?id=UA-26211653-1"></script>
<script>
  window.dataLayer = window.dataLayer || [];
  function gtag(){dataLayer.push(arguments);}
  gtag('js', new Date());

  gtag('config', 'UA-26211653-1');
</script>
<!-- End Google Analytics -->
<!-- Venatus Ad Manager - Install in <HEAD> of page -->
	<script src="https://hb.vntsm.com/v3/live/ad-manager.min.js" type="text/javascript" data-site-id="642aba63ec9a7b11c3c9c1be" data-mode="scan" async></script>
<!-- / Venatus Ad Manager -->

<style>
	@media (max-width:820px) {
		.battle {
			margin: 0 auto;
		}
		.battle-log {
			margin: 7px auto 0;
			max-width: 640px;
			height: 300px;
			position: static;
		}
	}
	.optgroup {
		display: inline-block;
		line-height: 22px;
		font-size: 10pt;
	}
	.optgroup .button {
		height: 25px;
		padding-top: 0;
		padding-bottom: 0;
	}
	.optgroup button.button {
		padding-left: 12px;
		padding-right: 12px;
	}
	.linklist {
		list-style: none;
		margin: 0.5em 0;
		padding: 0;
	}
	.linklist li {
		padding: 2px 0;
	}
	.sidebar {
		float: left;
		width: 320px;
	}
	.bar-wrapper {
		max-width: 1100px;
		margin: 0 auto;
	}
	.bar-wrapper.has-sidebar {
		max-width: 1430px;
	}
	.mainbar {
		margin: 0;
		padding-right: 1px;
	}
	.mainbar.has-sidebar {
		margin-left: 330px;
	}
	@media (min-width: 1511px) {
		.sidebar {
			width: 400px;
		}
		.bar-wrapper.has-sidebar {
			max-width: 1510px;
		}
		.mainbar.has-sidebar {
			margin-left: 410px;
		}
	}
	.section.first-section {
		margin-top: 9px;
	}
	.blocklink small {
		white-space: normal;
	}
	.button {
		vertical-align: middle;
	}
	.replay-controls {
		padding-top: 10px;
	}
	.replay-controls h1 {
		font-size: 16pt;
		font-weight: normal;
		color: #CCC;
	}
	.pagelink {
		text-align: center;
	}
	.pagelink a {
		width: 150px;
	}
	.textbox, .button {
		font-size: 11pt;
		vertical-align: middle;
	}
	@media (max-width: 450px) {
		.button {
			font-size: 9pt;
		}
	}
</style>

<div>

	<header>
		<div class="nav-wrapper"><ul class="nav">
			<li><a class="button nav-first" href="//pokemonshowdown.com/"><img src="//pokemonshowdown.com/images/pokemonshowdownbeta.png" srcset="//pokemonshowdown.com/images/pokemonshowdownbeta.png 1x, //pokemonshowdown.com/images/pokemonshowdownbeta@2x.png 2x" alt="Pok&eacute;mon Showdown" width="146" height="44" /> Home</a></li>
			<li><a class="button" href="//pokemonshowdown.com/dex/">Pok&eacute;dex</a></li>
			<li><a class="button cur" href="/">Replays</a></li>
			<li><a class="button" href="//pokemonshowdown.com/ladder/">Ladder</a></li>
			<li><a class="button nav-last" href="//pokemonshowdown.com/forums/">Forum</a></li>
			<li><a class="button greenbutton nav-first nav-last" href="//play.pokemonshowdown.com/">Play</a></li>
		</ul></div>
	</header>

	<div class="main" id="main">

		<noscript><section class="section">You need to enable JavaScript to use this page; sorry!</section></noscript>

	</div>

</div>

<script defer nomodule src="//play.pokemonshowdown.com/js/lib/ps-polyfill.js"></script>
<script defer src="//play.pokemonshowdown.com/js/lib/preact.min.js"></script>

<script defer src="//play.pokemonshowdown.com/config/config.js?2bddbc15"></script>
<script defer src="//play.pokemonshowdown.com/js/lib/jquery-1.11.0.min.js"></script>
<script defer src="//play.pokemonshowdown.com/js/lib/html-sanitizer-minified.js"></script>
<script defer src="//play.pokemonshowdown.com/js/battle-sound.js"></script>
<script defer src="//play.pokemonshowdown.com/js/battledata.js?0.7209276989879541"></script>
<script defer src="//play.pokemonshowdown.com/data/pokedex-mini.js?0.6111056340867951"></script>
<script defer src="//play.pokemonshowdown.com/data/pokedex-mini-bw.js?0.3532142036491459"></script>
<script defer src="//play.pokemonshowdown.com/data/graphics.js?0.24223875632456182"></script>
<script defer src="//play.pokemonshowdown.com/data/pokedex.js?0.38839984266356864"></script>
<script defer src="//play.pokemonshowdown.com/data/moves.js?0.21866028504024015"></script>
<script defer src="//play.pokemonshowdown.com/data/abilities.js?0.2005157953846628"></script>
<script defer src="//play.pokemonshowdown.com/data/items.js?0.9894211263848525"></script>
<script defer src="//play.pokemonshowdown.com/data/teambuilder-tables.js?0.6008791140282215"></script>
<script defer src="//play.pokemonshowdown.com/js/battle-tooltips.js?0.7580118955022959"></script>
<script defer src="//play.pokemonshowdown.com/js/battle.js?0.6057722274234274"></script>

<script defer src="js/utils.js?e31f9a17"></script>
<script defer src="js/replays-battle.js?7008c182"></script>

<!-- don't scrape this data! just add .json or .log after the URL!
Full API docs: https://github.com/smogon/pokemon-showdown-client/blob/master/WEB-API.md -->
<script type="text/plain" class="log" id="replaylog-smogtours-gen3ou-803651">
|inactive|Battle timer is ON: inactive players will automatically lose when time's up.
|badge|p1|bronze|gen9lc|100-3
|uhtml|medal-msg|<div class="broadcast-blue">Curious what those medals under the avatar are? PS now has Ladder Seasons! For more information, check out the <a href="https://www.smogon.com/forums/threads/3740067/">thread on Smogon.<\/a><\/div>
|t:|1730415766
|gametype|singles
|player|p1|kaboom64|#scl4dynamos2|
|player|p2|xGangg|#teamvictini|
|teamsize|p1|6
|teamsize|p2|6
|gen|3
|tier|[Gen 3] OU
|rule|Sleep Clause Mod: Limit one foe put to sleep
|rule|Switch Priority Clause Mod: Faster Pokémon switch first
|rule|Species Clause: Limit one of each Pokémon
|rule|OHKO Clause: OHKO moves are banned
|rule|Evasion Items Clause: Evasion items are banned
|rule|Evasion Moves Clause: Evasion moves are banned
|rule|Endless Battle Clause: Forcing endless battles is banned
|rule|HP Percentage Mod: HP is shown in percentages
|rule|One Boost Passer Clause: Limit one Baton Passer that has a way to boost its stats
|rule|Freeze Clause Mod: Limit one foe frozen
|
|t:|1730415766
|start
|switch|p1a: Regirock|Regirock|100/100
|switch|p2a: Tyranitar|Tyranitar, F|100/100
|-weather|Sandstorm|[from] ability: Sand Stream|[of] p2a: Tyranitar
|turn|1
|c|☆xGangg|glhf
|c|☆kaboom64|u2
|inactive|kaboom64 has 270 seconds left.
|inactive|xGangg has 270 seconds left.
|inactive|kaboom64 has 240 seconds left.
|
|t:|1730415843
|switch|p2a: Skarmory|Skarmory, F|100/100
|move|p1a: Regirock|Thunder Wave|p2a: Skarmory
|-status|p2a: Skarmory|par
|
|-weather|Sandstorm|[upkeep]
|upkeep
|turn|2
|
|t:|1730415847
|switch|p1a: Magneton|Magneton|100/100
|move|p2a: Skarmory|Spikes|p1a: Magneton
|-sidestart|p1: kaboom64|Spikes
|
|-weather|Sandstorm|[upkeep]
|upkeep
|turn|3
|
|t:|1730415850
|move|p1a: Magneton|Thunderbolt|p2a: Skarmory
|-supereffective|p2a: Skarmory
|-damage|p2a: Skarmory|0 fnt
|faint|p2a: Skarmory
|
|t:|1730415858
|switch|p2a: Aerodactyl|Aerodactyl, F|100/100
|
|-weather|Sandstorm|[upkeep]
|upkeep
|turn|4
|
|t:|1730415885
|switch|p1a: Regirock|Regirock|100/100
|-damage|p1a: Regirock|88/100|[from] Spikes
|move|p2a: Aerodactyl|Earthquake|p1a: Regirock
|-supereffective|p1a: Regirock
|-damage|p1a: Regirock|44/100
|
|-weather|Sandstorm|[upkeep]
|-heal|p1a: Regirock|50/100|[from] item: Leftovers
|upkeep
|turn|5
|
|t:|1730415897
|switch|p2a: Swampert|Swampert, F|100/100
|move|p1a: Regirock|Thunder Wave|p2a: Swampert
|-immune|p2a: Swampert
|
|-weather|Sandstorm|[upkeep]
|-heal|p1a: Regirock|56/100|[from] item: Leftovers
|upkeep
|turn|6
|inactive|kaboom64 has 270 seconds left.
|
|t:|1730415913
|switch|p1a: Gyarados|Gyarados, M|100/100
|-ability|p1a: Gyarados|Intimidate|boost
|-unboost|p2a: Swampert|atk|1
|move|p2a: Swampert|Protect||[still]
|-fail|p2a: Swampert
|
|-weather|Sandstorm|[upkeep]
|-damage|p1a: Gyarados|94/100|[from] Sandstorm
|-heal|p1a: Gyarados|100/100|[from] item: Leftovers
|upkeep
|turn|7
|inactive|kaboom64 has 270 seconds left.
|
|t:|1730415945
|switch|p1a: Registeel|Registeel|100/100
|-damage|p1a: Registeel|88/100|[from] Spikes
|switch|p2a: Gengar|Gengar, M|100/100
|
|-weather|Sandstorm|[upkeep]
|-damage|p2a: Gengar|94/100|[from] Sandstorm
|-heal|p2a: Gengar|100/100|[from] item: Leftovers
|-heal|p1a: Registeel|94/100|[from] item: Leftovers
|upkeep
|turn|8
|inactive|kaboom64 has 240 seconds left.
|
|t:|1730415977
|move|p2a: Gengar|Taunt|p1a: Registeel
|-start|p1a: Registeel|move: Taunt
|cant|p1a: Registeel|move: Taunt|Thunder Wave
|
|-weather|Sandstorm|[upkeep]
|-damage|p2a: Gengar|94/100|[from] Sandstorm
|-heal|p2a: Gengar|100/100|[from] item: Leftovers
|-heal|p1a: Registeel|99/100|[from] item: Leftovers
|upkeep
|turn|9
|
|t:|1730415985
|switch|p1a: Regice|Regice|100/100
|-damage|p1a: Regice|88/100|[from] Spikes
|move|p2a: Gengar|Will-O-Wisp|p1a: Regice|[miss]
|-miss|p2a: Gengar|p1a: Regice
|
|-weather|Sandstorm|[upkeep]
|-damage|p2a: Gengar|94/100|[from] Sandstorm
|-damage|p1a: Regice|82/100|[from] Sandstorm
|-heal|p2a: Gengar|100/100|[from] item: Leftovers
|-heal|p1a: Regice|88/100|[from] item: Leftovers
|upkeep
|turn|10
|inactive|kaboom64 has 240 seconds left.
|
|t:|1730416017
|move|p2a: Gengar|Will-O-Wisp|p1a: Regice
|-status|p1a: Regice|brn
|move|p1a: Regice|Ice Beam|p2a: Gengar
|-damage|p2a: Gengar|50/100
|
|-weather|Sandstorm|[upkeep]
|-damage|p2a: Gengar|44/100|[from] Sandstorm
|-damage|p1a: Regice|82/100 brn|[from] Sandstorm
|-heal|p2a: Gengar|50/100|[from] item: Leftovers
|-heal|p1a: Regice|88/100 brn|[from] item: Leftovers
|-damage|p1a: Regice|76/100 brn|[from] brn
|upkeep
|turn|11
|
|t:|1730416031
|switch|p2a: Tyranitar|Tyranitar, F|100/100
|move|p1a: Regice|Ice Beam|p2a: Tyranitar
|-damage|p2a: Tyranitar|57/100
|
|-weather|Sandstorm|[upkeep]
|-damage|p1a: Regice|70/100 brn|[from] Sandstorm
|-heal|p2a: Tyranitar|64/100|[from] item: Leftovers
|-heal|p1a: Regice|76/100 brn|[from] item: Leftovers
|-damage|p1a: Regice|63/100 brn|[from] brn
|upkeep
|turn|12
|inactive|xGangg has 270 seconds left.
|
|t:|1730416060
|switch|p1a: Registeel|Registeel|99/100
|-damage|p1a: Registeel|88/100|[from] Spikes
|move|p2a: Tyranitar|Earthquake|p1a: Registeel
|-supereffective|p1a: Registeel
|-damage|p1a: Registeel|40/100
|
|-weather|Sandstorm|[upkeep]
|-heal|p2a: Tyranitar|70/100|[from] item: Leftovers
|-heal|p1a: Registeel|46/100|[from] item: Leftovers
|upkeep
|turn|13
|inactive|kaboom64 has 210 seconds left.
|inactive|xGangg has 270 seconds left.
|
|t:|1730416100
|switch|p2a: Swampert|Swampert, F|100/100
|move|p1a: Registeel|Thunder Wave|p2a: Swampert
|-immune|p2a: Swampert
|
|-weather|Sandstorm|[upkeep]
|-heal|p1a: Registeel|52/100|[from] item: Leftovers
|upkeep
|turn|14
|
|t:|1730416117
|switch|p1a: Gyarados|Gyarados, M|100/100
|-ability|p1a: Gyarados|Intimidate|boost
|-unboost|p2a: Swampert|atk|1
|move|p2a: Swampert|Surf|p1a: Gyarados
|-resisted|p1a: Gyarados
|-damage|p1a: Gyarados|86/100
|
|-weather|Sandstorm|[upkeep]
|-damage|p1a: Gyarados|80/100|[from] Sandstorm
|-heal|p1a: Gyarados|86/100|[from] item: Leftovers
|upkeep
|turn|15
|
|t:|1730416126
|move|p1a: Gyarados|Dragon Dance|p1a: Gyarados
|-boost|p1a: Gyarados|atk|1
|-boost|p1a: Gyarados|spe|1
|move|p2a: Swampert|Toxic|p1a: Gyarados
|-status|p1a: Gyarados|tox
|
|-weather|Sandstorm|[upkeep]
|-damage|p1a: Gyarados|80/100 tox|[from] Sandstorm
|-heal|p1a: Gyarados|86/100 tox|[from] item: Leftovers
|-damage|p1a: Gyarados|80/100 tox|[from] psn
|upkeep
|turn|16
|
|t:|1730416133
|move|p1a: Gyarados|Dragon Dance|p1a: Gyarados
|-boost|p1a: Gyarados|atk|1
|-boost|p1a: Gyarados|spe|1
|move|p2a: Swampert|Surf|p1a: Gyarados
|-resisted|p1a: Gyarados
|-damage|p1a: Gyarados|66/100 tox
|
|-weather|Sandstorm|[upkeep]
|-damage|p1a: Gyarados|60/100 tox|[from] Sandstorm
|-heal|p1a: Gyarados|66/100 tox|[from] item: Leftovers
|-damage|p1a: Gyarados|54/100 tox|[from] psn
|upkeep
|turn|17
|inactive|xGangg has 270 seconds left.
|
|t:|1730416140
|move|p2a: Swampert|Protect|p2a: Swampert
|-singleturn|p2a: Swampert|Protect
|move|p1a: Gyarados|Dragon Dance|p1a: Gyarados
|-boost|p1a: Gyarados|atk|1
|-boost|p1a: Gyarados|spe|1
|
|-weather|Sandstorm|[upkeep]
|-damage|p1a: Gyarados|47/100 tox|[from] Sandstorm
|-heal|p1a: Gyarados|54/100 tox|[from] item: Leftovers
|-damage|p1a: Gyarados|35/100 tox|[from] psn
|upkeep
|turn|18
|inactive|xGangg has 270 seconds left.
|
|t:|1730416158
|move|p2a: Swampert|Protect||[still]
|-fail|p2a: Swampert
|move|p1a: Gyarados|Hidden Power|p2a: Swampert
|-crit|p2a: Swampert
|-damage|p2a: Swampert|8/100
|
|-weather|Sandstorm|[upkeep]
|-damage|p1a: Gyarados|29/100 tox|[from] Sandstorm
|-heal|p1a: Gyarados|35/100 tox|[from] item: Leftovers
|-damage|p1a: Gyarados|11/100 tox|[from] psn
|-heal|p2a: Swampert|14/100|[from] item: Leftovers
|upkeep
|turn|19
|inactive|kaboom64 has 210 seconds left.
|inactive|kaboom64 has 180 seconds left.
|
|t:|1730416227
|switch|p1a: Regice|Regice|63/100 brn
|-damage|p1a: Regice|51/100 brn|[from] Spikes
|move|p2a: Swampert|Protect||[still]
|-fail|p2a: Swampert
|
|-weather|Sandstorm|[upkeep]
|-damage|p1a: Regice|45/100 brn|[from] Sandstorm
|-heal|p2a: Swampert|21/100|[from] item: Leftovers
|-heal|p1a: Regice|51/100 brn|[from] item: Leftovers
|-damage|p1a: Regice|39/100 brn|[from] brn
|upkeep
|turn|20
|
|t:|1730416240
|move|p2a: Swampert|Protect|p2a: Swampert
|-singleturn|p2a: Swampert|Protect
|move|p1a: Regice|Ice Beam|p2a: Swampert
|-activate|p2a: Swampert|Protect
|
|-weather|Sandstorm|[upkeep]
|-damage|p1a: Regice|33/100 brn|[from] Sandstorm
|-heal|p2a: Swampert|27/100|[from] item: Leftovers
|-heal|p1a: Regice|39/100 brn|[from] item: Leftovers
|-damage|p1a: Regice|26/100 brn|[from] brn
|upkeep
|turn|21
|
|t:|1730416249
|move|p2a: Swampert|Protect|p2a: Swampert
|-singleturn|p2a: Swampert|Protect
|move|p1a: Regice|Ice Beam|p2a: Swampert
|-activate|p2a: Swampert|Protect
|
|-weather|Sandstorm|[upkeep]
|-damage|p1a: Regice|20/100 brn|[from] Sandstorm
|-heal|p2a: Swampert|33/100|[from] item: Leftovers
|-heal|p1a: Regice|26/100 brn|[from] item: Leftovers
|-damage|p1a: Regice|14/100 brn|[from] brn
|upkeep
|turn|22
|inactive|kaboom64 has 180 seconds left.
|
|t:|1730416256
|move|p2a: Swampert|Surf|p1a: Regice
|-damage|p1a: Regice|0 fnt
|faint|p1a: Regice
|inactive|kaboom64 has 180 seconds left.
|
|t:|1730416264
|switch|p1a: Registeel|Registeel|52/100
|-damage|p1a: Registeel|39/100|[from] Spikes
|
|-weather|Sandstorm|[upkeep]
|-heal|p2a: Swampert|39/100|[from] item: Leftovers
|-heal|p1a: Registeel|45/100|[from] item: Leftovers
|upkeep
|turn|23
|
|t:|1730416279
|switch|p2a: Aerodactyl|Aerodactyl, F|100/100
|move|p1a: Registeel|Seismic Toss|p2a: Aerodactyl
|-damage|p2a: Aerodactyl|67/100
|
|-weather|Sandstorm|[upkeep]
|-heal|p1a: Registeel|51/100|[from] item: Leftovers
|upkeep
|turn|24
|inactive|kaboom64 has 180 seconds left.
|
|t:|1730416324
|switch|p1a: Gyarados|Gyarados, M|11/100 tox
|-ability|p1a: Gyarados|Intimidate|boost
|-unboost|p2a: Aerodactyl|atk|1
|move|p2a: Aerodactyl|Earthquake|p1a: Gyarados
|-immune|p1a: Gyarados
|
|-weather|Sandstorm|[upkeep]
|-damage|p1a: Gyarados|5/100 tox|[from] Sandstorm
|-heal|p1a: Gyarados|11/100 tox|[from] item: Leftovers
|-damage|p1a: Gyarados|5/100 tox|[from] psn
|upkeep
|turn|25
|inactive|kaboom64 has 150 seconds left.
|
|t:|1730416357
|switch|p2a: Zapdos|Zapdos|100/100
|move|p1a: Gyarados|Hidden Power|p2a: Zapdos
|-damage|p2a: Zapdos|73/100
|
|-weather|Sandstorm|[upkeep]
|-damage|p2a: Zapdos|67/100|[from] Sandstorm
|-damage|p1a: Gyarados|0 fnt|[from] Sandstorm
|faint|p1a: Gyarados
|-heal|p2a: Zapdos|73/100|[from] item: Leftovers
|upkeep
|inactive|kaboom64 has 150 seconds left.
|
|t:|1730416377
|switch|p1a: Magneton|Magneton|100/100
|-damage|p1a: Magneton|88/100|[from] Spikes
|turn|26
|inactive|xGangg has 270 seconds left.
|inactive|kaboom64 has 120 seconds left.
|inactive|xGangg has 240 seconds left.
|
|t:|1730416437
|move|p2a: Zapdos|Thunderbolt|p1a: Magneton
|-resisted|p1a: Magneton
|-damage|p1a: Magneton|39/100
|move|p1a: Magneton|Thunder Wave|p2a: Zapdos
|-status|p2a: Zapdos|par
|
|-weather|Sandstorm|[upkeep]
|-damage|p2a: Zapdos|67/100 par|[from] Sandstorm
|-heal|p2a: Zapdos|73/100 par|[from] item: Leftovers
|upkeep
|turn|27
|
|t:|1730416444
|move|p1a: Magneton|Thunderbolt|p2a: Zapdos
|-damage|p2a: Zapdos|22/100 par
|cant|p2a: Zapdos|par
|
|-weather|Sandstorm|[upkeep]
|-damage|p2a: Zapdos|15/100 par|[from] Sandstorm
|-heal|p2a: Zapdos|22/100 par|[from] item: Leftovers
|upkeep
|turn|28
|
|t:|1730416449
|move|p1a: Magneton|Thunderbolt|p2a: Zapdos
|-damage|p2a: Zapdos|0 fnt
|faint|p2a: Zapdos
|
|t:|1730416458
|switch|p2a: Aerodactyl|Aerodactyl, F|67/100
|
|-weather|Sandstorm|[upkeep]
|upkeep
|turn|29
|
|t:|1730416464
|move|p2a: Aerodactyl|Earthquake|p1a: Magneton
|-supereffective|p1a: Magneton
|-damage|p1a: Magneton|0 fnt
|faint|p1a: Magneton
|
|t:|1730416466
|switch|p1a: Salamence|Salamence, M|100/100
|-ability|p1a: Salamence|Intimidate|boost
|-unboost|p2a: Aerodactyl|atk|1
|
|-weather|Sandstorm|[upkeep]
|-damage|p1a: Salamence|94/100|[from] Sandstorm
|-heal|p1a: Salamence|100/100|[from] item: Leftovers
|upkeep
|turn|30
|inactive|kaboom64 has 150 seconds left.
|inactive|xGangg has 270 seconds left.
|
|t:|1730416500
|switch|p2a: Swampert|Swampert, F|39/100
|move|p1a: Salamence|Dragon Dance|p1a: Salamence
|-boost|p1a: Salamence|atk|1
|-boost|p1a: Salamence|spe|1
|
|-weather|Sandstorm|[upkeep]
|-damage|p1a: Salamence|94/100|[from] Sandstorm
|-heal|p1a: Salamence|100/100|[from] item: Leftovers
|-heal|p2a: Swampert|45/100|[from] item: Leftovers
|upkeep
|turn|31
|
|t:|1730416512
|move|p1a: Salamence|Hidden Power|p2a: Swampert
|-damage|p2a: Swampert|1/100
|move|p2a: Swampert|Toxic|p1a: Salamence
|-status|p1a: Salamence|tox
|
|-weather|Sandstorm|[upkeep]
|-damage|p1a: Salamence|94/100 tox|[from] Sandstorm
|-heal|p1a: Salamence|100/100 tox|[from] item: Leftovers
|-damage|p1a: Salamence|94/100 tox|[from] psn
|-heal|p2a: Swampert|7/100|[from] item: Leftovers
|upkeep
|turn|32
|
|t:|1730416525
|move|p1a: Salamence|Hidden Power|p2a: Swampert
|-damage|p2a: Swampert|0 fnt
|faint|p2a: Swampert
|inactive|xGangg has 270 seconds left.
|
|t:|1730416536
|switch|p2a: Tyranitar|Tyranitar, F|70/100
|
|-weather|Sandstorm|[upkeep]
|-damage|p1a: Salamence|88/100 tox|[from] Sandstorm
|-heal|p1a: Salamence|94/100 tox|[from] item: Leftovers
|-damage|p1a: Salamence|82/100 tox|[from] psn
|-heal|p2a: Tyranitar|76/100|[from] item: Leftovers
|upkeep
|turn|33
|inactive|xGangg has 270 seconds left.
|
|t:|1730416548
|switch|p2a: Gengar|Gengar, M|50/100
|move|p1a: Salamence|Earthquake|p2a: Gengar
|-immune|p2a: Gengar
|
|-weather|Sandstorm|[upkeep]
|-damage|p1a: Salamence|76/100 tox|[from] Sandstorm
|-damage|p2a: Gengar|44/100|[from] Sandstorm
|-heal|p1a: Salamence|82/100 tox|[from] item: Leftovers
|-damage|p1a: Salamence|64/100 tox|[from] psn
|-heal|p2a: Gengar|50/100|[from] item: Leftovers
|upkeep
|turn|34
|inactive|xGangg has 270 seconds left.
|
|t:|1730416553
|switch|p2a: Tyranitar|Tyranitar, F|76/100
|move|p1a: Salamence|Rock Slide|p2a: Tyranitar
|-crit|p2a: Tyranitar
|-damage|p2a: Tyranitar|14/100
|
|-weather|Sandstorm|[upkeep]
|-damage|p1a: Salamence|58/100 tox|[from] Sandstorm
|-heal|p1a: Salamence|64/100 tox|[from] item: Leftovers
|-damage|p1a: Salamence|40/100 tox|[from] psn
|-heal|p2a: Tyranitar|20/100|[from] item: Leftovers
|upkeep
|turn|35
|inactive|kaboom64 has 150 seconds left.
|inactive|xGangg has 270 seconds left.
|
|t:|1730416583
|move|p1a: Salamence|Hidden Power|p2a: Tyranitar
|-resisted|p2a: Tyranitar
|-damage|p2a: Tyranitar|0 fnt
|faint|p2a: Tyranitar
|
|t:|1730416585
|switch|p2a: Gengar|Gengar, M|50/100
|
|-weather|Sandstorm|[upkeep]
|-damage|p1a: Salamence|34/100 tox|[from] Sandstorm
|-damage|p2a: Gengar|44/100|[from] Sandstorm
|-heal|p1a: Salamence|40/100 tox|[from] item: Leftovers
|-damage|p1a: Salamence|10/100 tox|[from] psn
|-heal|p2a: Gengar|50/100|[from] item: Leftovers
|upkeep
|turn|36
|inactive|kaboom64 has 120 seconds left.
|inactive|xGangg has 270 seconds left.
|
|t:|1730416646
|switch|p2a: Aerodactyl|Aerodactyl, F|67/100
|move|p1a: Salamence|Rock Slide|p2a: Aerodactyl
|-supereffective|p2a: Aerodactyl
|-damage|p2a: Aerodactyl|0 fnt
|faint|p2a: Aerodactyl
|
|t:|1730416649
|switch|p2a: Gengar|Gengar, M|50/100
|
|-weather|Sandstorm|[upkeep]
|-damage|p1a: Salamence|4/100 tox|[from] Sandstorm
|-damage|p2a: Gengar|44/100|[from] Sandstorm
|-heal|p1a: Salamence|10/100 tox|[from] item: Leftovers
|-damage|p1a: Salamence|0 fnt|[from] psn
|faint|p1a: Salamence
|-heal|p2a: Gengar|50/100|[from] item: Leftovers
|upkeep
|
|t:|1730416659
|switch|p1a: Regirock|Regirock|56/100
|-damage|p1a: Regirock|44/100|[from] Spikes
|turn|37
|inactive|kaboom64 has 90 seconds left.
|
|t:|1730416700
|move|p2a: Gengar|Giga Drain|p1a: Regirock
|-supereffective|p1a: Regirock
|-damage|p1a: Regirock|10/100
|-heal|p2a: Gengar|72/100|[from] drain|[of] p1a: Regirock
|move|p1a: Regirock|Thunder Wave|p2a: Gengar
|-status|p2a: Gengar|par
|
|-weather|Sandstorm|[upkeep]
|-damage|p2a: Gengar|66/100 par|[from] Sandstorm
|-heal|p1a: Regirock|16/100|[from] item: Leftovers
|-heal|p2a: Gengar|72/100 par|[from] item: Leftovers
|upkeep
|turn|38
|
|t:|1730416705
|move|p1a: Regirock|Rock Slide|p2a: Gengar
|-damage|p2a: Gengar|5/100 par
|move|p2a: Gengar|Giga Drain|p1a: Regirock
|-supereffective|p1a: Regirock
|-damage|p1a: Regirock|0 fnt
|-heal|p2a: Gengar|15/100 par|[from] drain|[of] p1a: Regirock
|faint|p1a: Regirock
|
|t:|1730416716
|switch|p1a: Registeel|Registeel|51/100
|-damage|p1a: Registeel|39/100|[from] Spikes
|
|-weather|Sandstorm|[upkeep]
|-damage|p2a: Gengar|8/100 par|[from] Sandstorm
|-heal|p1a: Registeel|45/100|[from] item: Leftovers
|-heal|p2a: Gengar|15/100 par|[from] item: Leftovers
|upkeep
|turn|39
|
|t:|1730416728
|move|p1a: Registeel|Seismic Toss|p2a: Gengar
|-immune|p2a: Gengar
|cant|p2a: Gengar|par
|
|-weather|Sandstorm|[upkeep]
|-damage|p2a: Gengar|8/100 par|[from] Sandstorm
|-heal|p1a: Registeel|51/100|[from] item: Leftovers
|-heal|p2a: Gengar|15/100 par|[from] item: Leftovers
|upkeep
|turn|40
|
|t:|1730416733
|move|p1a: Registeel|Seismic Toss|p2a: Gengar
|-immune|p2a: Gengar
|move|p2a: Gengar|Will-O-Wisp|p1a: Registeel|[miss]
|-miss|p2a: Gengar|p1a: Registeel
|
|-weather|Sandstorm|[upkeep]
|-damage|p2a: Gengar|8/100 par|[from] Sandstorm
|-heal|p1a: Registeel|57/100|[from] item: Leftovers
|-heal|p2a: Gengar|15/100 par|[from] item: Leftovers
|upkeep
|turn|41
|
|t:|1730416739
|move|p2a: Gengar|Will-O-Wisp|p1a: Registeel
|-status|p1a: Registeel|brn
|move|p1a: Registeel|Counter|p2a: Gengar
|
|-weather|Sandstorm|[upkeep]
|-damage|p2a: Gengar|8/100 par|[from] Sandstorm
|-heal|p1a: Registeel|63/100 brn|[from] item: Leftovers
|-damage|p1a: Registeel|51/100 brn|[from] brn
|-heal|p2a: Gengar|15/100 par|[from] item: Leftovers
|upkeep
|turn|42
|
|t:|1730416748
|move|p2a: Gengar|Taunt|p1a: Registeel
|-start|p1a: Registeel|move: Taunt
|move|p1a: Registeel|Counter|p2a: Gengar
|
|-weather|Sandstorm|[upkeep]
|-damage|p2a: Gengar|8/100 par|[from] Sandstorm
|-heal|p1a: Registeel|57/100 brn|[from] item: Leftovers
|-damage|p1a: Registeel|44/100 brn|[from] brn
|-heal|p2a: Gengar|15/100 par|[from] item: Leftovers
|upkeep
|turn|43
|c|☆kaboom64|gg
|-message|kaboom64 forfeited.
|
|win|xGangg
|c|☆xGangg|gg
|player|p1|
|player|p2|
|player|p1|kaboom64|#scl4dynamos2|

</script>
<script type="application/json" class="data" id="replaydata-smogtours-gen3ou-803651">
{"id":"smogtours-gen3ou-803651","format":"[Gen 3] OU","players":["kaboom64","xGangg"],"uploadtime":1730416756,"views":110,"formatid":"gen3ou","rating":null,"private":1,"password":null}
</script>

<script defer src="js/replays.js?9d40a366"></script>
