<!DOCTYPE html>
<meta charset="utf-8" />
<meta name="viewport" content="width=device-width" />

<title>[Gen 3] OU: DimmyJean vs. Lady_Sundalia - Replays - Pok&eacute;mon Showdown!</title>

<meta name="description" content="Watch a replay of a Pok&eacute;mon battle between DimmyJean and Lady_Sundalia! Format: [Gen 3] OU; Date: Oct 5, 2024" />
<!--

Hey, you! Looking in the source for the replay log?

You can find them in JSON format, just add `.json` at the end of a replay URL.

https://replay.pokemonshowdown.com/gen7randomdoublesbattle-865046831.json

Or, if you only need the log itself, add `.log` instead:

https://replay.pokemonshowdown.com/gen7randomdoublesbattle-865046831.log

-->

<link rel="stylesheet" href="//pokemonshowdown.com/style/global.css?0.767286132409787" />
<link rel="stylesheet" href="//play.pokemonshowdown.com/style/font-awesome.css?0.9266228007934947" />
<link rel="stylesheet" href="//play.pokemonshowdown.com/style/battle.css?0.7924700842790926" />
<link rel="stylesheet" href="//play.pokemonshowdown.com/style/utilichart.css?0.8777417872839479" />

<!-- Global site tag (gtag.js) - Google Analytics -->
<script async src="https://www.googletagmanager.com/gtag/js?id=UA-26211653-1"></script>
<script>
  window.dataLayer = window.dataLayer || [];
  function gtag(){dataLayer.push(arguments);}
  gtag('js', new Date());

  gtag('config', 'UA-26211653-1');
</script>
<!-- End Google Analytics -->
<!-- Venatus Ad Manager - Install in <HEAD> of page -->
	<script src="https://hb.vntsm.com/v3/live/ad-manager.min.js" type="text/javascript" data-site-id="642aba63ec9a7b11c3c9c1be" data-mode="scan" async></script>
<!-- / Venatus Ad Manager -->

<style>
	@media (max-width:820px) {
		.battle {
			margin: 0 auto;
		}
		.battle-log {
			margin: 7px auto 0;
			max-width: 640px;
			height: 300px;
			position: static;
		}
	}
	.optgroup {
		display: inline-block;
		line-height: 22px;
		font-size: 10pt;
	}
	.optgroup .button {
		height: 25px;
		padding-top: 0;
		padding-bottom: 0;
	}
	.optgroup button.button {
		padding-left: 12px;
		padding-right: 12px;
	}
	.linklist {
		list-style: none;
		margin: 0.5em 0;
		padding: 0;
	}
	.linklist li {
		padding: 2px 0;
	}
	.sidebar {
		float: left;
		width: 320px;
	}
	.bar-wrapper {
		max-width: 1100px;
		margin: 0 auto;
	}
	.bar-wrapper.has-sidebar {
		max-width: 1430px;
	}
	.mainbar {
		margin: 0;
		padding-right: 1px;
	}
	.mainbar.has-sidebar {
		margin-left: 330px;
	}
	@media (min-width: 1511px) {
		.sidebar {
			width: 400px;
		}
		.bar-wrapper.has-sidebar {
			max-width: 1510px;
		}
		.mainbar.has-sidebar {
			margin-left: 410px;
		}
	}
	.section.first-section {
		margin-top: 9px;
	}
	.blocklink small {
		white-space: normal;
	}
	.button {
		vertical-align: middle;
	}
	.replay-controls {
		padding-top: 10px;
	}
	.replay-controls h1 {
		font-size: 16pt;
		font-weight: normal;
		color: #CCC;
	}
	.pagelink {
		text-align: center;
	}
	.pagelink a {
		width: 150px;
	}
	.textbox, .button {
		font-size: 11pt;
		vertical-align: middle;
	}
	@media (max-width: 450px) {
		.button {
			font-size: 9pt;
		}
	}
</style>

<div>

	<header>
		<div class="nav-wrapper"><ul class="nav">
			<li><a class="button nav-first" href="//pokemonshowdown.com/"><img src="//pokemonshowdown.com/images/pokemonshowdownbeta.png" srcset="//pokemonshowdown.com/images/pokemonshowdownbeta.png 1x, //pokemonshowdown.com/images/pokemonshowdownbeta@2x.png 2x" alt="Pok&eacute;mon Showdown" width="146" height="44" /> Home</a></li>
			<li><a class="button" href="//pokemonshowdown.com/dex/">Pok&eacute;dex</a></li>
			<li><a class="button cur" href="/">Replays</a></li>
			<li><a class="button" href="//pokemonshowdown.com/ladder/">Ladder</a></li>
			<li><a class="button nav-last" href="//pokemonshowdown.com/forums/">Forum</a></li>
			<li><a class="button greenbutton nav-first nav-last" href="//play.pokemonshowdown.com/">Play</a></li>
		</ul></div>
	</header>

	<div class="main" id="main">

		<noscript><section class="section">You need to enable JavaScript to use this page; sorry!</section></noscript>

	</div>

</div>

<script defer nomodule src="//play.pokemonshowdown.com/js/lib/ps-polyfill.js"></script>
<script defer src="//play.pokemonshowdown.com/js/lib/preact.min.js"></script>

<script defer src="//play.pokemonshowdown.com/config/config.js?6dec07f6"></script>
<script defer src="//play.pokemonshowdown.com/js/lib/jquery-1.11.0.min.js"></script>
<script defer src="//play.pokemonshowdown.com/js/lib/html-sanitizer-minified.js"></script>
<script defer src="//play.pokemonshowdown.com/js/battle-sound.js"></script>
<script defer src="//play.pokemonshowdown.com/js/battledata.js?0.6315294753075389"></script>
<script defer src="//play.pokemonshowdown.com/data/pokedex-mini.js?0.7603743185311358"></script>
<script defer src="//play.pokemonshowdown.com/data/pokedex-mini-bw.js?0.030888842834281283"></script>
<script defer src="//play.pokemonshowdown.com/data/graphics.js?0.05593094747507488"></script>
<script defer src="//play.pokemonshowdown.com/data/pokedex.js?0.47064822249611904"></script>
<script defer src="//play.pokemonshowdown.com/data/moves.js?0.8583693120512459"></script>
<script defer src="//play.pokemonshowdown.com/data/abilities.js?0.16017181182386842"></script>
<script defer src="//play.pokemonshowdown.com/data/items.js?0.4163379185673943"></script>
<script defer src="//play.pokemonshowdown.com/data/teambuilder-tables.js?0.31075597372830477"></script>
<script defer src="//play.pokemonshowdown.com/js/battle-tooltips.js?0.6536193500708172"></script>
<script defer src="//play.pokemonshowdown.com/js/battle.js?0.1916591943277901"></script>

<script defer src="js/utils.js?e31f9a17"></script>
<script defer src="js/replays-battle.js?7008c182"></script>

<!-- don't scrape this data! just add .json or .log after the URL!
Full API docs: https://github.com/smogon/pokemon-showdown-client/blob/master/WEB-API.md -->
<script type="text/plain" class="log" id="replaylog-smogtours-gen3ou-794807">
|inactive|Battle timer is ON: inactive players will automatically lose when time's up.
|t:|1728090818
|gametype|singles
|player|p1|DimmyJean|psychic-gen2|
|player|p2|Lady_Sundalia|waitress|
|teamsize|p1|6
|teamsize|p2|6
|gen|3
|tier|[Gen 3] OU
|rule|Sleep Clause Mod: Limit one foe put to sleep
|rule|Switch Priority Clause Mod: Faster Pokémon switch first
|rule|Species Clause: Limit one of each Pokémon
|rule|OHKO Clause: OHKO moves are banned
|rule|Evasion Items Clause: Evasion items are banned
|rule|Evasion Moves Clause: Evasion moves are banned
|rule|Endless Battle Clause: Forcing endless battles is banned
|rule|HP Percentage Mod: HP is shown in percentages
|rule|One Boost Passer Clause: Limit one Baton Passer that has a way to boost its stats
|rule|Freeze Clause Mod: Limit one foe frozen
|
|t:|1728090818
|start
|switch|p1a: Tyranitar|Tyranitar, M|100/100
|switch|p2a: this is my lead|Tyranitar, M|100/100
|-weather|Sandstorm|[from] ability: Sand Stream|[of] p1a: Tyranitar
|turn|1
|
|t:|1728090835
|switch|p1a: Swampert|Swampert, M|100/100
|switch|p2a: rawr xD|Suicune|100/100
|
|-weather|Sandstorm|[upkeep]
|-damage|p2a: rawr xD|94/100|[from] Sandstorm
|-heal|p2a: rawr xD|100/100|[from] item: Leftovers
|upkeep
|turn|2
|
|t:|1728090845
|switch|p1a: Celebi|Celebi|100/100
|move|p2a: rawr xD|Surf|p1a: Celebi
|-resisted|p1a: Celebi
|-damage|p1a: Celebi|88/100
|
|-weather|Sandstorm|[upkeep]
|-damage|p1a: Celebi|82/100|[from] Sandstorm
|-damage|p2a: rawr xD|94/100|[from] Sandstorm
|-heal|p1a: Celebi|88/100|[from] item: Leftovers
|-heal|p2a: rawr xD|100/100|[from] item: Leftovers
|upkeep
|turn|3
|
|t:|1728090855
|switch|p2a: davesprite|Skarmory, F|100/100
|move|p1a: Celebi|Calm Mind|p1a: Celebi
|-boost|p1a: Celebi|spa|1
|-boost|p1a: Celebi|spd|1
|
|-weather|Sandstorm|[upkeep]
|-damage|p1a: Celebi|82/100|[from] Sandstorm
|-heal|p1a: Celebi|88/100|[from] item: Leftovers
|upkeep
|turn|4
|
|t:|1728090858
|move|p1a: Celebi|Hidden Power|p2a: davesprite
|-supereffective|p2a: davesprite
|-damage|p2a: davesprite|50/100
|move|p2a: davesprite|Roar|p1a: Celebi
|drag|p1a: Porygon2|Porygon2|100/100
|-ability|p1a: Porygon2|Keen Eye|[from] ability: Trace|[of] p2a: davesprite
|
|-weather|Sandstorm|[upkeep]
|-damage|p1a: Porygon2|94/100|[from] Sandstorm
|-heal|p2a: davesprite|56/100|[from] item: Leftovers
|-heal|p1a: Porygon2|100/100|[from] item: Leftovers
|upkeep
|turn|5
|
|t:|1728090866
|move|p2a: davesprite|Protect|p2a: davesprite
|-singleturn|p2a: davesprite|Protect
|move|p1a: Porygon2|Thunderbolt|p2a: davesprite
|-activate|p2a: davesprite|Protect
|
|-weather|Sandstorm|[upkeep]
|-damage|p1a: Porygon2|94/100|[from] Sandstorm
|-heal|p2a: davesprite|62/100|[from] item: Leftovers
|-heal|p1a: Porygon2|100/100|[from] item: Leftovers
|upkeep
|turn|6
|
|t:|1728090870
|switch|p2a: hows the weather?|Blissey, F|100/100
|move|p1a: Porygon2|Thunder Wave|p2a: hows the weather?
|-status|p2a: hows the weather?|par
|
|-weather|Sandstorm|[upkeep]
|-damage|p1a: Porygon2|94/100|[from] Sandstorm
|-damage|p2a: hows the weather?|94/100 par|[from] Sandstorm
|-heal|p1a: Porygon2|100/100|[from] item: Leftovers
|-heal|p2a: hows the weather?|100/100 par|[from] item: Leftovers
|upkeep
|turn|7
|
|t:|1728090882
|switch|p1a: Tyranitar|Tyranitar, M|100/100
|move|p2a: hows the weather?|Toxic|p1a: Tyranitar
|-status|p1a: Tyranitar|tox
|
|-weather|Sandstorm|[upkeep]
|-damage|p2a: hows the weather?|94/100 par|[from] Sandstorm
|-damage|p1a: Tyranitar|94/100 tox|[from] psn
|-heal|p2a: hows the weather?|100/100 par|[from] item: Leftovers
|upkeep
|turn|8
|
|t:|1728090888
|-singleturn|p1a: Tyranitar|move: Focus Punch
|-curestatus|p2a: hows the weather?|par|[from] ability: Natural Cure
|switch|p2a: rawr xD|Suicune|100/100
|move|p1a: Tyranitar|Focus Punch|p2a: rawr xD
|-damage|p2a: rawr xD|48/100
|
|-weather|Sandstorm|[upkeep]
|-damage|p2a: rawr xD|41/100|[from] Sandstorm
|-heal|p2a: rawr xD|48/100|[from] item: Leftovers
|-damage|p1a: Tyranitar|82/100 tox|[from] psn
|upkeep
|turn|9
|
|t:|1728090897
|switch|p1a: Celebi|Celebi|88/100
|move|p2a: rawr xD|Surf|p1a: Celebi
|-resisted|p1a: Celebi
|-damage|p1a: Celebi|75/100
|
|-weather|Sandstorm|[upkeep]
|-damage|p1a: Celebi|68/100|[from] Sandstorm
|-damage|p2a: rawr xD|41/100|[from] Sandstorm
|-heal|p1a: Celebi|75/100|[from] item: Leftovers
|-heal|p2a: rawr xD|48/100|[from] item: Leftovers
|upkeep
|turn|10
|
|t:|1728090910
|move|p1a: Celebi|Calm Mind|p1a: Celebi
|-boost|p1a: Celebi|spa|1
|-boost|p1a: Celebi|spd|1
|move|p2a: rawr xD|Roar|p1a: Celebi
|drag|p1a: Tyranitar|Tyranitar, M|82/100 tox
|
|-weather|Sandstorm|[upkeep]
|-damage|p2a: rawr xD|41/100|[from] Sandstorm
|-heal|p2a: rawr xD|48/100|[from] item: Leftovers
|-damage|p1a: Tyranitar|76/100 tox|[from] psn
|upkeep
|turn|11
|inactive|DimmyJean disconnected and has 300 seconds to reconnect!
|player|p1|
|inactive|DimmyJean reconnected and has 290 seconds left.
|player|p1|DimmyJean|psychic-gen2|
|
|t:|1728090937
|switch|p2a: I <3 DONPHAN|Donphan, M|100/100
|switch|p1a: Metagross|Metagross|100/100
|
|-weather|Sandstorm|[upkeep]
|upkeep
|turn|12
|
|t:|1728090948
|switch|p1a: Swampert|Swampert, M|100/100
|move|p2a: I <3 DONPHAN|Earthquake|p1a: Swampert
|-damage|p1a: Swampert|75/100
|
|-weather|Sandstorm|[upkeep]
|-heal|p1a: Swampert|81/100|[from] item: Leftovers
|upkeep
|turn|13
|
|t:|1728090968
|switch|p1a: Tyranitar|Tyranitar, M|76/100 tox
|switch|p2a: hows the weather?|Blissey, F|100/100
|
|-weather|Sandstorm|[upkeep]
|-damage|p2a: hows the weather?|94/100|[from] Sandstorm
|-heal|p2a: hows the weather?|100/100|[from] item: Leftovers
|-damage|p1a: Tyranitar|70/100 tox|[from] psn
|upkeep
|turn|14
|
|t:|1728090976
|switch|p2a: I <3 DONPHAN|Donphan, M|100/100
|move|p1a: Tyranitar|Rock Slide|p2a: I <3 DONPHAN
|-resisted|p2a: I <3 DONPHAN
|-damage|p2a: I <3 DONPHAN|80/100
|
|-weather|Sandstorm|[upkeep]
|-damage|p1a: Tyranitar|58/100 tox|[from] psn
|-heal|p2a: I <3 DONPHAN|86/100|[from] item: Leftovers
|upkeep
|turn|15
|
|t:|1728090982
|switch|p1a: Celebi|Celebi|75/100
|move|p2a: I <3 DONPHAN|Earthquake|p1a: Celebi
|-resisted|p1a: Celebi
|-crit|p1a: Celebi
|-damage|p1a: Celebi|37/100
|
|-weather|Sandstorm|[upkeep]
|-damage|p1a: Celebi|31/100|[from] Sandstorm
|-heal|p1a: Celebi|37/100|[from] item: Leftovers
|-heal|p2a: I <3 DONPHAN|92/100|[from] item: Leftovers
|upkeep
|turn|16
|
|t:|1728091000
|switch|p2a: this is my lead|Tyranitar, M|100/100
|move|p1a: Celebi|Giga Drain|p2a: this is my lead
|-supereffective|p2a: this is my lead
|-damage|p2a: this is my lead|60/100
|-heal|p1a: Celebi|57/100|[from] drain|[of] p2a: this is my lead
|
|-weather|Sandstorm|[upkeep]
|-damage|p1a: Celebi|50/100|[from] Sandstorm
|-heal|p1a: Celebi|57/100|[from] item: Leftovers
|-heal|p2a: this is my lead|66/100|[from] item: Leftovers
|upkeep
|turn|17
|
|t:|1728091018
|-activate|p1a: Celebi|move: Pursuit
|move|p2a: this is my lead|Pursuit|p1a: Celebi|[from]Pursuit
|-supereffective|p1a: Celebi
|-damage|p1a: Celebi|0 fnt
|faint|p1a: Celebi
|-hint|Previously chosen switches continue in Gen 2-4 after a Pursuit target faints.
|switch|p1a: Swampert|Swampert, M|81/100
|
|-weather|Sandstorm|[upkeep]
|-heal|p2a: this is my lead|73/100|[from] item: Leftovers
|-heal|p1a: Swampert|87/100|[from] item: Leftovers
|upkeep
|turn|18
|
|t:|1728091040
|switch|p2a: hows the weather?|Blissey, F|100/100
|move|p1a: Swampert|Protect||[still]
|-fail|p1a: Swampert
|
|-weather|Sandstorm|[upkeep]
|-damage|p2a: hows the weather?|94/100|[from] Sandstorm
|-heal|p2a: hows the weather?|100/100|[from] item: Leftovers
|-heal|p1a: Swampert|93/100|[from] item: Leftovers
|upkeep
|turn|19
|
|t:|1728091045
|switch|p1a: Metagross|Metagross|100/100
|move|p2a: hows the weather?|Wish|p2a: hows the weather?
|
|-weather|Sandstorm|[upkeep]
|-damage|p2a: hows the weather?|94/100|[from] Sandstorm
|-heal|p2a: hows the weather?|100/100|[from] item: Leftovers
|upkeep
|turn|20
|
|t:|1728091064
|switch|p2a: rawr xD|Suicune|48/100
|move|p1a: Metagross|Explosion|p2a: rawr xD
|-damage|p2a: rawr xD|0 fnt
|faint|p1a: Metagross
|faint|p2a: rawr xD
|inactive|DimmyJean has 270 seconds left.
|
|t:|1728091084
|switch|p2a: I <3 DONPHAN|Donphan, M|92/100
|switch|p1a: Tyranitar|Tyranitar, M|58/100 tox
|
|-heal|p2a: I <3 DONPHAN|100/100|[from] move: Wish|[wisher] hows the weather?
|-weather|Sandstorm|[upkeep]
|-damage|p1a: Tyranitar|52/100 tox|[from] psn
|upkeep
|turn|21
|
|t:|1728091089
|switch|p1a: Porygon2|Porygon2|100/100
|-ability|p1a: Porygon2|Sturdy|[from] ability: Trace|[of] p2a: I <3 DONPHAN
|move|p2a: I <3 DONPHAN|Earthquake|p1a: Porygon2
|-damage|p1a: Porygon2|66/100
|
|-weather|Sandstorm|[upkeep]
|-damage|p1a: Porygon2|60/100|[from] Sandstorm
|-heal|p1a: Porygon2|66/100|[from] item: Leftovers
|upkeep
|turn|22
|
|t:|1728091099
|switch|p2a: hows the weather?|Blissey, F|100/100
|move|p1a: Porygon2|Recover|p1a: Porygon2
|-heal|p1a: Porygon2|100/100
|
|-weather|Sandstorm|[upkeep]
|-damage|p2a: hows the weather?|94/100|[from] Sandstorm
|-damage|p1a: Porygon2|94/100|[from] Sandstorm
|-heal|p2a: hows the weather?|100/100|[from] item: Leftovers
|-heal|p1a: Porygon2|100/100|[from] item: Leftovers
|upkeep
|turn|23
|
|t:|1728091105
|switch|p1a: Tyranitar|Tyranitar, M|52/100 tox
|move|p2a: hows the weather?|Wish|p2a: hows the weather?
|
|-weather|Sandstorm|[upkeep]
|-damage|p2a: hows the weather?|94/100|[from] Sandstorm
|-heal|p2a: hows the weather?|100/100|[from] item: Leftovers
|-damage|p1a: Tyranitar|46/100 tox|[from] psn
|upkeep
|turn|24
|
|t:|1728091113
|-singleturn|p1a: Tyranitar|move: Focus Punch
|switch|p2a: davesprite|Skarmory, F|62/100
|move|p1a: Tyranitar|Focus Punch|p2a: davesprite
|-damage|p2a: davesprite|0 fnt
|faint|p2a: davesprite
|
|t:|1728091126
|switch|p2a: hows the weather?|Blissey, F|100/100
|
|-weather|Sandstorm|[upkeep]
|-damage|p2a: hows the weather?|94/100|[from] Sandstorm
|-heal|p2a: hows the weather?|100/100|[from] item: Leftovers
|-damage|p1a: Tyranitar|34/100 tox|[from] psn
|upkeep
|turn|25
|
|t:|1728091142
|switch|p1a: Porygon2|Porygon2|100/100
|-ability|p1a: Porygon2|Natural Cure|[from] ability: Trace|[of] p2a: hows the weather?
|move|p2a: hows the weather?|Seismic Toss|p1a: Porygon2
|-damage|p1a: Porygon2|74/100
|
|-weather|Sandstorm|[upkeep]
|-damage|p2a: hows the weather?|94/100|[from] Sandstorm
|-damage|p1a: Porygon2|68/100|[from] Sandstorm
|-heal|p2a: hows the weather?|100/100|[from] item: Leftovers
|-heal|p1a: Porygon2|74/100|[from] item: Leftovers
|upkeep
|turn|26
|
|t:|1728091160
|move|p2a: hows the weather?|Toxic|p1a: Porygon2
|-status|p1a: Porygon2|tox
|move|p1a: Porygon2|Thunder Wave|p2a: hows the weather?
|-status|p2a: hows the weather?|par
|
|-weather|Sandstorm|[upkeep]
|-damage|p1a: Porygon2|68/100 tox|[from] Sandstorm
|-damage|p2a: hows the weather?|94/100 par|[from] Sandstorm
|-heal|p1a: Porygon2|74/100 tox|[from] item: Leftovers
|-damage|p1a: Porygon2|68/100 tox|[from] psn
|-heal|p2a: hows the weather?|100/100 par|[from] item: Leftovers
|upkeep
|turn|27
|
|t:|1728091165
|move|p1a: Porygon2|Recover|p1a: Porygon2
|-heal|p1a: Porygon2|100/100 tox
|move|p2a: hows the weather?|Wish|p2a: hows the weather?
|
|-weather|Sandstorm|[upkeep]
|-damage|p1a: Porygon2|94/100 tox|[from] Sandstorm
|-damage|p2a: hows the weather?|94/100 par|[from] Sandstorm
|-heal|p1a: Porygon2|100/100 tox|[from] item: Leftovers
|-damage|p1a: Porygon2|88/100 tox|[from] psn
|-heal|p2a: hows the weather?|100/100 par|[from] item: Leftovers
|upkeep
|turn|28
|
|t:|1728091184
|-curestatus|p1a: Porygon2|tox|[from] ability: Natural Cure
|switch|p1a: Tyranitar|Tyranitar, M|34/100 tox
|move|p2a: hows the weather?|Seismic Toss|p1a: Tyranitar
|-damage|p1a: Tyranitar|6/100 tox
|
|-weather|Sandstorm|[upkeep]
|-damage|p2a: hows the weather?|94/100 par|[from] Sandstorm
|-damage|p1a: Tyranitar|0 fnt|[from] psn
|faint|p1a: Tyranitar
|-heal|p2a: hows the weather?|100/100 par|[from] item: Leftovers
|upkeep
|
|t:|1728091196
|switch|p1a: Starmie|Starmie|100/100
|turn|29
|
|t:|1728091199
|move|p1a: Starmie|Hydro Pump|p2a: hows the weather?
|-damage|p2a: hows the weather?|81/100 par
|move|p2a: hows the weather?|Toxic|p1a: Starmie
|-status|p1a: Starmie|tox
|
|-weather|Sandstorm|[upkeep]
|-damage|p1a: Starmie|94/100 tox|[from] Sandstorm
|-damage|p2a: hows the weather?|74/100 par|[from] Sandstorm
|-heal|p1a: Starmie|100/100 tox|[from] item: Leftovers
|-damage|p1a: Starmie|94/100 tox|[from] psn
|-heal|p2a: hows the weather?|81/100 par|[from] item: Leftovers
|upkeep
|turn|30
|
|t:|1728091213
|-curestatus|p2a: hows the weather?|par|[from] ability: Natural Cure
|switch|p2a: sorry about that|Magneton|100/100
|move|p1a: Starmie|Hydro Pump|p2a: sorry about that
|-damage|p2a: sorry about that|17/100
|
|-weather|Sandstorm|[upkeep]
|-damage|p1a: Starmie|88/100 tox|[from] Sandstorm
|-heal|p1a: Starmie|94/100 tox|[from] item: Leftovers
|-damage|p1a: Starmie|82/100 tox|[from] psn
|upkeep
|turn|31
|
|t:|1728091224
|-curestatus|p1a: Starmie|tox|[from] ability: Natural Cure
|switch|p1a: Porygon2|Porygon2|88/100
|-ability|p1a: Porygon2|Magnet Pull|[from] ability: Trace|[of] p2a: sorry about that
|switch|p2a: hows the weather?|Blissey, F|81/100
|
|-weather|Sandstorm|[upkeep]
|-damage|p2a: hows the weather?|74/100|[from] Sandstorm
|-damage|p1a: Porygon2|82/100|[from] Sandstorm
|-heal|p2a: hows the weather?|81/100|[from] item: Leftovers
|-heal|p1a: Porygon2|88/100|[from] item: Leftovers
|upkeep
|turn|32
|
|t:|1728091232
|move|p2a: hows the weather?|Toxic|p1a: Porygon2
|-status|p1a: Porygon2|tox
|move|p1a: Porygon2|Ice Beam|p2a: hows the weather?
|-damage|p2a: hows the weather?|70/100
|
|-weather|Sandstorm|[upkeep]
|-damage|p2a: hows the weather?|64/100|[from] Sandstorm
|-damage|p1a: Porygon2|82/100 tox|[from] Sandstorm
|-heal|p2a: hows the weather?|70/100|[from] item: Leftovers
|-heal|p1a: Porygon2|88/100 tox|[from] item: Leftovers
|-damage|p1a: Porygon2|82/100 tox|[from] psn
|upkeep
|turn|33
|
|t:|1728091245
|move|p2a: hows the weather?|Wish|p2a: hows the weather?
|move|p1a: Porygon2|Ice Beam|p2a: hows the weather?
|-damage|p2a: hows the weather?|60/100
|
|-weather|Sandstorm|[upkeep]
|-damage|p2a: hows the weather?|54/100|[from] Sandstorm
|-damage|p1a: Porygon2|76/100 tox|[from] Sandstorm
|-heal|p2a: hows the weather?|60/100|[from] item: Leftovers
|-heal|p1a: Porygon2|82/100 tox|[from] item: Leftovers
|-damage|p1a: Porygon2|70/100 tox|[from] psn
|upkeep
|turn|34
|
|t:|1728091251
|switch|p2a: sorry about that|Magneton|17/100
|switch|p1a: Starmie|Starmie|82/100
|
|-heal|p2a: sorry about that|67/100|[from] move: Wish|[wisher] hows the weather?
|-weather|Sandstorm|[upkeep]
|-damage|p1a: Starmie|76/100|[from] Sandstorm
|-heal|p1a: Starmie|82/100|[from] item: Leftovers
|upkeep
|turn|35
|
|t:|1728091264
|switch|p2a: hows the weather?|Blissey, F|60/100
|move|p1a: Starmie|Hydro Pump|p2a: hows the weather?|[miss]
|-miss|p1a: Starmie|p2a: hows the weather?
|
|-weather|Sandstorm|[upkeep]
|-damage|p1a: Starmie|76/100|[from] Sandstorm
|-damage|p2a: hows the weather?|54/100|[from] Sandstorm
|-heal|p1a: Starmie|82/100|[from] item: Leftovers
|-heal|p2a: hows the weather?|60/100|[from] item: Leftovers
|upkeep
|turn|36
|
|t:|1728091275
|switch|p1a: Swampert|Swampert, M|93/100
|move|p2a: hows the weather?|Toxic|p1a: Swampert|[miss]
|-miss|p2a: hows the weather?|p1a: Swampert
|
|-weather|Sandstorm|[upkeep]
|-damage|p2a: hows the weather?|54/100|[from] Sandstorm
|-heal|p2a: hows the weather?|60/100|[from] item: Leftovers
|-heal|p1a: Swampert|99/100|[from] item: Leftovers
|upkeep
|turn|37
|
|t:|1728091284
|switch|p1a: Starmie|Starmie|82/100
|move|p2a: hows the weather?|Soft-Boiled|p2a: hows the weather?
|-heal|p2a: hows the weather?|100/100
|
|-weather|Sandstorm|[upkeep]
|-damage|p1a: Starmie|76/100|[from] Sandstorm
|-damage|p2a: hows the weather?|94/100|[from] Sandstorm
|-heal|p1a: Starmie|82/100|[from] item: Leftovers
|-heal|p2a: hows the weather?|100/100|[from] item: Leftovers
|upkeep
|turn|38
|
|t:|1728091288
|move|p1a: Starmie|Hydro Pump|p2a: hows the weather?|[miss]
|-miss|p1a: Starmie|p2a: hows the weather?
|move|p2a: hows the weather?|Seismic Toss|p1a: Starmie
|-damage|p1a: Starmie|44/100
|
|-weather|Sandstorm|[upkeep]
|-damage|p1a: Starmie|38/100|[from] Sandstorm
|-damage|p2a: hows the weather?|94/100|[from] Sandstorm
|-heal|p1a: Starmie|44/100|[from] item: Leftovers
|-heal|p2a: hows the weather?|100/100|[from] item: Leftovers
|upkeep
|turn|39
|
|t:|1728091292
|move|p1a: Starmie|Hydro Pump|p2a: hows the weather?
|-damage|p2a: hows the weather?|80/100
|move|p2a: hows the weather?|Seismic Toss|p1a: Starmie
|-damage|p1a: Starmie|6/100
|
|-weather|Sandstorm|[upkeep]
|-damage|p1a: Starmie|0 fnt|[from] Sandstorm
|-damage|p2a: hows the weather?|74/100|[from] Sandstorm
|faint|p1a: Starmie
|-heal|p2a: hows the weather?|80/100|[from] item: Leftovers
|upkeep
|
|t:|1728091297
|switch|p1a: Swampert|Swampert, M|99/100
|turn|40
|
|t:|1728091300
|move|p2a: hows the weather?|Toxic|p1a: Swampert
|-status|p1a: Swampert|tox
|move|p1a: Swampert|Roar|p2a: hows the weather?
|drag|p2a: I <3 DONPHAN|Donphan, M|100/100
|
|-weather|Sandstorm|[upkeep]
|-heal|p1a: Swampert|100/100 tox|[from] item: Leftovers
|-damage|p1a: Swampert|94/100 tox|[from] psn
|upkeep
|turn|41
|
|t:|1728091303
|switch|p2a: hows the weather?|Blissey, F|80/100
|move|p1a: Swampert|Surf|p2a: hows the weather?
|-damage|p2a: hows the weather?|69/100
|
|-weather|Sandstorm|[upkeep]
|-damage|p2a: hows the weather?|63/100|[from] Sandstorm
|-heal|p2a: hows the weather?|69/100|[from] item: Leftovers
|-heal|p1a: Swampert|100/100 tox|[from] item: Leftovers
|-damage|p1a: Swampert|88/100 tox|[from] psn
|upkeep
|turn|42
|
|t:|1728091307
|move|p2a: hows the weather?|Wish|p2a: hows the weather?
|move|p1a: Swampert|Ice Beam|p2a: hows the weather?
|-damage|p2a: hows the weather?|61/100
|
|-weather|Sandstorm|[upkeep]
|-damage|p2a: hows the weather?|55/100|[from] Sandstorm
|-heal|p2a: hows the weather?|61/100|[from] item: Leftovers
|-heal|p1a: Swampert|94/100 tox|[from] item: Leftovers
|-damage|p1a: Swampert|76/100 tox|[from] psn
|upkeep
|turn|43
|
|t:|1728091313
|move|p2a: hows the weather?|Seismic Toss|p1a: Swampert
|-damage|p1a: Swampert|51/100 tox
|move|p1a: Swampert|Ice Beam|p2a: hows the weather?
|-damage|p2a: hows the weather?|54/100
|
|-heal|p2a: hows the weather?|100/100|[from] move: Wish|[wisher] hows the weather?
|-weather|Sandstorm|[upkeep]
|-damage|p2a: hows the weather?|94/100|[from] Sandstorm
|-heal|p2a: hows the weather?|100/100|[from] item: Leftovers
|-heal|p1a: Swampert|57/100 tox|[from] item: Leftovers
|-damage|p1a: Swampert|32/100 tox|[from] psn
|upkeep
|turn|44
|-message|DimmyJean forfeited.
|
|win|Lady_Sundalia
|c|☆DimmyJean|gg
|player|p2|
|player|p2|Lady_Sundalia|waitress|

</script>
<script type="application/json" class="data" id="replaydata-smogtours-gen3ou-794807">
{"id":"smogtours-gen3ou-794807","format":"[Gen 3] OU","players":["DimmyJean","Lady_Sundalia"],"uploadtime":1728091320,"views":110,"formatid":"gen3ou","rating":null,"private":0,"password":null}
</script>

<script defer src="js/replays.js?9d40a366"></script>
