<!DOCTYPE html>
<meta charset="utf-8" />
<meta name="viewport" content="width=device-width" />

<title>[Gen 3] OU: CazabichosPablo vs. DarthTyros - Replays - Pok&eacute;mon Showdown!</title>

<meta name="description" content="Watch a replay of a Pok&eacute;mon battle between CazabichosPablo and DarthTyros! Format: [Gen 3] OU; Date: Oct 13, 2024" />
<!--

Hey, you! Looking in the source for the replay log?

You can find them in JSON format, just add `.json` at the end of a replay URL.

https://replay.pokemonshowdown.com/gen7randomdoublesbattle-865046831.json

Or, if you only need the log itself, add `.log` instead:

https://replay.pokemonshowdown.com/gen7randomdoublesbattle-865046831.log

-->

<link rel="stylesheet" href="//pokemonshowdown.com/style/global.css?0.767286132409787" />
<link rel="stylesheet" href="//play.pokemonshowdown.com/style/font-awesome.css?0.9266228007934947" />
<link rel="stylesheet" href="//play.pokemonshowdown.com/style/battle.css?0.7924700842790926" />
<link rel="stylesheet" href="//play.pokemonshowdown.com/style/utilichart.css?0.8777417872839479" />

<!-- Global site tag (gtag.js) - Google Analytics -->
<script async src="https://www.googletagmanager.com/gtag/js?id=UA-26211653-1"></script>
<script>
  window.dataLayer = window.dataLayer || [];
  function gtag(){dataLayer.push(arguments);}
  gtag('js', new Date());

  gtag('config', 'UA-26211653-1');
</script>
<!-- End Google Analytics -->
<!-- Venatus Ad Manager - Install in <HEAD> of page -->
	<script src="https://hb.vntsm.com/v3/live/ad-manager.min.js" type="text/javascript" data-site-id="642aba63ec9a7b11c3c9c1be" data-mode="scan" async></script>
<!-- / Venatus Ad Manager -->

<style>
	@media (max-width:820px) {
		.battle {
			margin: 0 auto;
		}
		.battle-log {
			margin: 7px auto 0;
			max-width: 640px;
			height: 300px;
			position: static;
		}
	}
	.optgroup {
		display: inline-block;
		line-height: 22px;
		font-size: 10pt;
	}
	.optgroup .button {
		height: 25px;
		padding-top: 0;
		padding-bottom: 0;
	}
	.optgroup button.button {
		padding-left: 12px;
		padding-right: 12px;
	}
	.linklist {
		list-style: none;
		margin: 0.5em 0;
		padding: 0;
	}
	.linklist li {
		padding: 2px 0;
	}
	.sidebar {
		float: left;
		width: 320px;
	}
	.bar-wrapper {
		max-width: 1100px;
		margin: 0 auto;
	}
	.bar-wrapper.has-sidebar {
		max-width: 1430px;
	}
	.mainbar {
		margin: 0;
		padding-right: 1px;
	}
	.mainbar.has-sidebar {
		margin-left: 330px;
	}
	@media (min-width: 1511px) {
		.sidebar {
			width: 400px;
		}
		.bar-wrapper.has-sidebar {
			max-width: 1510px;
		}
		.mainbar.has-sidebar {
			margin-left: 410px;
		}
	}
	.section.first-section {
		margin-top: 9px;
	}
	.blocklink small {
		white-space: normal;
	}
	.button {
		vertical-align: middle;
	}
	.replay-controls {
		padding-top: 10px;
	}
	.replay-controls h1 {
		font-size: 16pt;
		font-weight: normal;
		color: #CCC;
	}
	.pagelink {
		text-align: center;
	}
	.pagelink a {
		width: 150px;
	}
	.textbox, .button {
		font-size: 11pt;
		vertical-align: middle;
	}
	@media (max-width: 450px) {
		.button {
			font-size: 9pt;
		}
	}
</style>

<div>

	<header>
		<div class="nav-wrapper"><ul class="nav">
			<li><a class="button nav-first" href="//pokemonshowdown.com/"><img src="//pokemonshowdown.com/images/pokemonshowdownbeta.png" srcset="//pokemonshowdown.com/images/pokemonshowdownbeta.png 1x, //pokemonshowdown.com/images/pokemonshowdownbeta@2x.png 2x" alt="Pok&eacute;mon Showdown" width="146" height="44" /> Home</a></li>
			<li><a class="button" href="//pokemonshowdown.com/dex/">Pok&eacute;dex</a></li>
			<li><a class="button cur" href="/">Replays</a></li>
			<li><a class="button" href="//pokemonshowdown.com/ladder/">Ladder</a></li>
			<li><a class="button nav-last" href="//pokemonshowdown.com/forums/">Forum</a></li>
			<li><a class="button greenbutton nav-first nav-last" href="//play.pokemonshowdown.com/">Play</a></li>
		</ul></div>
	</header>

	<div class="main" id="main">

		<noscript><section class="section">You need to enable JavaScript to use this page; sorry!</section></noscript>

	</div>

</div>

<script defer nomodule src="//play.pokemonshowdown.com/js/lib/ps-polyfill.js"></script>
<script defer src="//play.pokemonshowdown.com/js/lib/preact.min.js"></script>

<script defer src="//play.pokemonshowdown.com/config/config.js?6dec07f6"></script>
<script defer src="//play.pokemonshowdown.com/js/lib/jquery-1.11.0.min.js"></script>
<script defer src="//play.pokemonshowdown.com/js/lib/html-sanitizer-minified.js"></script>
<script defer src="//play.pokemonshowdown.com/js/battle-sound.js"></script>
<script defer src="//play.pokemonshowdown.com/js/battledata.js?0.6315294753075389"></script>
<script defer src="//play.pokemonshowdown.com/data/pokedex-mini.js?0.7603743185311358"></script>
<script defer src="//play.pokemonshowdown.com/data/pokedex-mini-bw.js?0.030888842834281283"></script>
<script defer src="//play.pokemonshowdown.com/data/graphics.js?0.05593094747507488"></script>
<script defer src="//play.pokemonshowdown.com/data/pokedex.js?0.47064822249611904"></script>
<script defer src="//play.pokemonshowdown.com/data/moves.js?0.8583693120512459"></script>
<script defer src="//play.pokemonshowdown.com/data/abilities.js?0.16017181182386842"></script>
<script defer src="//play.pokemonshowdown.com/data/items.js?0.4163379185673943"></script>
<script defer src="//play.pokemonshowdown.com/data/teambuilder-tables.js?0.31075597372830477"></script>
<script defer src="//play.pokemonshowdown.com/js/battle-tooltips.js?0.6536193500708172"></script>
<script defer src="//play.pokemonshowdown.com/js/battle.js?0.1916591943277901"></script>

<script defer src="js/utils.js?e31f9a17"></script>
<script defer src="js/replays-battle.js?7008c182"></script>

<!-- don't scrape this data! just add .json or .log after the URL!
Full API docs: https://github.com/smogon/pokemon-showdown-client/blob/master/WEB-API.md -->
<script type="text/plain" class="log" id="replaylog-smogtours-gen3ou-798221">
|inactive|Battle timer is ON: inactive players will automatically lose when time's up.
|t:|1728842586
|gametype|singles
|player|p1|CazabichosPablo|102|
|player|p2|DarthTyros|#advpliv|
|teamsize|p1|6
|teamsize|p2|6
|gen|3
|tier|[Gen 3] OU
|rule|Sleep Clause Mod: Limit one foe put to sleep
|rule|Switch Priority Clause Mod: Faster Pokémon switch first
|rule|Species Clause: Limit one of each Pokémon
|rule|OHKO Clause: OHKO moves are banned
|rule|Evasion Items Clause: Evasion items are banned
|rule|Evasion Moves Clause: Evasion moves are banned
|rule|Endless Battle Clause: Forcing endless battles is banned
|rule|HP Percentage Mod: HP is shown in percentages
|rule|One Boost Passer Clause: Limit one Baton Passer that has a way to boost its stats
|rule|Freeze Clause Mod: Limit one foe frozen
|
|t:|1728842586
|start
|switch|p1a: Machamp|Machamp, M|100/100
|switch|p2a: Deimos|Tyranitar, M|100/100
|-weather|Sandstorm|[from] ability: Sand Stream|[of] p2a: Deimos
|turn|1
|c|☆CazabichosPablo|glhf
|c|☆DarthTyros|u2
|
|t:|1728842598
|switch|p2a: PayDay|Skarmory, M|100/100
|move|p1a: Machamp|Bulk Up|p1a: Machamp
|-boost|p1a: Machamp|atk|1
|-boost|p1a: Machamp|def|1
|
|-weather|Sandstorm|[upkeep]
|-damage|p1a: Machamp|94/100|[from] Sandstorm
|-heal|p1a: Machamp|100/100|[from] item: Leftovers
|upkeep
|turn|2
|
|t:|1728842601
|move|p2a: PayDay|Protect|p2a: PayDay
|-singleturn|p2a: PayDay|Protect
|move|p1a: Machamp|Revenge|p2a: PayDay
|-activate|p2a: PayDay|Protect
|
|-weather|Sandstorm|[upkeep]
|-damage|p1a: Machamp|94/100|[from] Sandstorm
|-heal|p1a: Machamp|100/100|[from] item: Leftovers
|upkeep
|turn|3
|
|t:|1728842603
|move|p1a: Machamp|Revenge|p2a: PayDay
|-crit|p2a: PayDay
|-damage|p2a: PayDay|26/100
|move|p2a: PayDay|Roar|p1a: Machamp
|drag|p1a: Snorlax|Snorlax, M|100/100
|
|-weather|Sandstorm|[upkeep]
|-damage|p1a: Snorlax|94/100|[from] Sandstorm
|-heal|p2a: PayDay|32/100|[from] item: Leftovers
|-heal|p1a: Snorlax|100/100|[from] item: Leftovers
|upkeep
|turn|4
|
|t:|1728842607
|move|p2a: PayDay|Spikes|p1a: Snorlax
|-sidestart|p1: CazabichosPablo|Spikes
|move|p1a: Snorlax|Curse|p1a: Snorlax
|-unboost|p1a: Snorlax|spe|1
|-boost|p1a: Snorlax|atk|1
|-boost|p1a: Snorlax|def|1
|
|-weather|Sandstorm|[upkeep]
|-damage|p1a: Snorlax|94/100|[from] Sandstorm
|-heal|p2a: PayDay|38/100|[from] item: Leftovers
|-heal|p1a: Snorlax|100/100|[from] item: Leftovers
|upkeep
|turn|5
|
|t:|1728842611
|move|p1a: Snorlax|Return|p2a: PayDay
|-resisted|p2a: PayDay
|-damage|p2a: PayDay|7/100
|move|p2a: PayDay|Roar|p1a: Snorlax
|drag|p1a: Breloom|Breloom, M|100/100
|-damage|p1a: Breloom|88/100|[from] Spikes
|
|-weather|Sandstorm|[upkeep]
|-damage|p1a: Breloom|82/100|[from] Sandstorm
|-heal|p1a: Breloom|88/100|[from] item: Leftovers
|-heal|p2a: PayDay|13/100|[from] item: Leftovers
|upkeep
|turn|6
|
|t:|1728842615
|move|p1a: Breloom|Sky Uppercut|p2a: PayDay
|-damage|p2a: PayDay|0 fnt
|faint|p2a: PayDay
|
|t:|1728842621
|switch|p2a: Quetzalcoatl|Aerodactyl, M|100/100
|
|-weather|Sandstorm|[upkeep]
|-damage|p1a: Breloom|82/100|[from] Sandstorm
|-heal|p1a: Breloom|88/100|[from] item: Leftovers
|upkeep
|turn|7
|
|t:|1728842626
|switch|p1a: Metagross|Metagross|100/100
|-damage|p1a: Metagross|88/100|[from] Spikes
|move|p2a: Quetzalcoatl|Hidden Power|p1a: Metagross
|-resisted|p1a: Metagross
|-damage|p1a: Metagross|68/100
|
|-weather|Sandstorm|[upkeep]
|upkeep
|turn|8
|
|t:|1728842636
|switch|p2a: Electro|Zapdos|100/100
|move|p1a: Metagross|Explosion|p2a: Electro
|-damage|p2a: Electro|0 fnt
|faint|p1a: Metagross
|faint|p2a: Electro
|
|t:|1728842645
|switch|p2a: Darkhar|Gengar, M|100/100
|switch|p1a: Claydol|Claydol|100/100
|
|-weather|Sandstorm|[upkeep]
|-damage|p2a: Darkhar|95/100|[from] Sandstorm
|-heal|p2a: Darkhar|100/100|[from] item: Leftovers
|upkeep
|turn|9
|
|t:|1728842648
|move|p2a: Darkhar|Will-O-Wisp|p1a: Claydol|[miss]
|-miss|p2a: Darkhar|p1a: Claydol
|move|p1a: Claydol|Psychic|p2a: Darkhar
|-supereffective|p2a: Darkhar
|-damage|p2a: Darkhar|52/100
|
|-weather|Sandstorm|[upkeep]
|-damage|p2a: Darkhar|46/100|[from] Sandstorm
|-heal|p2a: Darkhar|52/100|[from] item: Leftovers
|upkeep
|turn|10
|
|t:|1728842651
|move|p2a: Darkhar|Will-O-Wisp|p1a: Claydol
|-status|p1a: Claydol|brn
|move|p1a: Claydol|Psychic|p2a: Darkhar
|-supereffective|p2a: Darkhar
|-damage|p2a: Darkhar|1/100
|
|-weather|Sandstorm|[upkeep]
|-damage|p2a: Darkhar|0 fnt|[from] Sandstorm
|faint|p2a: Darkhar
|-damage|p1a: Claydol|88/100 brn|[from] brn
|upkeep
|
|t:|1728842654
|switch|p2a: Deimos|Tyranitar, M|100/100
|turn|11
|
|t:|1728842656
|move|p2a: Deimos|Dragon Dance|p2a: Deimos
|-boost|p2a: Deimos|atk|1
|-boost|p2a: Deimos|spe|1
|move|p1a: Claydol|Rapid Spin|p2a: Deimos
|-resisted|p2a: Deimos
|-damage|p2a: Deimos|99/100
|-sideend|p1: CazabichosPablo|Spikes|[from] move: Rapid Spin|[of] p1a: Claydol
|
|-weather|Sandstorm|[upkeep]
|-heal|p2a: Deimos|100/100|[from] item: Leftovers
|-heal|p1a: Claydol|94/100 brn|[from] item: Leftovers
|-damage|p1a: Claydol|82/100 brn|[from] brn
|upkeep
|turn|12
|
|t:|1728842663
|move|p2a: Deimos|Dragon Dance|p2a: Deimos
|-boost|p2a: Deimos|atk|1
|-boost|p2a: Deimos|spe|1
|move|p1a: Claydol|Earthquake|p2a: Deimos
|-supereffective|p2a: Deimos
|-damage|p2a: Deimos|70/100
|
|-weather|Sandstorm|[upkeep]
|-heal|p2a: Deimos|76/100|[from] item: Leftovers
|-heal|p1a: Claydol|88/100 brn|[from] item: Leftovers
|-damage|p1a: Claydol|76/100 brn|[from] brn
|upkeep
|turn|13
|
|t:|1728842673
|move|p2a: Deimos|Hidden Power|p1a: Claydol
|-supereffective|p1a: Claydol
|-damage|p1a: Claydol|0 fnt
|faint|p1a: Claydol
|inactive|CazabichosPablo has 270 seconds left.
|
|t:|1728842714
|switch|p1a: Machamp|Machamp, M|100/100
|
|-weather|Sandstorm|[upkeep]
|-damage|p1a: Machamp|94/100|[from] Sandstorm
|-heal|p2a: Deimos|82/100|[from] item: Leftovers
|-heal|p1a: Machamp|100/100|[from] item: Leftovers
|upkeep
|turn|14
|
|t:|1728842719
|move|p2a: Deimos|Earthquake|p1a: Machamp
|-damage|p1a: Machamp|22/100
|move|p1a: Machamp|Revenge|p2a: Deimos
|-supereffective|p2a: Deimos
|-damage|p2a: Deimos|0 fnt
|faint|p2a: Deimos
|
|t:|1728842723
|switch|p2a: Quetzalcoatl|Aerodactyl, M|100/100
|
|-weather|Sandstorm|[upkeep]
|-damage|p1a: Machamp|16/100|[from] Sandstorm
|-heal|p1a: Machamp|22/100|[from] item: Leftovers
|upkeep
|turn|15
|
|t:|1728842726
|move|p2a: Quetzalcoatl|Hidden Power|p1a: Machamp
|-supereffective|p1a: Machamp
|-damage|p1a: Machamp|0 fnt
|faint|p1a: Machamp
|
|t:|1728842728
|switch|p1a: Tyranitar|Tyranitar, M|100/100
|
|-weather|Sandstorm|[upkeep]
|upkeep
|turn|16
|
|t:|1728842732
|switch|p2a: Lubloom|Swampert, F, shiny|100/100
|move|p1a: Tyranitar|Dragon Dance|p1a: Tyranitar
|-boost|p1a: Tyranitar|atk|1
|-boost|p1a: Tyranitar|spe|1
|
|-weather|Sandstorm|[upkeep]
|upkeep
|turn|17
|
|t:|1728842735
|switch|p1a: Breloom|Breloom, M|88/100
|move|p2a: Lubloom|Surf|p1a: Breloom
|-resisted|p1a: Breloom
|-damage|p1a: Breloom|59/100
|
|-weather|Sandstorm|[upkeep]
|-damage|p1a: Breloom|53/100|[from] Sandstorm
|-heal|p1a: Breloom|59/100|[from] item: Leftovers
|upkeep
|turn|18
|
|t:|1728842739
|move|p1a: Breloom|Spore|p2a: Lubloom
|-status|p2a: Lubloom|slp|[from] move: Spore
|cant|p2a: Lubloom|slp
|
|-weather|Sandstorm|[upkeep]
|-damage|p1a: Breloom|53/100|[from] Sandstorm
|-heal|p1a: Breloom|59/100|[from] item: Leftovers
|upkeep
|turn|19
|
|t:|1728842741
|-singleturn|p1a: Breloom|move: Focus Punch
|cant|p2a: Lubloom|slp
|move|p1a: Breloom|Focus Punch|p2a: Lubloom
|-damage|p2a: Lubloom|41/100 slp
|
|-weather|Sandstorm|[upkeep]
|-damage|p1a: Breloom|53/100|[from] Sandstorm
|-heal|p1a: Breloom|59/100|[from] item: Leftovers
|-heal|p2a: Lubloom|47/100 slp|[from] item: Leftovers
|upkeep
|turn|20
|
|t:|1728842746
|-singleturn|p1a: Breloom|move: Focus Punch
|-curestatus|p2a: Lubloom|slp|[msg]
|move|p2a: Lubloom|Surf|p1a: Breloom
|-resisted|p1a: Breloom
|-damage|p1a: Breloom|28/100
|move|p1a: Breloom|Focus Punch||[still]
|cant|p1a: Breloom|Focus Punch|Focus Punch
|
|-weather|Sandstorm|[upkeep]
|-damage|p1a: Breloom|22/100|[from] Sandstorm
|-heal|p1a: Breloom|28/100|[from] item: Leftovers
|-heal|p2a: Lubloom|53/100|[from] item: Leftovers
|upkeep
|turn|21
|
|t:|1728842751
|move|p2a: Lubloom|Protect|p2a: Lubloom
|-singleturn|p2a: Lubloom|Protect
|move|p1a: Breloom|Spore|p2a: Lubloom
|-activate|p2a: Lubloom|Protect
|
|-weather|Sandstorm|[upkeep]
|-damage|p1a: Breloom|22/100|[from] Sandstorm
|-heal|p1a: Breloom|28/100|[from] item: Leftovers
|-heal|p2a: Lubloom|60/100|[from] item: Leftovers
|upkeep
|turn|22
|
|t:|1728842753
|move|p1a: Breloom|Spore|p2a: Lubloom
|-status|p2a: Lubloom|slp|[from] move: Spore
|cant|p2a: Lubloom|slp
|
|-weather|Sandstorm|[upkeep]
|-damage|p1a: Breloom|22/100|[from] Sandstorm
|-heal|p1a: Breloom|28/100|[from] item: Leftovers
|-heal|p2a: Lubloom|66/100 slp|[from] item: Leftovers
|upkeep
|turn|23
|
|t:|1728842755
|-singleturn|p1a: Breloom|move: Focus Punch
|-curestatus|p2a: Lubloom|slp|[msg]
|move|p2a: Lubloom|Surf|p1a: Breloom
|-resisted|p1a: Breloom
|-damage|p1a: Breloom|0 fnt
|faint|p1a: Breloom
|
|t:|1728842758
|switch|p1a: Snorlax|Snorlax, M|100/100
|
|-weather|Sandstorm|[upkeep]
|-damage|p1a: Snorlax|94/100|[from] Sandstorm
|-heal|p2a: Lubloom|72/100|[from] item: Leftovers
|-heal|p1a: Snorlax|100/100|[from] item: Leftovers
|upkeep
|turn|24
|
|t:|1728842763
|switch|p2a: Quetzalcoatl|Aerodactyl, M|100/100
|move|p1a: Snorlax|Curse|p1a: Snorlax
|-unboost|p1a: Snorlax|spe|1
|-boost|p1a: Snorlax|atk|1
|-boost|p1a: Snorlax|def|1
|
|-weather|Sandstorm|[upkeep]
|-damage|p1a: Snorlax|94/100|[from] Sandstorm
|-heal|p1a: Snorlax|100/100|[from] item: Leftovers
|upkeep
|turn|25
|
|t:|1728842790
|move|p2a: Quetzalcoatl|Rock Slide|p1a: Snorlax
|-crit|p1a: Snorlax
|-damage|p1a: Snorlax|11/100
|move|p1a: Snorlax|Return|p2a: Quetzalcoatl
|-resisted|p2a: Quetzalcoatl
|-damage|p2a: Quetzalcoatl|32/100
|
|-weather|Sandstorm|[upkeep]
|-damage|p1a: Snorlax|5/100|[from] Sandstorm
|-heal|p1a: Snorlax|11/100|[from] item: Leftovers
|upkeep
|turn|26
|
|t:|1728842796
|move|p2a: Quetzalcoatl|Rock Slide|p1a: Snorlax
|-damage|p1a: Snorlax|0 fnt
|faint|p1a: Snorlax
|
|t:|1728842797
|switch|p1a: Tyranitar|Tyranitar, M|100/100
|
|-weather|Sandstorm|[upkeep]
|upkeep
|turn|27
|
|t:|1728842799
|move|p2a: Quetzalcoatl|Rock Slide|p1a: Tyranitar
|-damage|p1a: Tyranitar|53/100
|move|p1a: Tyranitar|Dragon Dance|p1a: Tyranitar
|-boost|p1a: Tyranitar|atk|1
|-boost|p1a: Tyranitar|spe|1
|
|-weather|Sandstorm|[upkeep]
|upkeep
|turn|28
|
|t:|1728842803
|move|p2a: Quetzalcoatl|Rock Slide|p1a: Tyranitar
|-damage|p1a: Tyranitar|10/100
|move|p1a: Tyranitar|Dragon Dance|p1a: Tyranitar
|-boost|p1a: Tyranitar|atk|1
|-boost|p1a: Tyranitar|spe|1
|
|-weather|Sandstorm|[upkeep]
|upkeep
|turn|29
|
|t:|1728842805
|move|p1a: Tyranitar|Rock Slide|p2a: Quetzalcoatl
|-supereffective|p2a: Quetzalcoatl
|-crit|p2a: Quetzalcoatl
|-damage|p2a: Quetzalcoatl|0 fnt
|faint|p2a: Quetzalcoatl
|
|t:|1728842807
|switch|p2a: Lubloom|Swampert, F, shiny|72/100
|
|-weather|Sandstorm|[upkeep]
|-heal|p2a: Lubloom|78/100|[from] item: Leftovers
|upkeep
|turn|30
|
|t:|1728842835
|move|p1a: Tyranitar|Rock Slide|p2a: Lubloom
|-resisted|p2a: Lubloom
|-damage|p2a: Lubloom|49/100
|cant|p2a: Lubloom|flinch
|
|-weather|Sandstorm|[upkeep]
|-heal|p2a: Lubloom|55/100|[from] item: Leftovers
|upkeep
|turn|31
|
|t:|1728842840
|move|p1a: Tyranitar|Double-Edge|p2a: Lubloom
|-damage|p2a: Lubloom|0 fnt
|-damage|p1a: Tyranitar|0 fnt|[from] Recoil|[of] p2a: Lubloom
|faint|p2a: Lubloom
|faint|p1a: Tyranitar
|
|tie
|c|☆CazabichosPablo|uff
|c|☆CazabichosPablo|gg
|c|☆DarthTyros|gg

</script>
<script type="application/json" class="data" id="replaydata-smogtours-gen3ou-798221">
{"id":"smogtours-gen3ou-798221","format":"[Gen 3] OU","players":["CazabichosPablo","DarthTyros"],"uploadtime":1728842840,"views":222,"formatid":"gen3ou","rating":null,"private":0,"password":null}
</script>

<script defer src="js/replays.js?9d40a366"></script>
