<!DOCTYPE html>
<meta charset="utf-8" />
<meta name="viewport" content="width=device-width" />

<title>[Gen 3] OU: Zpanther vs. DancingAlong - Replays - Pok&eacute;mon Showdown!</title>

<meta name="description" content="Watch a replay of a Pok&eacute;mon battle between Zpanther and DancingAlong! Format: [Gen 3] OU; Date: Nov 2, 2024" />
<!--

Hey, you! Looking in the source for the replay log?

You can find them in JSON format, just add `.json` at the end of a replay URL.

https://replay.pokemonshowdown.com/gen7randomdoublesbattle-865046831.json

Or, if you only need the log itself, add `.log` instead:

https://replay.pokemonshowdown.com/gen7randomdoublesbattle-865046831.log

-->

<link rel="stylesheet" href="//pokemonshowdown.com/style/global.css?0.023195364461161105" />
<link rel="stylesheet" href="//play.pokemonshowdown.com/style/font-awesome.css?0.13261647063804238" />
<link rel="stylesheet" href="//play.pokemonshowdown.com/style/battle.css?0.8753245789963631" />
<link rel="stylesheet" href="//play.pokemonshowdown.com/style/utilichart.css?0.8627959624976733" />

<!-- Global site tag (gtag.js) - Google Analytics -->
<script async src="https://www.googletagmanager.com/gtag/js?id=UA-26211653-1"></script>
<script>
  window.dataLayer = window.dataLayer || [];
  function gtag(){dataLayer.push(arguments);}
  gtag('js', new Date());

  gtag('config', 'UA-26211653-1');
</script>
<!-- End Google Analytics -->
<!-- Venatus Ad Manager - Install in <HEAD> of page -->
	<script src="https://hb.vntsm.com/v3/live/ad-manager.min.js" type="text/javascript" data-site-id="642aba63ec9a7b11c3c9c1be" data-mode="scan" async></script>
<!-- / Venatus Ad Manager -->

<style>
	@media (max-width:820px) {
		.battle {
			margin: 0 auto;
		}
		.battle-log {
			margin: 7px auto 0;
			max-width: 640px;
			height: 300px;
			position: static;
		}
	}
	.optgroup {
		display: inline-block;
		line-height: 22px;
		font-size: 10pt;
	}
	.optgroup .button {
		height: 25px;
		padding-top: 0;
		padding-bottom: 0;
	}
	.optgroup button.button {
		padding-left: 12px;
		padding-right: 12px;
	}
	.linklist {
		list-style: none;
		margin: 0.5em 0;
		padding: 0;
	}
	.linklist li {
		padding: 2px 0;
	}
	.sidebar {
		float: left;
		width: 320px;
	}
	.bar-wrapper {
		max-width: 1100px;
		margin: 0 auto;
	}
	.bar-wrapper.has-sidebar {
		max-width: 1430px;
	}
	.mainbar {
		margin: 0;
		padding-right: 1px;
	}
	.mainbar.has-sidebar {
		margin-left: 330px;
	}
	@media (min-width: 1511px) {
		.sidebar {
			width: 400px;
		}
		.bar-wrapper.has-sidebar {
			max-width: 1510px;
		}
		.mainbar.has-sidebar {
			margin-left: 410px;
		}
	}
	.section.first-section {
		margin-top: 9px;
	}
	.blocklink small {
		white-space: normal;
	}
	.button {
		vertical-align: middle;
	}
	.replay-controls {
		padding-top: 10px;
	}
	.replay-controls h1 {
		font-size: 16pt;
		font-weight: normal;
		color: #CCC;
	}
	.pagelink {
		text-align: center;
	}
	.pagelink a {
		width: 150px;
	}
	.textbox, .button {
		font-size: 11pt;
		vertical-align: middle;
	}
	@media (max-width: 450px) {
		.button {
			font-size: 9pt;
		}
	}
</style>

<div>

	<header>
		<div class="nav-wrapper"><ul class="nav">
			<li><a class="button nav-first" href="//pokemonshowdown.com/"><img src="//pokemonshowdown.com/images/pokemonshowdownbeta.png" srcset="//pokemonshowdown.com/images/pokemonshowdownbeta.png 1x, //pokemonshowdown.com/images/pokemonshowdownbeta@2x.png 2x" alt="Pok&eacute;mon Showdown" width="146" height="44" /> Home</a></li>
			<li><a class="button" href="//pokemonshowdown.com/dex/">Pok&eacute;dex</a></li>
			<li><a class="button cur" href="/">Replays</a></li>
			<li><a class="button" href="//pokemonshowdown.com/ladder/">Ladder</a></li>
			<li><a class="button nav-last" href="//pokemonshowdown.com/forums/">Forum</a></li>
			<li><a class="button greenbutton nav-first nav-last" href="//play.pokemonshowdown.com/">Play</a></li>
		</ul></div>
	</header>

	<div class="main" id="main">

		<noscript><section class="section">You need to enable JavaScript to use this page; sorry!</section></noscript>

	</div>

</div>

<script defer nomodule src="//play.pokemonshowdown.com/js/lib/ps-polyfill.js"></script>
<script defer src="//play.pokemonshowdown.com/js/lib/preact.min.js"></script>

<script defer src="//play.pokemonshowdown.com/config/config.js?2bddbc15"></script>
<script defer src="//play.pokemonshowdown.com/js/lib/jquery-1.11.0.min.js"></script>
<script defer src="//play.pokemonshowdown.com/js/lib/html-sanitizer-minified.js"></script>
<script defer src="//play.pokemonshowdown.com/js/battle-sound.js"></script>
<script defer src="//play.pokemonshowdown.com/js/battledata.js?0.7209276989879541"></script>
<script defer src="//play.pokemonshowdown.com/data/pokedex-mini.js?0.6111056340867951"></script>
<script defer src="//play.pokemonshowdown.com/data/pokedex-mini-bw.js?0.3532142036491459"></script>
<script defer src="//play.pokemonshowdown.com/data/graphics.js?0.24223875632456182"></script>
<script defer src="//play.pokemonshowdown.com/data/pokedex.js?0.38839984266356864"></script>
<script defer src="//play.pokemonshowdown.com/data/moves.js?0.21866028504024015"></script>
<script defer src="//play.pokemonshowdown.com/data/abilities.js?0.2005157953846628"></script>
<script defer src="//play.pokemonshowdown.com/data/items.js?0.9894211263848525"></script>
<script defer src="//play.pokemonshowdown.com/data/teambuilder-tables.js?0.6008791140282215"></script>
<script defer src="//play.pokemonshowdown.com/js/battle-tooltips.js?0.7580118955022959"></script>
<script defer src="//play.pokemonshowdown.com/js/battle.js?0.6057722274234274"></script>

<script defer src="js/utils.js?e31f9a17"></script>
<script defer src="js/replays-battle.js?7008c182"></script>

<!-- don't scrape this data! just add .json or .log after the URL!
Full API docs: https://github.com/smogon/pokemon-showdown-client/blob/master/WEB-API.md -->
<script type="text/plain" class="log" id="replaylog-smogtours-gen3ou-804081">
|inactive|Battle timer is ON: inactive players will automatically lose when time's up.
|t:|1730576832
|gametype|singles
|player|p1|Zpanther|rose-zerosuit|
|player|p2|DancingAlong|jogger|
|teamsize|p1|6
|teamsize|p2|6
|gen|3
|tier|[Gen 3] OU
|rule|Sleep Clause Mod: Limit one foe put to sleep
|rule|Switch Priority Clause Mod: Faster Pokémon switch first
|rule|Species Clause: Limit one of each Pokémon
|rule|OHKO Clause: OHKO moves are banned
|rule|Evasion Items Clause: Evasion items are banned
|rule|Evasion Moves Clause: Evasion moves are banned
|rule|Endless Battle Clause: Forcing endless battles is banned
|rule|HP Percentage Mod: HP is shown in percentages
|rule|One Boost Passer Clause: Limit one Baton Passer that has a way to boost its stats
|rule|Freeze Clause Mod: Limit one foe frozen
|
|t:|1730576832
|start
|switch|p1a: Tyranitar|Tyranitar, M|100/100
|switch|p2a: Distanza|Tyranitar, F|100/100
|-weather|Sandstorm|[from] ability: Sand Stream|[of] p2a: Distanza
|turn|1
|c|☆DancingAlong|gl hf
|c|☆Zpanther|hf
|inactive|DancingAlong has 270 seconds left.
|
|t:|1730576889
|move|p2a: Distanza|Hidden Power|p1a: Tyranitar
|-supereffective|p1a: Tyranitar
|-damage|p1a: Tyranitar|66/100
|move|p1a: Tyranitar|Brick Break|p2a: Distanza
|-supereffective|p2a: Distanza
|-damage|p2a: Distanza|18/100
|
|-weather|Sandstorm|[upkeep]
|upkeep
|turn|2
|
|t:|1730576901
|move|p2a: Distanza|Brick Break|p1a: Tyranitar
|-supereffective|p1a: Tyranitar
|-damage|p1a: Tyranitar|0 fnt
|faint|p1a: Tyranitar
|
|t:|1730576911
|switch|p1a: Flygon|Flygon, F|100/100
|
|-weather|Sandstorm|[upkeep]
|upkeep
|turn|3
|
|t:|1730576930
|switch|p2a: Abnegazione|Salamence, M|100/100
|-ability|p2a: Abnegazione|Intimidate|boost
|-unboost|p1a: Flygon|atk|1
|move|p1a: Flygon|Earthquake|p2a: Abnegazione
|-immune|p2a: Abnegazione
|
|-weather|Sandstorm|[upkeep]
|-damage|p2a: Abnegazione|94/100|[from] Sandstorm
|-heal|p2a: Abnegazione|100/100|[from] item: Leftovers
|upkeep
|turn|4
|inactive|DancingAlong has 270 seconds left.
|
|t:|1730576965
|switch|p1a: Skarmory|Skarmory, M|100/100
|move|p2a: Abnegazione|Dragon Claw|p1a: Skarmory
|-resisted|p1a: Skarmory
|-damage|p1a: Skarmory|81/100
|
|-weather|Sandstorm|[upkeep]
|-damage|p2a: Abnegazione|94/100|[from] Sandstorm
|-heal|p2a: Abnegazione|100/100|[from] item: Leftovers
|-heal|p1a: Skarmory|87/100|[from] item: Leftovers
|upkeep
|turn|5
|
|t:|1730576971
|move|p2a: Abnegazione|Fire Blast|p1a: Skarmory
|-supereffective|p1a: Skarmory
|-damage|p1a: Skarmory|15/100
|move|p1a: Skarmory|Spikes|p2a: Abnegazione
|-sidestart|p2: DancingAlong|Spikes
|
|-weather|Sandstorm|[upkeep]
|-damage|p2a: Abnegazione|94/100|[from] Sandstorm
|-heal|p2a: Abnegazione|100/100|[from] item: Leftovers
|-heal|p1a: Skarmory|21/100|[from] item: Leftovers
|upkeep
|turn|6
|
|t:|1730576982
|move|p1a: Skarmory|Protect|p1a: Skarmory
|-singleturn|p1a: Skarmory|Protect
|move|p2a: Abnegazione|Fire Blast|p1a: Skarmory
|-activate|p1a: Skarmory|Protect
|
|-weather|Sandstorm|[upkeep]
|-damage|p2a: Abnegazione|94/100|[from] Sandstorm
|-heal|p2a: Abnegazione|100/100|[from] item: Leftovers
|-heal|p1a: Skarmory|27/100|[from] item: Leftovers
|upkeep
|turn|7
|
|t:|1730576994
|switch|p1a: Suicune|Suicune|100/100
|move|p2a: Abnegazione|Hydro Pump|p1a: Suicune
|-resisted|p1a: Suicune
|-damage|p1a: Suicune|84/100
|
|-weather|Sandstorm|[upkeep]
|-damage|p2a: Abnegazione|94/100|[from] Sandstorm
|-damage|p1a: Suicune|78/100|[from] Sandstorm
|-heal|p2a: Abnegazione|100/100|[from] item: Leftovers
|-heal|p1a: Suicune|84/100|[from] item: Leftovers
|upkeep
|turn|8
|
|t:|1730577002
|switch|p2a: Colore|Cloyster, M|100/100
|-damage|p2a: Colore|88/100|[from] Spikes
|move|p1a: Suicune|Calm Mind|p1a: Suicune
|-boost|p1a: Suicune|spa|1
|-boost|p1a: Suicune|spd|1
|
|-weather|Sandstorm|[upkeep]
|-damage|p1a: Suicune|78/100|[from] Sandstorm
|-damage|p2a: Colore|82/100|[from] Sandstorm
|-heal|p1a: Suicune|84/100|[from] item: Leftovers
|-heal|p2a: Colore|88/100|[from] item: Leftovers
|upkeep
|turn|9
|
|t:|1730577008
|switch|p1a: Gengar|Gengar, F|100/100
|move|p2a: Colore|Rapid Spin|p1a: Gengar
|-immune|p1a: Gengar
|
|-weather|Sandstorm|[upkeep]
|-damage|p1a: Gengar|94/100|[from] Sandstorm
|-damage|p2a: Colore|82/100|[from] Sandstorm
|-heal|p1a: Gengar|100/100|[from] item: Leftovers
|-heal|p2a: Colore|88/100|[from] item: Leftovers
|upkeep
|turn|10
|inactive|DancingAlong has 270 seconds left.
|inactive|DancingAlong has 240 seconds left.
|
|t:|1730577078
|move|p1a: Gengar|Thunderbolt|p2a: Colore
|-supereffective|p2a: Colore
|-damage|p2a: Colore|0 fnt
|faint|p2a: Colore
|
|t:|1730577089
|switch|p2a: Outcast|Jolteon, F|100/100
|-damage|p2a: Outcast|88/100|[from] Spikes
|
|-weather|Sandstorm|[upkeep]
|-damage|p2a: Outcast|82/100|[from] Sandstorm
|-damage|p1a: Gengar|94/100|[from] Sandstorm
|-heal|p2a: Outcast|88/100|[from] item: Leftovers
|-heal|p1a: Gengar|100/100|[from] item: Leftovers
|upkeep
|turn|11
|
|t:|1730577111
|switch|p1a: Jolteon|Jolteon, M|100/100
|move|p2a: Outcast|Substitute|p2a: Outcast
|-start|p2a: Outcast|Substitute
|-damage|p2a: Outcast|64/100
|
|-weather|Sandstorm|[upkeep]
|-damage|p1a: Jolteon|95/100|[from] Sandstorm
|-damage|p2a: Outcast|58/100|[from] Sandstorm
|-heal|p1a: Jolteon|100/100|[from] item: Leftovers
|-heal|p2a: Outcast|64/100|[from] item: Leftovers
|upkeep
|turn|12
|
|t:|1730577118
|move|p2a: Outcast|Hidden Power|p1a: Jolteon
|-damage|p1a: Jolteon|73/100
|move|p1a: Jolteon|Hidden Power|p2a: Outcast
|-end|p2a: Outcast|Substitute
|
|-weather|Sandstorm|[upkeep]
|-damage|p1a: Jolteon|67/100|[from] Sandstorm
|-damage|p2a: Outcast|58/100|[from] Sandstorm
|-heal|p1a: Jolteon|73/100|[from] item: Leftovers
|-heal|p2a: Outcast|64/100|[from] item: Leftovers
|upkeep
|turn|13
|inactive|DancingAlong has 210 seconds left.
|
|t:|1730577150
|switch|p2a: Distanza|Tyranitar, F|18/100
|-damage|p2a: Distanza|5/100|[from] Spikes
|move|p1a: Jolteon|Thunder Wave|p2a: Distanza
|-status|p2a: Distanza|par
|-enditem|p2a: Distanza|Lum Berry|[eat]
|-curestatus|p2a: Distanza|par|[msg]
|
|-weather|Sandstorm|[upkeep]
|-damage|p1a: Jolteon|67/100|[from] Sandstorm
|-heal|p1a: Jolteon|73/100|[from] item: Leftovers
|upkeep
|turn|14
|
|t:|1730577156
|move|p1a: Jolteon|Hidden Power|p2a: Distanza
|-supereffective|p2a: Distanza
|-damage|p2a: Distanza|0 fnt
|faint|p2a: Distanza
|inactive|DancingAlong has 210 seconds left.
|
|t:|1730577167
|switch|p2a: Morigeratezza|Metagross|100/100
|-damage|p2a: Morigeratezza|88/100|[from] Spikes
|
|-weather|Sandstorm|[upkeep]
|-damage|p1a: Jolteon|67/100|[from] Sandstorm
|-heal|p1a: Jolteon|73/100|[from] item: Leftovers
|-heal|p2a: Morigeratezza|94/100|[from] item: Leftovers
|upkeep
|turn|15
|inactive|DancingAlong has 210 seconds left.
|
|t:|1730577184
|switch|p1a: Skarmory|Skarmory, M|27/100
|move|p2a: Morigeratezza|Meteor Mash|p1a: Skarmory|[miss]
|-miss|p2a: Morigeratezza|p1a: Skarmory
|
|-weather|Sandstorm|[upkeep]
|-heal|p2a: Morigeratezza|100/100|[from] item: Leftovers
|-heal|p1a: Skarmory|33/100|[from] item: Leftovers
|upkeep
|turn|16
|
|t:|1730577193
|move|p1a: Skarmory|Protect|p1a: Skarmory
|-singleturn|p1a: Skarmory|Protect
|move|p2a: Morigeratezza|Rock Slide|p1a: Skarmory
|-activate|p1a: Skarmory|Protect
|
|-weather|Sandstorm|[upkeep]
|-heal|p1a: Skarmory|39/100|[from] item: Leftovers
|upkeep
|turn|17
|
|t:|1730577199
|move|p2a: Morigeratezza|Rock Slide|p1a: Skarmory
|-damage|p1a: Skarmory|17/100
|move|p1a: Skarmory|Spikes|p2a: Morigeratezza
|-sidestart|p2: DancingAlong|Spikes
|
|-weather|Sandstorm|[upkeep]
|-heal|p1a: Skarmory|23/100|[from] item: Leftovers
|upkeep
|turn|18
|
|t:|1730577205
|move|p1a: Skarmory|Protect|p1a: Skarmory
|-singleturn|p1a: Skarmory|Protect
|move|p2a: Morigeratezza|Agility|p2a: Morigeratezza
|-boost|p2a: Morigeratezza|spe|2
|
|-weather|Sandstorm|[upkeep]
|-heal|p1a: Skarmory|29/100|[from] item: Leftovers
|upkeep
|turn|19
|
|t:|1730577210
|move|p2a: Morigeratezza|Rock Slide|p1a: Skarmory
|-damage|p1a: Skarmory|7/100
|move|p1a: Skarmory|Roar|p2a: Morigeratezza
|drag|p2a: Soluzione|Swampert, F|100/100
|-damage|p2a: Soluzione|84/100|[from] Spikes
|
|-weather|Sandstorm|[upkeep]
|-heal|p1a: Skarmory|13/100|[from] item: Leftovers
|-heal|p2a: Soluzione|90/100|[from] item: Leftovers
|upkeep
|turn|20
|
|t:|1730577220
|move|p1a: Skarmory|Toxic|p2a: Soluzione
|-status|p2a: Soluzione|tox
|move|p2a: Soluzione|Ice Beam|p1a: Skarmory
|-damage|p1a: Skarmory|0 fnt
|faint|p1a: Skarmory
|
|t:|1730577224
|switch|p1a: Suicune|Suicune|84/100
|
|-weather|Sandstorm|[upkeep]
|-damage|p1a: Suicune|78/100|[from] Sandstorm
|-heal|p1a: Suicune|84/100|[from] item: Leftovers
|-heal|p2a: Soluzione|96/100 tox|[from] item: Leftovers
|-damage|p2a: Soluzione|90/100 tox|[from] psn
|upkeep
|turn|21
|inactive|Zpanther has 270 seconds left.
|
|t:|1730577270
|switch|p1a: Gengar|Gengar, F|100/100
|move|p2a: Soluzione|Earthquake|p1a: Gengar
|-immune|p1a: Gengar
|
|-weather|Sandstorm|[upkeep]
|-damage|p1a: Gengar|94/100|[from] Sandstorm
|-heal|p1a: Gengar|100/100|[from] item: Leftovers
|-heal|p2a: Soluzione|96/100 tox|[from] item: Leftovers
|-damage|p2a: Soluzione|84/100 tox|[from] psn
|upkeep
|turn|22
|
|t:|1730577278
|move|p1a: Gengar|Giga Drain|p2a: Soluzione
|-supereffective|p2a: Soluzione
|-damage|p2a: Soluzione|18/100 tox
|move|p2a: Soluzione|Hydro Pump|p1a: Gengar
|-damage|p1a: Gengar|7/100
|
|-weather|Sandstorm|[upkeep]
|-damage|p1a: Gengar|1/100|[from] Sandstorm
|-heal|p1a: Gengar|7/100|[from] item: Leftovers
|-heal|p2a: Soluzione|24/100 tox|[from] item: Leftovers
|-damage|p2a: Soluzione|5/100 tox|[from] psn
|upkeep
|turn|23
|
|t:|1730577287
|move|p1a: Gengar|Ice Punch|p2a: Soluzione
|-damage|p2a: Soluzione|0 fnt
|faint|p2a: Soluzione
|
|t:|1730577294
|switch|p2a: Outcast|Jolteon, F|64/100
|-damage|p2a: Outcast|47/100|[from] Spikes
|
|-weather|Sandstorm|[upkeep]
|-damage|p2a: Outcast|41/100|[from] Sandstorm
|-damage|p1a: Gengar|1/100|[from] Sandstorm
|-heal|p2a: Outcast|47/100|[from] item: Leftovers
|-heal|p1a: Gengar|7/100|[from] item: Leftovers
|upkeep
|turn|24
|
|t:|1730577307
|move|p2a: Outcast|Hidden Power|p1a: Gengar
|-damage|p1a: Gengar|0 fnt
|faint|p1a: Gengar
|
|t:|1730577310
|switch|p1a: Jolteon|Jolteon, M|73/100
|
|-weather|Sandstorm|[upkeep]
|-damage|p1a: Jolteon|67/100|[from] Sandstorm
|-damage|p2a: Outcast|41/100|[from] Sandstorm
|-heal|p2a: Outcast|47/100|[from] item: Leftovers
|-heal|p1a: Jolteon|73/100|[from] item: Leftovers
|upkeep
|turn|25
|
|t:|1730577319
|switch|p2a: Morigeratezza|Metagross|100/100
|-damage|p2a: Morigeratezza|84/100|[from] Spikes
|move|p1a: Jolteon|Hidden Power|p2a: Morigeratezza
|-resisted|p2a: Morigeratezza
|-damage|p2a: Morigeratezza|72/100
|
|-weather|Sandstorm|[upkeep]
|-damage|p1a: Jolteon|67/100|[from] Sandstorm
|-heal|p1a: Jolteon|73/100|[from] item: Leftovers
|-heal|p2a: Morigeratezza|78/100|[from] item: Leftovers
|upkeep
|turn|26
|
|t:|1730577328
|move|p1a: Jolteon|Thunder Wave|p2a: Morigeratezza
|-status|p2a: Morigeratezza|par
|cant|p2a: Morigeratezza|par
|
|-weather|Sandstorm|[upkeep]
|-damage|p1a: Jolteon|67/100|[from] Sandstorm
|-heal|p1a: Jolteon|73/100|[from] item: Leftovers
|-heal|p2a: Morigeratezza|84/100 par|[from] item: Leftovers
|upkeep
|turn|27
|
|t:|1730577340
|switch|p1a: Flygon|Flygon, F|100/100
|move|p2a: Morigeratezza|Meteor Mash|p1a: Flygon
|-crit|p1a: Flygon
|-damage|p1a: Flygon|0 fnt
|faint|p1a: Flygon
|
|t:|1730577347
|switch|p1a: Suicune|Suicune|84/100
|
|-weather|Sandstorm|[upkeep]
|-damage|p1a: Suicune|78/100|[from] Sandstorm
|-heal|p1a: Suicune|84/100|[from] item: Leftovers
|-heal|p2a: Morigeratezza|90/100 par|[from] item: Leftovers
|upkeep
|turn|28
|
|t:|1730577363
|move|p1a: Suicune|Calm Mind|p1a: Suicune
|-boost|p1a: Suicune|spa|1
|-boost|p1a: Suicune|spd|1
|cant|p2a: Morigeratezza|par
|
|-weather|Sandstorm|[upkeep]
|-damage|p1a: Suicune|78/100|[from] Sandstorm
|-heal|p1a: Suicune|84/100|[from] item: Leftovers
|-heal|p2a: Morigeratezza|96/100 par|[from] item: Leftovers
|upkeep
|turn|29
|
|t:|1730577369
|move|p1a: Suicune|Hydro Pump|p2a: Morigeratezza
|-damage|p2a: Morigeratezza|18/100 par
|move|p2a: Morigeratezza|Earthquake|p1a: Suicune
|-damage|p1a: Suicune|56/100
|
|-weather|Sandstorm|[upkeep]
|-damage|p1a: Suicune|50/100|[from] Sandstorm
|-heal|p1a: Suicune|56/100|[from] item: Leftovers
|-heal|p2a: Morigeratezza|24/100 par|[from] item: Leftovers
|upkeep
|turn|30
|
|t:|1730577375
|move|p1a: Suicune|Hydro Pump|p2a: Morigeratezza
|-damage|p2a: Morigeratezza|0 fnt
|faint|p2a: Morigeratezza
|
|t:|1730577377
|switch|p2a: Outcast|Jolteon, F|47/100
|-damage|p2a: Outcast|30/100|[from] Spikes
|
|-weather|Sandstorm|[upkeep]
|-damage|p2a: Outcast|24/100|[from] Sandstorm
|-damage|p1a: Suicune|50/100|[from] Sandstorm
|-heal|p2a: Outcast|30/100|[from] item: Leftovers
|-heal|p1a: Suicune|56/100|[from] item: Leftovers
|upkeep
|turn|31
|
|t:|1730577413
|switch|p2a: Abnegazione|Salamence, M|100/100
|-ability|p2a: Abnegazione|Intimidate|boost
|-unboost|p1a: Suicune|atk|1
|switch|p1a: Jolteon|Jolteon, M|73/100
|
|-weather|Sandstorm|[upkeep]
|-damage|p1a: Jolteon|67/100|[from] Sandstorm
|-damage|p2a: Abnegazione|94/100|[from] Sandstorm
|-heal|p1a: Jolteon|73/100|[from] item: Leftovers
|-heal|p2a: Abnegazione|100/100|[from] item: Leftovers
|upkeep
|turn|32
|
|t:|1730577422
|move|p1a: Jolteon|Thunder Wave|p2a: Abnegazione
|-status|p2a: Abnegazione|par
|move|p2a: Abnegazione|Dragon Claw|p1a: Jolteon
|-damage|p1a: Jolteon|17/100
|
|-weather|Sandstorm|[upkeep]
|-damage|p1a: Jolteon|11/100|[from] Sandstorm
|-damage|p2a: Abnegazione|94/100 par|[from] Sandstorm
|-heal|p1a: Jolteon|17/100|[from] item: Leftovers
|-heal|p2a: Abnegazione|100/100 par|[from] item: Leftovers
|upkeep
|turn|33
|inactive|Zpanther has 270 seconds left.
|
|t:|1730577453
|move|p1a: Jolteon|Thunder Wave|p2a: Abnegazione
|-fail|p2a: Abnegazione|par
|cant|p2a: Abnegazione|par
|
|-weather|Sandstorm|[upkeep]
|-damage|p1a: Jolteon|11/100|[from] Sandstorm
|-damage|p2a: Abnegazione|94/100 par|[from] Sandstorm
|-heal|p1a: Jolteon|17/100|[from] item: Leftovers
|-heal|p2a: Abnegazione|100/100 par|[from] item: Leftovers
|upkeep
|turn|34
|inactive|Zpanther has 270 seconds left.
|
|t:|1730577467
|move|p1a: Jolteon|Thunderbolt|p2a: Abnegazione
|-damage|p2a: Abnegazione|44/100 par
|move|p2a: Abnegazione|Hidden Power|p1a: Jolteon
|-damage|p1a: Jolteon|0 fnt
|faint|p1a: Jolteon
|
|t:|1730577470
|switch|p1a: Suicune|Suicune|56/100
|
|-weather|Sandstorm|[upkeep]
|-damage|p1a: Suicune|50/100|[from] Sandstorm
|-damage|p2a: Abnegazione|38/100 par|[from] Sandstorm
|-heal|p1a: Suicune|56/100|[from] item: Leftovers
|-heal|p2a: Abnegazione|44/100 par|[from] item: Leftovers
|upkeep
|turn|35
|
|t:|1730577474
|move|p1a: Suicune|Calm Mind|p1a: Suicune
|-boost|p1a: Suicune|spa|1
|-boost|p1a: Suicune|spd|1
|cant|p2a: Abnegazione|par
|
|-weather|Sandstorm|[upkeep]
|-damage|p1a: Suicune|50/100|[from] Sandstorm
|-damage|p2a: Abnegazione|38/100 par|[from] Sandstorm
|-heal|p1a: Suicune|56/100|[from] item: Leftovers
|-heal|p2a: Abnegazione|44/100 par|[from] item: Leftovers
|upkeep
|turn|36
|
|t:|1730577481
|move|p1a: Suicune|Ice Beam|p2a: Abnegazione
|-supereffective|p2a: Abnegazione
|-damage|p2a: Abnegazione|0 fnt
|faint|p2a: Abnegazione
|
|t:|1730577484
|switch|p2a: Outcast|Jolteon, F|30/100
|-damage|p2a: Outcast|14/100|[from] Spikes
|
|-weather|Sandstorm|[upkeep]
|-damage|p2a: Outcast|8/100|[from] Sandstorm
|-damage|p1a: Suicune|50/100|[from] Sandstorm
|-heal|p2a: Outcast|14/100|[from] item: Leftovers
|-heal|p1a: Suicune|56/100|[from] item: Leftovers
|upkeep
|turn|37
|
|t:|1730577486
|move|p2a: Outcast|Thunderbolt|p1a: Suicune
|-supereffective|p1a: Suicune
|-damage|p1a: Suicune|5/100
|move|p1a: Suicune|Ice Beam|p2a: Outcast
|-damage|p2a: Outcast|0 fnt
|faint|p2a: Outcast
|
|win|Zpanther
|c|☆Zpanther|gg mb
|c|☆DancingAlong|gg
|c|☆Zpanther|that para sucked
|c|☆DancingAlong|clicked eq with meta
|c|☆DancingAlong|on the para
|c|☆DancingAlong|go next :D

</script>
<script type="application/json" class="data" id="replaydata-smogtours-gen3ou-804081">
{"id":"smogtours-gen3ou-804081","format":"[Gen 3] OU","players":["Zpanther","DancingAlong"],"uploadtime":1730577486,"views":63,"formatid":"gen3ou","rating":null,"private":0,"password":null}
</script>

<script defer src="js/replays.js?9d40a366"></script>
