<!DOCTYPE html>
<meta charset="utf-8" />
<meta name="viewport" content="width=device-width" />

<title>[Gen 3] OU: Dit Dus vs. CCGeek - Replays - Pok&eacute;mon Showdown!</title>

<meta name="description" content="Watch a replay of a Pok&eacute;mon battle between Dit Dus and CCGeek! Format: [Gen 3] OU; Date: Oct 8, 2024" />
<!--

Hey, you! Looking in the source for the replay log?

You can find them in JSON format, just add `.json` at the end of a replay URL.

https://replay.pokemonshowdown.com/gen7randomdoublesbattle-865046831.json

Or, if you only need the log itself, add `.log` instead:

https://replay.pokemonshowdown.com/gen7randomdoublesbattle-865046831.log

-->

<link rel="stylesheet" href="//pokemonshowdown.com/style/global.css?0.023195364461161105" />
<link rel="stylesheet" href="//play.pokemonshowdown.com/style/font-awesome.css?0.13261647063804238" />
<link rel="stylesheet" href="//play.pokemonshowdown.com/style/battle.css?0.8753245789963631" />
<link rel="stylesheet" href="//play.pokemonshowdown.com/style/utilichart.css?0.8627959624976733" />

<!-- Global site tag (gtag.js) - Google Analytics -->
<script async src="https://www.googletagmanager.com/gtag/js?id=UA-26211653-1"></script>
<script>
  window.dataLayer = window.dataLayer || [];
  function gtag(){dataLayer.push(arguments);}
  gtag('js', new Date());

  gtag('config', 'UA-26211653-1');
</script>
<!-- End Google Analytics -->
<!-- Venatus Ad Manager - Install in <HEAD> of page -->
	<script src="https://hb.vntsm.com/v3/live/ad-manager.min.js" type="text/javascript" data-site-id="642aba63ec9a7b11c3c9c1be" data-mode="scan" async></script>
<!-- / Venatus Ad Manager -->

<style>
	@media (max-width:820px) {
		.battle {
			margin: 0 auto;
		}
		.battle-log {
			margin: 7px auto 0;
			max-width: 640px;
			height: 300px;
			position: static;
		}
	}
	.optgroup {
		display: inline-block;
		line-height: 22px;
		font-size: 10pt;
	}
	.optgroup .button {
		height: 25px;
		padding-top: 0;
		padding-bottom: 0;
	}
	.optgroup button.button {
		padding-left: 12px;
		padding-right: 12px;
	}
	.linklist {
		list-style: none;
		margin: 0.5em 0;
		padding: 0;
	}
	.linklist li {
		padding: 2px 0;
	}
	.sidebar {
		float: left;
		width: 320px;
	}
	.bar-wrapper {
		max-width: 1100px;
		margin: 0 auto;
	}
	.bar-wrapper.has-sidebar {
		max-width: 1430px;
	}
	.mainbar {
		margin: 0;
		padding-right: 1px;
	}
	.mainbar.has-sidebar {
		margin-left: 330px;
	}
	@media (min-width: 1511px) {
		.sidebar {
			width: 400px;
		}
		.bar-wrapper.has-sidebar {
			max-width: 1510px;
		}
		.mainbar.has-sidebar {
			margin-left: 410px;
		}
	}
	.section.first-section {
		margin-top: 9px;
	}
	.blocklink small {
		white-space: normal;
	}
	.button {
		vertical-align: middle;
	}
	.replay-controls {
		padding-top: 10px;
	}
	.replay-controls h1 {
		font-size: 16pt;
		font-weight: normal;
		color: #CCC;
	}
	.pagelink {
		text-align: center;
	}
	.pagelink a {
		width: 150px;
	}
	.textbox, .button {
		font-size: 11pt;
		vertical-align: middle;
	}
	@media (max-width: 450px) {
		.button {
			font-size: 9pt;
		}
	}
</style>

<div>

	<header>
		<div class="nav-wrapper"><ul class="nav">
			<li><a class="button nav-first" href="//pokemonshowdown.com/"><img src="//pokemonshowdown.com/images/pokemonshowdownbeta.png" srcset="//pokemonshowdown.com/images/pokemonshowdownbeta.png 1x, //pokemonshowdown.com/images/pokemonshowdownbeta@2x.png 2x" alt="Pok&eacute;mon Showdown" width="146" height="44" /> Home</a></li>
			<li><a class="button" href="//pokemonshowdown.com/dex/">Pok&eacute;dex</a></li>
			<li><a class="button cur" href="/">Replays</a></li>
			<li><a class="button" href="//pokemonshowdown.com/ladder/">Ladder</a></li>
			<li><a class="button nav-last" href="//pokemonshowdown.com/forums/">Forum</a></li>
			<li><a class="button greenbutton nav-first nav-last" href="//play.pokemonshowdown.com/">Play</a></li>
		</ul></div>
	</header>

	<div class="main" id="main">

		<noscript><section class="section">You need to enable JavaScript to use this page; sorry!</section></noscript>

	</div>

</div>

<script defer nomodule src="//play.pokemonshowdown.com/js/lib/ps-polyfill.js"></script>
<script defer src="//play.pokemonshowdown.com/js/lib/preact.min.js"></script>

<script defer src="//play.pokemonshowdown.com/config/config.js?2bddbc15"></script>
<script defer src="//play.pokemonshowdown.com/js/lib/jquery-1.11.0.min.js"></script>
<script defer src="//play.pokemonshowdown.com/js/lib/html-sanitizer-minified.js"></script>
<script defer src="//play.pokemonshowdown.com/js/battle-sound.js"></script>
<script defer src="//play.pokemonshowdown.com/js/battledata.js?0.7209276989879541"></script>
<script defer src="//play.pokemonshowdown.com/data/pokedex-mini.js?0.6111056340867951"></script>
<script defer src="//play.pokemonshowdown.com/data/pokedex-mini-bw.js?0.3532142036491459"></script>
<script defer src="//play.pokemonshowdown.com/data/graphics.js?0.24223875632456182"></script>
<script defer src="//play.pokemonshowdown.com/data/pokedex.js?0.38839984266356864"></script>
<script defer src="//play.pokemonshowdown.com/data/moves.js?0.21866028504024015"></script>
<script defer src="//play.pokemonshowdown.com/data/abilities.js?0.2005157953846628"></script>
<script defer src="//play.pokemonshowdown.com/data/items.js?0.9894211263848525"></script>
<script defer src="//play.pokemonshowdown.com/data/teambuilder-tables.js?0.6008791140282215"></script>
<script defer src="//play.pokemonshowdown.com/js/battle-tooltips.js?0.7580118955022959"></script>
<script defer src="//play.pokemonshowdown.com/js/battle.js?0.6057722274234274"></script>

<script defer src="js/utils.js?e31f9a17"></script>
<script defer src="js/replays-battle.js?7008c182"></script>

<!-- don't scrape this data! just add .json or .log after the URL!
Full API docs: https://github.com/smogon/pokemon-showdown-client/blob/master/WEB-API.md -->
<script type="text/plain" class="log" id="replaylog-smogtours-gen3ou-796424">
|inactive|Battle timer is ON: inactive players will automatically lose when time's up.
|t:|1728410670
|gametype|singles
|player|p1|Dit Dus|1|
|player|p2|CCGeek|169|
|teamsize|p1|6
|teamsize|p2|6
|gen|3
|tier|[Gen 3] OU
|rule|Sleep Clause Mod: Limit one foe put to sleep
|rule|Switch Priority Clause Mod: Faster Pokémon switch first
|rule|Species Clause: Limit one of each Pokémon
|rule|OHKO Clause: OHKO moves are banned
|rule|Evasion Items Clause: Evasion items are banned
|rule|Evasion Moves Clause: Evasion moves are banned
|rule|Endless Battle Clause: Forcing endless battles is banned
|rule|HP Percentage Mod: HP is shown in percentages
|rule|One Boost Passer Clause: Limit one Baton Passer that has a way to boost its stats
|rule|Freeze Clause Mod: Limit one foe frozen
|
|t:|1728410670
|start
|switch|p1a: Salamence|Salamence, M|100/100
|switch|p2a: Zapdos|Zapdos|100/100
|-ability|p1a: Salamence|Intimidate|boost
|-unboost|p2a: Zapdos|atk|1
|turn|1
|inactive|CCGeek has 270 seconds left.
|
|t:|1728410709
|switch|p1a: Blissey|Blissey, F|100/100
|move|p2a: Zapdos|Toxic|p1a: Blissey
|-status|p1a: Blissey|tox
|
|-damage|p1a: Blissey|94/100 tox|[from] psn
|upkeep
|turn|2
|
|t:|1728410738
|switch|p2a: Celebi|Celebi|100/100
|move|p1a: Blissey|Ice Beam|p2a: Celebi
|-supereffective|p2a: Celebi
|-damage|p2a: Celebi|49/100
|
|-heal|p2a: Celebi|56/100|[from] item: Leftovers
|-heal|p1a: Blissey|100/100 tox|[from] item: Leftovers
|-damage|p1a: Blissey|88/100 tox|[from] psn
|upkeep
|turn|3
|inactive|CCGeek has 270 seconds left.
|
|t:|1728410782
|-curestatus|p1a: Blissey|tox|[from] ability: Natural Cure
|switch|p1a: Salamence|Salamence, M|100/100
|-ability|p1a: Salamence|Intimidate|boost
|-unboost|p2a: Celebi|atk|1
|move|p2a: Celebi|Leech Seed|p1a: Salamence
|-start|p1a: Salamence|move: Leech Seed
|
|-damage|p1a: Salamence|88/100|[from] Leech Seed|[of] p2a: Celebi
|-heal|p2a: Celebi|68/100|[silent]
|-heal|p2a: Celebi|74/100|[from] item: Leftovers
|upkeep
|turn|4
|inactive|Dit Dus has 270 seconds left.
|inactive|CCGeek has 240 seconds left.
|inactive|Dit Dus has 240 seconds left.
|
|t:|1728410829
|switch|p2a: Swampert|Swampert, F|100/100
|move|p1a: Salamence|Rock Slide|p2a: Swampert
|-resisted|p2a: Swampert
|-damage|p2a: Swampert|81/100
|
|-damage|p1a: Salamence|76/100|[from] Leech Seed|[of] p2a: Swampert
|-heal|p2a: Swampert|93/100|[silent]
|-heal|p2a: Swampert|99/100|[from] item: Leftovers
|upkeep
|turn|5
|inactive|CCGeek has 240 seconds left.
|
|t:|1728410845
|switch|p1a: Hariyama|Hariyama, F|100/100
|move|p2a: Swampert|Hydro Pump|p1a: Hariyama
|-damage|p1a: Hariyama|52/100
|
|-heal|p2a: Swampert|100/100|[from] item: Leftovers
|-heal|p1a: Hariyama|58/100|[from] item: Leftovers
|upkeep
|turn|6
|inactive|CCGeek has 240 seconds left.
|
|t:|1728410865
|move|p2a: Swampert|Ice Beam|p1a: Hariyama
|-damage|p1a: Hariyama|31/100
|move|p1a: Hariyama|Knock Off|p2a: Swampert
|-damage|p2a: Swampert|98/100
|-enditem|p2a: Swampert|Leftovers|[from] move: Knock Off|[of] p1a: Hariyama
|-hint|In Gens 3-4, Knock Off only makes the target's item unusable; it cannot obtain a new item.
|
|-heal|p1a: Hariyama|37/100|[from] item: Leftovers
|upkeep
|turn|7
|
|t:|1728410880
|switch|p1a: Suicune|Suicune|100/100
|move|p2a: Swampert|Hydro Pump|p1a: Suicune
|-resisted|p1a: Suicune
|-damage|p1a: Suicune|80/100
|
|-heal|p1a: Suicune|86/100|[from] item: Leftovers
|upkeep
|turn|8
|inactive|Dit Dus has 240 seconds left.
|
|t:|1728410895
|switch|p2a: Celebi|Celebi|74/100
|move|p1a: Suicune|Surf|p2a: Celebi
|-resisted|p2a: Celebi
|-damage|p2a: Celebi|60/100
|
|-heal|p2a: Celebi|66/100|[from] item: Leftovers
|-heal|p1a: Suicune|93/100|[from] item: Leftovers
|upkeep
|turn|9
|inactive|CCGeek has 240 seconds left.
|inactive|Dit Dus has 240 seconds left.
|
|t:|1728410911
|switch|p1a: Salamence|Salamence, M|76/100
|-ability|p1a: Salamence|Intimidate|boost
|-unboost|p2a: Celebi|atk|1
|move|p2a: Celebi|Leech Seed|p1a: Salamence
|-start|p1a: Salamence|move: Leech Seed
|
|-damage|p1a: Salamence|63/100|[from] Leech Seed|[of] p2a: Celebi
|-heal|p2a: Celebi|78/100|[silent]
|-heal|p2a: Celebi|84/100|[from] item: Leftovers
|upkeep
|turn|10
|inactive|Dit Dus has 240 seconds left.
|inactive|CCGeek has 240 seconds left.
|inactive|CCGeek has 210 seconds left.
|
|t:|1728410958
|switch|p1a: Jirachi|Jirachi|100/100
|switch|p2a: Skarmory|Skarmory, F|100/100
|
|upkeep
|turn|11
|
|t:|1728410966
|move|p1a: Jirachi|Fire Punch|p2a: Skarmory
|-supereffective|p2a: Skarmory
|-damage|p2a: Skarmory|67/100
|-status|p2a: Skarmory|brn
|move|p2a: Skarmory|Spikes|p1a: Jirachi
|-sidestart|p1: Dit Dus|Spikes
|
|-heal|p2a: Skarmory|73/100 brn|[from] item: Leftovers
|-damage|p2a: Skarmory|61/100 brn|[from] brn
|upkeep
|turn|12
|inactive|Dit Dus has 240 seconds left.
|inactive|CCGeek has 210 seconds left.
|inactive|CCGeek has 180 seconds left.
|
|t:|1728411004
|switch|p2a: Celebi|Celebi|84/100
|move|p1a: Jirachi|Wish|p1a: Jirachi
|
|-heal|p2a: Celebi|91/100|[from] item: Leftovers
|upkeep
|turn|13
|inactive|CCGeek has 180 seconds left.
|
|t:|1728411017
|switch|p1a: Salamence|Salamence, M|63/100
|-ability|p1a: Salamence|Intimidate|boost
|-unboost|p2a: Celebi|atk|1
|move|p2a: Celebi|Psychic|p1a: Salamence
|-damage|p1a: Salamence|17/100
|
|-heal|p1a: Salamence|67/100|[from] move: Wish|[wisher] Jirachi
|-heal|p2a: Celebi|97/100|[from] item: Leftovers
|upkeep
|turn|14
|inactive|CCGeek has 180 seconds left.
|
|t:|1728411032
|switch|p2a: Skarmory|Skarmory, F|61/100 brn
|move|p1a: Salamence|Hidden Power|p2a: Skarmory
|-resisted|p2a: Skarmory
|-damage|p2a: Skarmory|39/100 brn
|
|-heal|p2a: Skarmory|45/100 brn|[from] item: Leftovers
|-damage|p2a: Skarmory|33/100 brn|[from] brn
|upkeep
|turn|15
|
|t:|1728411040
|switch|p1a: Hariyama|Hariyama, F|37/100
|-damage|p1a: Hariyama|25/100|[from] Spikes
|move|p2a: Skarmory|Spikes|p1a: Hariyama
|-sidestart|p1: Dit Dus|Spikes
|
|-heal|p2a: Skarmory|39/100 brn|[from] item: Leftovers
|-damage|p2a: Skarmory|27/100 brn|[from] brn
|-heal|p1a: Hariyama|31/100|[from] item: Leftovers
|upkeep
|turn|16
|inactive|Dit Dus has 240 seconds left.
|
|t:|1728411052
|-singleturn|p1a: Hariyama|move: Focus Punch
|move|p2a: Skarmory|Spikes|p1a: Hariyama
|-sidestart|p1: Dit Dus|Spikes
|move|p1a: Hariyama|Focus Punch|p2a: Skarmory
|-damage|p2a: Skarmory|0 fnt
|faint|p2a: Skarmory
|
|t:|1728411059
|switch|p2a: Celebi|Celebi|97/100
|
|-heal|p2a: Celebi|100/100|[from] item: Leftovers
|-heal|p1a: Hariyama|37/100|[from] item: Leftovers
|upkeep
|turn|17
|inactive|Dit Dus has 240 seconds left.
|
|t:|1728411078
|switch|p1a: Salamence|Salamence, M|67/100
|-ability|p1a: Salamence|Intimidate|boost
|-unboost|p2a: Celebi|atk|1
|move|p2a: Celebi|Psychic|p1a: Salamence
|-damage|p1a: Salamence|16/100
|
|upkeep
|turn|18
|inactive|Dit Dus has 240 seconds left.
|
|t:|1728411087
|move|p1a: Salamence|Hidden Power|p2a: Celebi
|-supereffective|p2a: Celebi
|-damage|p2a: Celebi|0 fnt
|faint|p2a: Celebi
|
|t:|1728411094
|switch|p2a: Zapdos|Zapdos|100/100
|
|upkeep
|turn|19
|
|t:|1728411097
|switch|p1a: Claydol|Claydol|100/100
|move|p2a: Zapdos|Thunderbolt|p1a: Claydol
|-immune|p1a: Claydol
|
|upkeep
|turn|20
|
|t:|1728411105
|move|p2a: Zapdos|Hidden Power|p1a: Claydol
|-supereffective|p1a: Claydol
|-damage|p1a: Claydol|49/100
|move|p1a: Claydol|Rapid Spin|p2a: Zapdos
|-damage|p2a: Zapdos|94/100
|-sideend|p1: Dit Dus|Spikes|[from] move: Rapid Spin|[of] p1a: Claydol
|
|-heal|p2a: Zapdos|99/100|[from] item: Leftovers
|-heal|p1a: Claydol|55/100|[from] item: Leftovers
|upkeep
|turn|21
|
|t:|1728411115
|switch|p2a: Metagross|Metagross|100/100
|move|p1a: Claydol|Explosion|p2a: Metagross
|-resisted|p2a: Metagross
|-damage|p2a: Metagross|54/100
|faint|p1a: Claydol
|
|t:|1728411134
|switch|p1a: Suicune|Suicune|93/100
|
|-heal|p1a: Suicune|99/100|[from] item: Leftovers
|-heal|p2a: Metagross|60/100|[from] item: Leftovers
|upkeep
|turn|22
|
|t:|1728411151
|switch|p1a: Hariyama|Hariyama, F|37/100
|move|p2a: Metagross|Explosion|p1a: Hariyama
|-damage|p1a: Hariyama|0 fnt
|faint|p2a: Metagross
|faint|p1a: Hariyama
|
|t:|1728411167
|switch|p2a: Swampert|Swampert, F|98/100
|switch|p1a: Salamence|Salamence, M|16/100
|-ability|p1a: Salamence|Intimidate|boost
|-unboost|p2a: Swampert|atk|1
|
|upkeep
|turn|23
|inactive|Dit Dus has 240 seconds left.
|
|t:|1728411214
|switch|p1a: Suicune|Suicune|99/100
|switch|p2a: Zapdos|Zapdos|99/100
|
|-heal|p2a: Zapdos|100/100|[from] item: Leftovers
|-heal|p1a: Suicune|100/100|[from] item: Leftovers
|upkeep
|turn|24
|
|t:|1728411225
|switch|p1a: Blissey|Blissey, F|88/100
|move|p2a: Zapdos|Toxic|p1a: Blissey
|-status|p1a: Blissey|tox
|
|-heal|p1a: Blissey|94/100 tox|[from] item: Leftovers
|-damage|p1a: Blissey|88/100 tox|[from] psn
|upkeep
|turn|25
|
|t:|1728411234
|switch|p2a: Swampert|Swampert, F|98/100
|move|p1a: Blissey|Ice Beam|p2a: Swampert
|-damage|p2a: Swampert|66/100
|
|-heal|p1a: Blissey|94/100 tox|[from] item: Leftovers
|-damage|p1a: Blissey|82/100 tox|[from] psn
|upkeep
|turn|26
|
|t:|1728411252
|-singleturn|p2a: Swampert|move: Focus Punch
|-curestatus|p1a: Blissey|tox|[from] ability: Natural Cure
|switch|p1a: Suicune|Suicune|100/100
|move|p2a: Swampert|Focus Punch|p1a: Suicune
|-damage|p1a: Suicune|77/100
|
|-heal|p1a: Suicune|84/100|[from] item: Leftovers
|upkeep
|turn|27
|
|t:|1728411269
|switch|p2a: Zapdos|Zapdos|100/100
|move|p1a: Suicune|Surf|p2a: Zapdos
|-damage|p2a: Zapdos|68/100
|
|-heal|p2a: Zapdos|74/100|[from] item: Leftovers
|-heal|p1a: Suicune|90/100|[from] item: Leftovers
|upkeep
|turn|28
|
|t:|1728411281
|switch|p1a: Blissey|Blissey, F|82/100
|move|p2a: Zapdos|Toxic|p1a: Blissey
|-status|p1a: Blissey|tox
|
|-heal|p2a: Zapdos|80/100|[from] item: Leftovers
|-heal|p1a: Blissey|88/100 tox|[from] item: Leftovers
|-damage|p1a: Blissey|82/100 tox|[from] psn
|upkeep
|turn|29
|
|t:|1728411300
|move|p2a: Zapdos|Thunderbolt|p1a: Blissey
|-damage|p1a: Blissey|61/100 tox
|move|p1a: Blissey|Ice Beam|p2a: Zapdos
|-supereffective|p2a: Zapdos
|-damage|p2a: Zapdos|21/100
|
|-heal|p2a: Zapdos|27/100|[from] item: Leftovers
|-heal|p1a: Blissey|67/100 tox|[from] item: Leftovers
|-damage|p1a: Blissey|55/100 tox|[from] psn
|upkeep
|turn|30
|
|t:|1728411313
|move|p2a: Zapdos|Thunderbolt|p1a: Blissey
|-damage|p1a: Blissey|35/100 tox
|move|p1a: Blissey|Ice Beam|p2a: Zapdos
|-supereffective|p2a: Zapdos
|-damage|p2a: Zapdos|0 fnt
|faint|p2a: Zapdos
|
|t:|1728411320
|switch|p2a: Salamence|Salamence, M|100/100
|-ability|p2a: Salamence|Intimidate|boost
|-unboost|p1a: Blissey|atk|1
|
|-heal|p1a: Blissey|41/100 tox|[from] item: Leftovers
|-damage|p1a: Blissey|22/100 tox|[from] psn
|upkeep
|turn|31
|
|t:|1728411335
|move|p2a: Salamence|Dragon Claw|p1a: Blissey
|-damage|p1a: Blissey|7/100 tox
|move|p1a: Blissey|Ice Beam|p2a: Salamence
|-supereffective|p2a: Salamence
|-damage|p2a: Salamence|0 fnt
|faint|p2a: Salamence
|c|☆CCGeek|MISCLICK
|c|☆CCGeek|oops
|
|t:|1728411345
|switch|p2a: Swampert|Swampert, F|66/100
|
|-heal|p1a: Blissey|13/100 tox|[from] item: Leftovers
|-damage|p1a: Blissey|0 fnt|[from] psn
|faint|p1a: Blissey
|upkeep
|inactive|Dit Dus has 240 seconds left.
|
|t:|1728411362
|switch|p1a: Salamence|Salamence, M|16/100
|-ability|p1a: Salamence|Intimidate|boost
|-unboost|p2a: Swampert|atk|1
|turn|32
|
|t:|1728411366
|move|p1a: Salamence|Hidden Power|p2a: Swampert
|-damage|p2a: Swampert|8/100
|move|p2a: Swampert|Ice Beam|p1a: Salamence
|-supereffective|p1a: Salamence
|-crit|p1a: Salamence
|-damage|p1a: Salamence|0 fnt
|faint|p1a: Salamence
|inactive|Dit Dus has 240 seconds left.
|
|t:|1728411374
|switch|p1a: Suicune|Suicune|90/100
|
|-heal|p1a: Suicune|96/100|[from] item: Leftovers
|upkeep
|turn|33
|inactive|CCGeek has 240 seconds left.
|
|t:|1728411396
|move|p1a: Suicune|Surf|p2a: Swampert
|-damage|p2a: Swampert|0 fnt
|faint|p2a: Swampert
|
|win|Dit Dus
|c|☆CCGeek|gg
|c|☆Dit Dus|gg
|player|p1|

</script>
<script type="application/json" class="data" id="replaydata-smogtours-gen3ou-796424">
{"id":"smogtours-gen3ou-796424","format":"[Gen 3] OU","players":["Dit Dus","CCGeek"],"uploadtime":1728411396,"views":121,"formatid":"gen3ou","rating":null,"private":0,"password":null}
</script>

<script defer src="js/replays.js?9d40a366"></script>
