<!DOCTYPE html>
<meta charset="utf-8" />
<meta name="viewport" content="width=device-width" />

<title>[Gen 3] OU: kaesespaetzle vs. marsandback - Replays - Pok&eacute;mon Showdown!</title>

<meta name="description" content="Watch a replay of a Pok&eacute;mon battle between kaesespaetzle and marsandback! Format: [Gen 3] OU; Date: Oct 8, 2024" />
<!--

Hey, you! Looking in the source for the replay log?

You can find them in JSON format, just add `.json` at the end of a replay URL.

https://replay.pokemonshowdown.com/gen7randomdoublesbattle-865046831.json

Or, if you only need the log itself, add `.log` instead:

https://replay.pokemonshowdown.com/gen7randomdoublesbattle-865046831.log

-->

<link rel="stylesheet" href="//pokemonshowdown.com/style/global.css?0.023195364461161105" />
<link rel="stylesheet" href="//play.pokemonshowdown.com/style/font-awesome.css?0.13261647063804238" />
<link rel="stylesheet" href="//play.pokemonshowdown.com/style/battle.css?0.8753245789963631" />
<link rel="stylesheet" href="//play.pokemonshowdown.com/style/utilichart.css?0.8627959624976733" />

<!-- Global site tag (gtag.js) - Google Analytics -->
<script async src="https://www.googletagmanager.com/gtag/js?id=UA-26211653-1"></script>
<script>
  window.dataLayer = window.dataLayer || [];
  function gtag(){dataLayer.push(arguments);}
  gtag('js', new Date());

  gtag('config', 'UA-26211653-1');
</script>
<!-- End Google Analytics -->
<!-- Venatus Ad Manager - Install in <HEAD> of page -->
	<script src="https://hb.vntsm.com/v3/live/ad-manager.min.js" type="text/javascript" data-site-id="642aba63ec9a7b11c3c9c1be" data-mode="scan" async></script>
<!-- / Venatus Ad Manager -->

<style>
	@media (max-width:820px) {
		.battle {
			margin: 0 auto;
		}
		.battle-log {
			margin: 7px auto 0;
			max-width: 640px;
			height: 300px;
			position: static;
		}
	}
	.optgroup {
		display: inline-block;
		line-height: 22px;
		font-size: 10pt;
	}
	.optgroup .button {
		height: 25px;
		padding-top: 0;
		padding-bottom: 0;
	}
	.optgroup button.button {
		padding-left: 12px;
		padding-right: 12px;
	}
	.linklist {
		list-style: none;
		margin: 0.5em 0;
		padding: 0;
	}
	.linklist li {
		padding: 2px 0;
	}
	.sidebar {
		float: left;
		width: 320px;
	}
	.bar-wrapper {
		max-width: 1100px;
		margin: 0 auto;
	}
	.bar-wrapper.has-sidebar {
		max-width: 1430px;
	}
	.mainbar {
		margin: 0;
		padding-right: 1px;
	}
	.mainbar.has-sidebar {
		margin-left: 330px;
	}
	@media (min-width: 1511px) {
		.sidebar {
			width: 400px;
		}
		.bar-wrapper.has-sidebar {
			max-width: 1510px;
		}
		.mainbar.has-sidebar {
			margin-left: 410px;
		}
	}
	.section.first-section {
		margin-top: 9px;
	}
	.blocklink small {
		white-space: normal;
	}
	.button {
		vertical-align: middle;
	}
	.replay-controls {
		padding-top: 10px;
	}
	.replay-controls h1 {
		font-size: 16pt;
		font-weight: normal;
		color: #CCC;
	}
	.pagelink {
		text-align: center;
	}
	.pagelink a {
		width: 150px;
	}
	.textbox, .button {
		font-size: 11pt;
		vertical-align: middle;
	}
	@media (max-width: 450px) {
		.button {
			font-size: 9pt;
		}
	}
</style>

<div>

	<header>
		<div class="nav-wrapper"><ul class="nav">
			<li><a class="button nav-first" href="//pokemonshowdown.com/"><img src="//pokemonshowdown.com/images/pokemonshowdownbeta.png" srcset="//pokemonshowdown.com/images/pokemonshowdownbeta.png 1x, //pokemonshowdown.com/images/pokemonshowdownbeta@2x.png 2x" alt="Pok&eacute;mon Showdown" width="146" height="44" /> Home</a></li>
			<li><a class="button" href="//pokemonshowdown.com/dex/">Pok&eacute;dex</a></li>
			<li><a class="button cur" href="/">Replays</a></li>
			<li><a class="button" href="//pokemonshowdown.com/ladder/">Ladder</a></li>
			<li><a class="button nav-last" href="//pokemonshowdown.com/forums/">Forum</a></li>
			<li><a class="button greenbutton nav-first nav-last" href="//play.pokemonshowdown.com/">Play</a></li>
		</ul></div>
	</header>

	<div class="main" id="main">

		<noscript><section class="section">You need to enable JavaScript to use this page; sorry!</section></noscript>

	</div>

</div>

<script defer nomodule src="//play.pokemonshowdown.com/js/lib/ps-polyfill.js"></script>
<script defer src="//play.pokemonshowdown.com/js/lib/preact.min.js"></script>

<script defer src="//play.pokemonshowdown.com/config/config.js?2bddbc15"></script>
<script defer src="//play.pokemonshowdown.com/js/lib/jquery-1.11.0.min.js"></script>
<script defer src="//play.pokemonshowdown.com/js/lib/html-sanitizer-minified.js"></script>
<script defer src="//play.pokemonshowdown.com/js/battle-sound.js"></script>
<script defer src="//play.pokemonshowdown.com/js/battledata.js?0.7209276989879541"></script>
<script defer src="//play.pokemonshowdown.com/data/pokedex-mini.js?0.6111056340867951"></script>
<script defer src="//play.pokemonshowdown.com/data/pokedex-mini-bw.js?0.3532142036491459"></script>
<script defer src="//play.pokemonshowdown.com/data/graphics.js?0.24223875632456182"></script>
<script defer src="//play.pokemonshowdown.com/data/pokedex.js?0.38839984266356864"></script>
<script defer src="//play.pokemonshowdown.com/data/moves.js?0.21866028504024015"></script>
<script defer src="//play.pokemonshowdown.com/data/abilities.js?0.2005157953846628"></script>
<script defer src="//play.pokemonshowdown.com/data/items.js?0.9894211263848525"></script>
<script defer src="//play.pokemonshowdown.com/data/teambuilder-tables.js?0.6008791140282215"></script>
<script defer src="//play.pokemonshowdown.com/js/battle-tooltips.js?0.7580118955022959"></script>
<script defer src="//play.pokemonshowdown.com/js/battle.js?0.6057722274234274"></script>

<script defer src="js/utils.js?e31f9a17"></script>
<script defer src="js/replays-battle.js?7008c182"></script>

<!-- don't scrape this data! just add .json or .log after the URL!
Full API docs: https://github.com/smogon/pokemon-showdown-client/blob/master/WEB-API.md -->
<script type="text/plain" class="log" id="replaylog-smogtours-gen3ou-796468">
|inactive|Battle timer is ON: inactive players will automatically lose when time's up.
|t:|1728417680
|gametype|singles
|player|p1|kaesespaetzle|170|
|player|p2|marsandback|erika-gen3|
|teamsize|p1|6
|teamsize|p2|6
|gen|3
|tier|[Gen 3] OU
|rule|Sleep Clause Mod: Limit one foe put to sleep
|rule|Switch Priority Clause Mod: Faster Pokémon switch first
|rule|Species Clause: Limit one of each Pokémon
|rule|OHKO Clause: OHKO moves are banned
|rule|Evasion Items Clause: Evasion items are banned
|rule|Evasion Moves Clause: Evasion moves are banned
|rule|Endless Battle Clause: Forcing endless battles is banned
|rule|HP Percentage Mod: HP is shown in percentages
|rule|One Boost Passer Clause: Limit one Baton Passer that has a way to boost its stats
|rule|Freeze Clause Mod: Limit one foe frozen
|
|t:|1728417680
|start
|switch|p1a: Skarmory|Skarmory, M|100/100
|switch|p2a: Salamence|Salamence, F|100/100
|-ability|p2a: Salamence|Intimidate|boost
|-unboost|p1a: Skarmory|atk|1
|turn|1
|c|☆marsandback|hf
|c|☆kaesespaetzle|hf
|
|t:|1728417699
|switch|p1a: Zapdos|Zapdos|100/100
|move|p2a: Salamence|Flamethrower|p1a: Zapdos
|-damage|p1a: Zapdos|76/100
|
|-heal|p1a: Zapdos|82/100|[from] item: Leftovers
|upkeep
|turn|2
|
|t:|1728417712
|switch|p2a: Blissey|Blissey, F|100/100
|switch|p1a: Skarmory|Skarmory, M|100/100
|
|upkeep
|turn|3
|
|t:|1728417717
|move|p1a: Skarmory|Spikes|p2a: Blissey
|-sidestart|p2: marsandback|Spikes
|move|p2a: Blissey|Thunderbolt|p1a: Skarmory
|-supereffective|p1a: Skarmory
|-damage|p1a: Skarmory|56/100
|-status|p1a: Skarmory|par
|
|-heal|p1a: Skarmory|62/100 par|[from] item: Leftovers
|upkeep
|turn|4
|
|t:|1728417731
|switch|p2a: Skarmory|Skarmory, M|100/100
|switch|p1a: Blissey|Blissey, F|100/100
|
|upkeep
|turn|5
|inactive|kaesespaetzle has 270 seconds left.
|
|t:|1728417777
|move|p2a: Skarmory|Spikes|p1a: Blissey
|-sidestart|p1: kaesespaetzle|Spikes
|move|p1a: Blissey|Heal Bell|p1a: Blissey
|-activate|p1a: Blissey|move: Heal Bell
|-curestatus|p1: Skarmory|par|[silent]
|
|upkeep
|turn|6
|
|t:|1728417782
|switch|p1a: Starmie|Starmie|100/100
|-damage|p1a: Starmie|88/100|[from] Spikes
|move|p2a: Skarmory|Spikes|p1a: Starmie
|-sidestart|p1: kaesespaetzle|Spikes
|
|-heal|p1a: Starmie|94/100|[from] item: Leftovers
|upkeep
|turn|7
|
|t:|1728417797
|switch|p2a: Starmie|Starmie|100/100
|-damage|p2a: Starmie|88/100|[from] Spikes
|move|p1a: Starmie|Thunderbolt|p2a: Starmie
|-supereffective|p2a: Starmie
|-damage|p2a: Starmie|19/100
|
|-heal|p2a: Starmie|25/100|[from] item: Leftovers
|-heal|p1a: Starmie|100/100|[from] item: Leftovers
|upkeep
|turn|8
|
|t:|1728417803
|switch|p2a: Celebi|Celebi|100/100
|-damage|p2a: Celebi|88/100|[from] Spikes
|move|p1a: Starmie|Thunderbolt|p2a: Celebi
|-resisted|p2a: Celebi
|-damage|p2a: Celebi|78/100
|
|-heal|p2a: Celebi|84/100|[from] item: Leftovers
|upkeep
|turn|9
|inactive|kaesespaetzle has 270 seconds left.
|
|t:|1728417843
|switch|p1a: Zapdos|Zapdos|82/100
|move|p2a: Celebi|Hidden Power|p1a: Zapdos
|-resisted|p1a: Zapdos
|-damage|p1a: Zapdos|74/100
|
|-heal|p2a: Celebi|90/100|[from] item: Leftovers
|-heal|p1a: Zapdos|80/100|[from] item: Leftovers
|upkeep
|turn|10
|
|t:|1728417854
|move|p2a: Celebi|Leech Seed|p1a: Zapdos
|-start|p1a: Zapdos|move: Leech Seed
|move|p1a: Zapdos|Toxic|p2a: Celebi
|-status|p2a: Celebi|tox
|
|-heal|p2a: Celebi|96/100 tox|[from] item: Leftovers
|-damage|p2a: Celebi|90/100 tox|[from] psn
|-heal|p1a: Zapdos|86/100|[from] item: Leftovers
|-damage|p1a: Zapdos|74/100|[from] Leech Seed|[of] p2a: Celebi
|-heal|p2a: Celebi|100/100 tox|[silent]
|upkeep
|turn|11
|inactive|kaesespaetzle has 240 seconds left.
|
|t:|1728417891
|-curestatus|p2a: Celebi|tox|[from] ability: Natural Cure
|switch|p2a: Blissey|Blissey, F|100/100
|-damage|p2a: Blissey|88/100|[from] Spikes
|switch|p1a: Skarmory|Skarmory, M|62/100
|
|-heal|p1a: Skarmory|68/100|[from] item: Leftovers
|-heal|p2a: Blissey|94/100|[from] item: Leftovers
|upkeep
|turn|12
|
|t:|1728417907
|switch|p1a: Hariyama|Hariyama, F|100/100
|-damage|p1a: Hariyama|84/100|[from] Spikes
|move|p2a: Blissey|Thunderbolt|p1a: Hariyama
|-damage|p1a: Hariyama|62/100
|
|-heal|p2a: Blissey|99/100|[from] item: Leftovers
|-heal|p1a: Hariyama|68/100|[from] item: Leftovers
|upkeep
|turn|13
|
|t:|1728417915
|switch|p2a: Salamence|Salamence, F|100/100
|-ability|p2a: Salamence|Intimidate|boost
|-unboost|p1a: Hariyama|atk|1
|move|p1a: Hariyama|Knock Off|p2a: Salamence
|-damage|p2a: Salamence|97/100
|-enditem|p2a: Salamence|Leftovers|[from] move: Knock Off|[of] p1a: Hariyama
|-hint|In Gens 3-4, Knock Off only makes the target's item unusable; it cannot obtain a new item.
|
|-heal|p1a: Hariyama|74/100|[from] item: Leftovers
|upkeep
|turn|14
|
|t:|1728417927
|switch|p1a: Zapdos|Zapdos|74/100
|move|p2a: Salamence|Brick Break|p1a: Zapdos
|-resisted|p1a: Zapdos
|-damage|p1a: Zapdos|62/100
|
|-heal|p1a: Zapdos|68/100|[from] item: Leftovers
|upkeep
|turn|15
|
|t:|1728417939
|switch|p2a: Blissey|Blissey, F|99/100
|-damage|p2a: Blissey|88/100|[from] Spikes
|move|p1a: Zapdos|Roar|p2a: Blissey
|drag|p2a: Starmie|Starmie|25/100
|-damage|p2a: Starmie|13/100|[from] Spikes
|
|-heal|p2a: Starmie|19/100|[from] item: Leftovers
|-heal|p1a: Zapdos|74/100|[from] item: Leftovers
|upkeep
|turn|16
|
|t:|1728417946
|switch|p2a: Blissey|Blissey, F|88/100
|-damage|p2a: Blissey|75/100|[from] Spikes
|move|p1a: Zapdos|Roar|p2a: Blissey
|drag|p2a: Starmie|Starmie|19/100
|-damage|p2a: Starmie|7/100|[from] Spikes
|
|-heal|p2a: Starmie|13/100|[from] item: Leftovers
|-heal|p1a: Zapdos|80/100|[from] item: Leftovers
|upkeep
|turn|17
|inactive|kaesespaetzle has 240 seconds left.
|
|t:|1728417953
|switch|p2a: Blissey|Blissey, F|75/100
|-damage|p2a: Blissey|63/100|[from] Spikes
|move|p1a: Zapdos|Roar|p2a: Blissey
|drag|p2a: Skarmory|Skarmory, M|100/100
|
|-heal|p1a: Zapdos|86/100|[from] item: Leftovers
|upkeep
|turn|18
|
|t:|1728417962
|switch|p2a: Blissey|Blissey, F|63/100
|-damage|p2a: Blissey|51/100|[from] Spikes
|move|p1a: Zapdos|Thunderbolt|p2a: Blissey
|-damage|p2a: Blissey|34/100
|
|-heal|p1a: Zapdos|92/100|[from] item: Leftovers
|-heal|p2a: Blissey|40/100|[from] item: Leftovers
|upkeep
|turn|19
|
|t:|1728417973
|switch|p1a: Skarmory|Skarmory, M|68/100
|move|p2a: Blissey|Soft-Boiled|p2a: Blissey
|-heal|p2a: Blissey|90/100
|
|-heal|p1a: Skarmory|74/100|[from] item: Leftovers
|-heal|p2a: Blissey|96/100|[from] item: Leftovers
|upkeep
|turn|20
|
|t:|1728417980
|move|p1a: Skarmory|Protect|p1a: Skarmory
|-singleturn|p1a: Skarmory|Protect
|move|p2a: Blissey|Thunderbolt|p1a: Skarmory
|-activate|p1a: Skarmory|Protect
|
|-heal|p1a: Skarmory|80/100|[from] item: Leftovers
|-heal|p2a: Blissey|100/100|[from] item: Leftovers
|upkeep
|turn|21
|
|t:|1728417996
|switch|p2a: Starmie|Starmie|13/100
|-damage|p2a: Starmie|1/100|[from] Spikes
|move|p1a: Skarmory|Spikes|p2a: Starmie
|-sidestart|p2: marsandback|Spikes
|
|-heal|p2a: Starmie|7/100|[from] item: Leftovers
|-heal|p1a: Skarmory|86/100|[from] item: Leftovers
|upkeep
|turn|22
|
|t:|1728418002
|move|p2a: Starmie|Recover|p2a: Starmie
|-heal|p2a: Starmie|57/100
|move|p1a: Skarmory|Roar|p2a: Starmie
|drag|p2a: Metagross|Metagross|100/100
|-damage|p2a: Metagross|84/100|[from] Spikes
|
|-heal|p1a: Skarmory|92/100|[from] item: Leftovers
|-heal|p2a: Metagross|90/100|[from] item: Leftovers
|upkeep
|turn|23
|inactive|kaesespaetzle has 240 seconds left.
|
|t:|1728418030
|switch|p1a: Zapdos|Zapdos|92/100
|switch|p2a: Blissey|Blissey, F|100/100
|-damage|p2a: Blissey|84/100|[from] Spikes
|
|-heal|p1a: Zapdos|98/100|[from] item: Leftovers
|-heal|p2a: Blissey|90/100|[from] item: Leftovers
|upkeep
|turn|24
|inactive|kaesespaetzle has 240 seconds left.
|
|t:|1728418051
|move|p1a: Zapdos|Toxic|p2a: Blissey|[miss]
|-miss|p1a: Zapdos|p2a: Blissey
|move|p2a: Blissey|Ice Beam|p1a: Zapdos
|-supereffective|p1a: Zapdos
|-damage|p1a: Zapdos|67/100
|
|-heal|p1a: Zapdos|73/100|[from] item: Leftovers
|-heal|p2a: Blissey|96/100|[from] item: Leftovers
|upkeep
|turn|25
|
|t:|1728418066
|move|p1a: Zapdos|Toxic|p2a: Blissey
|-status|p2a: Blissey|tox
|move|p2a: Blissey|Ice Beam|p1a: Zapdos
|-supereffective|p1a: Zapdos
|-crit|p1a: Zapdos
|-damage|p1a: Zapdos|12/100
|
|-heal|p1a: Zapdos|18/100|[from] item: Leftovers
|-heal|p2a: Blissey|100/100 tox|[from] item: Leftovers
|-damage|p2a: Blissey|94/100 tox|[from] psn
|upkeep
|turn|26
|
|t:|1728418076
|move|p1a: Zapdos|Rest|p1a: Zapdos
|-status|p1a: Zapdos|slp|[from] move: Rest
|-heal|p1a: Zapdos|100/100 slp|[silent]
|move|p2a: Blissey|Ice Beam|p1a: Zapdos
|-supereffective|p1a: Zapdos
|-damage|p1a: Zapdos|69/100 slp
|
|-heal|p1a: Zapdos|75/100 slp|[from] item: Leftovers
|-heal|p2a: Blissey|100/100 tox|[from] item: Leftovers
|-damage|p2a: Blissey|88/100 tox|[from] psn
|upkeep
|turn|27
|inactive|kaesespaetzle has 240 seconds left.
|
|t:|1728418088
|switch|p1a: Blissey|Blissey, F|100/100
|-damage|p1a: Blissey|84/100|[from] Spikes
|-curestatus|p2a: Blissey|tox|[from] ability: Natural Cure
|switch|p2a: Salamence|Salamence, F|97/100
|-ability|p2a: Salamence|Intimidate|boost
|-unboost|p1a: Blissey|atk|1
|
|-heal|p1a: Blissey|90/100|[from] item: Leftovers
|upkeep
|turn|28
|inactive|kaesespaetzle has 240 seconds left.
|
|t:|1728418114
|switch|p2a: Metagross|Metagross|90/100
|-damage|p2a: Metagross|74/100|[from] Spikes
|move|p1a: Blissey|Ice Beam|p2a: Metagross
|-resisted|p2a: Metagross
|-damage|p2a: Metagross|61/100
|
|-heal|p2a: Metagross|68/100|[from] item: Leftovers
|-heal|p1a: Blissey|96/100|[from] item: Leftovers
|upkeep
|turn|29
|inactive|kaesespaetzle has 240 seconds left.
|
|t:|1728418124
|switch|p1a: Skarmory|Skarmory, M|92/100
|move|p2a: Metagross|Meteor Mash|p1a: Skarmory
|-resisted|p1a: Skarmory
|-damage|p1a: Skarmory|75/100
|
|-heal|p1a: Skarmory|81/100|[from] item: Leftovers
|-heal|p2a: Metagross|74/100|[from] item: Leftovers
|upkeep
|turn|30
|inactive|kaesespaetzle has 240 seconds left.
|
|t:|1728418137
|move|p1a: Skarmory|Toxic|p2a: Metagross
|-immune|p2a: Metagross
|move|p2a: Metagross|Meteor Mash|p1a: Skarmory
|-resisted|p1a: Skarmory
|-damage|p1a: Skarmory|63/100
|
|-heal|p1a: Skarmory|69/100|[from] item: Leftovers
|-heal|p2a: Metagross|80/100|[from] item: Leftovers
|upkeep
|turn|31
|inactive|kaesespaetzle has 240 seconds left.
|
|t:|1728418145
|move|p1a: Skarmory|Toxic|p2a: Metagross
|-immune|p2a: Metagross
|move|p2a: Metagross|Meteor Mash|p1a: Skarmory
|-resisted|p1a: Skarmory
|-damage|p1a: Skarmory|51/100
|-boost|p2a: Metagross|atk|1
|
|-heal|p1a: Skarmory|57/100|[from] item: Leftovers
|-heal|p2a: Metagross|86/100|[from] item: Leftovers
|upkeep
|turn|32
|
|t:|1728418148
|move|p1a: Skarmory|Protect|p1a: Skarmory
|-singleturn|p1a: Skarmory|Protect
|move|p2a: Metagross|Meteor Mash|p1a: Skarmory
|-activate|p1a: Skarmory|Protect
|
|-heal|p1a: Skarmory|63/100|[from] item: Leftovers
|-heal|p2a: Metagross|92/100|[from] item: Leftovers
|upkeep
|turn|33
|
|t:|1728418151
|move|p2a: Metagross|Meteor Mash|p1a: Skarmory
|-resisted|p1a: Skarmory
|-damage|p1a: Skarmory|38/100
|move|p1a: Skarmory|Roar|p2a: Metagross
|drag|p2a: Celebi|Celebi|100/100
|-damage|p2a: Celebi|84/100|[from] Spikes
|
|-heal|p2a: Celebi|90/100|[from] item: Leftovers
|-heal|p1a: Skarmory|44/100|[from] item: Leftovers
|upkeep
|turn|34
|
|t:|1728418164
|switch|p2a: Salamence|Salamence, F|97/100
|-ability|p2a: Salamence|Intimidate|boost
|-unboost|p1a: Skarmory|atk|1
|move|p1a: Skarmory|Protect||[still]
|-fail|p1a: Skarmory
|
|-heal|p1a: Skarmory|50/100|[from] item: Leftovers
|upkeep
|turn|35
|
|t:|1728418194
|switch|p1a: Starmie|Starmie|100/100
|-damage|p1a: Starmie|84/100|[from] Spikes
|move|p2a: Salamence|Brick Break|p1a: Starmie
|-resisted|p1a: Starmie
|-damage|p1a: Starmie|67/100
|
|-heal|p1a: Starmie|73/100|[from] item: Leftovers
|upkeep
|turn|36
|inactive|marsandback has 270 seconds left.
|
|t:|1728418239
|switch|p2a: Celebi|Celebi|90/100
|-damage|p2a: Celebi|74/100|[from] Spikes
|move|p1a: Starmie|Rapid Spin|p2a: Celebi
|-damage|p2a: Celebi|71/100
|-sideend|p1: kaesespaetzle|Spikes|[from] move: Rapid Spin|[of] p1a: Starmie
|
|-heal|p1a: Starmie|80/100|[from] item: Leftovers
|-heal|p2a: Celebi|77/100|[from] item: Leftovers
|upkeep
|turn|37
|inactive|kaesespaetzle has 240 seconds left.
|
|t:|1728418275
|switch|p1a: Blissey|Blissey, F|96/100
|move|p2a: Celebi|Leech Seed|p1a: Blissey
|-start|p1a: Blissey|move: Leech Seed
|
|-heal|p2a: Celebi|84/100|[from] item: Leftovers
|-heal|p1a: Blissey|100/100|[from] item: Leftovers
|-damage|p1a: Blissey|88/100|[from] Leech Seed|[of] p2a: Celebi
|-heal|p2a: Celebi|100/100|[silent]
|upkeep
|turn|38
|
|t:|1728418286
|switch|p2a: Starmie|Starmie|57/100
|-damage|p2a: Starmie|40/100|[from] Spikes
|switch|p1a: Skarmory|Skarmory, M|50/100
|
|-heal|p2a: Starmie|46/100|[from] item: Leftovers
|-heal|p1a: Skarmory|56/100|[from] item: Leftovers
|upkeep
|turn|39
|
|t:|1728418300
|move|p2a: Starmie|Recover|p2a: Starmie
|-heal|p2a: Starmie|96/100
|move|p1a: Skarmory|Toxic|p2a: Starmie
|-status|p2a: Starmie|tox
|
|-heal|p2a: Starmie|100/100 tox|[from] item: Leftovers
|-damage|p2a: Starmie|94/100 tox|[from] psn
|-heal|p1a: Skarmory|62/100|[from] item: Leftovers
|upkeep
|turn|40
|
|t:|1728418306
|move|p1a: Skarmory|Protect|p1a: Skarmory
|-singleturn|p1a: Skarmory|Protect
|move|p2a: Starmie|Thunder Wave|p1a: Skarmory
|-activate|p1a: Skarmory|Protect
|
|-heal|p2a: Starmie|100/100 tox|[from] item: Leftovers
|-damage|p2a: Starmie|88/100 tox|[from] psn
|-heal|p1a: Skarmory|68/100|[from] item: Leftovers
|upkeep
|turn|41
|inactive|kaesespaetzle has 240 seconds left.
|
|t:|1728418325
|-curestatus|p2a: Starmie|tox|[from] ability: Natural Cure
|switch|p2a: Skarmory|Skarmory, M|100/100
|move|p1a: Skarmory|Spikes|p2a: Skarmory
|-sidestart|p2: marsandback|Spikes
|
|-heal|p1a: Skarmory|74/100|[from] item: Leftovers
|upkeep
|turn|42
|
|t:|1728418339
|switch|p1a: Blissey|Blissey, F|88/100
|move|p2a: Skarmory|Toxic|p1a: Blissey
|-status|p1a: Blissey|tox
|
|-heal|p1a: Blissey|94/100 tox|[from] item: Leftovers
|-damage|p1a: Blissey|88/100 tox|[from] psn
|upkeep
|turn|43
|
|t:|1728418360
|move|p2a: Skarmory|Spikes|p1a: Blissey
|-sidestart|p1: kaesespaetzle|Spikes
|move|p1a: Blissey|Heal Bell|p1a: Blissey
|-activate|p1a: Blissey|move: Heal Bell
|-curestatus|p1a: Blissey|tox|[silent]
|-curestatus|p1: Zapdos|slp|[silent]
|
|-heal|p1a: Blissey|94/100|[from] item: Leftovers
|upkeep
|turn|44
|
|t:|1728418379
|switch|p2a: Celebi|Celebi|100/100
|-damage|p2a: Celebi|75/100|[from] Spikes
|switch|p1a: Zapdos|Zapdos|75/100
|
|-heal|p2a: Celebi|82/100|[from] item: Leftovers
|-heal|p1a: Zapdos|81/100|[from] item: Leftovers
|upkeep
|turn|45
|inactive|kaesespaetzle has 210 seconds left.
|
|t:|1728418398
|move|p2a: Celebi|Leech Seed|p1a: Zapdos
|-start|p1a: Zapdos|move: Leech Seed
|move|p1a: Zapdos|Toxic|p2a: Celebi
|-status|p2a: Celebi|tox
|
|-heal|p2a: Celebi|88/100 tox|[from] item: Leftovers
|-damage|p2a: Celebi|82/100 tox|[from] psn
|-heal|p1a: Zapdos|87/100|[from] item: Leftovers
|-damage|p1a: Zapdos|75/100|[from] Leech Seed|[of] p2a: Celebi
|-heal|p2a: Celebi|93/100 tox|[silent]
|upkeep
|turn|46
|inactive|kaesespaetzle has 210 seconds left.
|
|t:|1728418414
|switch|p1a: Starmie|Starmie|80/100
|-damage|p1a: Starmie|67/100|[from] Spikes
|move|p2a: Celebi|Hidden Power|p1a: Starmie
|-supereffective|p1a: Starmie
|-damage|p1a: Starmie|4/100
|
|-heal|p1a: Starmie|11/100|[from] item: Leftovers
|-heal|p2a: Celebi|99/100 tox|[from] item: Leftovers
|-damage|p2a: Celebi|87/100 tox|[from] psn
|upkeep
|turn|47
|inactive|kaesespaetzle has 210 seconds left.
|inactive|kaesespaetzle has 180 seconds left.
|
|t:|1728418467
|move|p1a: Starmie|Rapid Spin|p2a: Celebi
|-damage|p2a: Celebi|85/100 tox
|-sideend|p1: kaesespaetzle|Spikes|[from] move: Rapid Spin|[of] p1a: Starmie
|move|p2a: Celebi|Hidden Power|p1a: Starmie
|-supereffective|p1a: Starmie
|-damage|p1a: Starmie|0 fnt
|faint|p1a: Starmie
|
|t:|1728418472
|switch|p1a: Tyranitar|Tyranitar, M|100/100
|-weather|Sandstorm|[from] ability: Sand Stream|[of] p1a: Tyranitar
|
|-weather|Sandstorm|[upkeep]
|-damage|p2a: Celebi|79/100 tox|[from] Sandstorm
|-heal|p2a: Celebi|85/100 tox|[from] item: Leftovers
|-damage|p2a: Celebi|67/100 tox|[from] psn
|upkeep
|turn|48
|inactive|kaesespaetzle has 150 seconds left.
|inactive|marsandback has 270 seconds left.
|
|t:|1728418503
|-curestatus|p2a: Celebi|tox|[from] ability: Natural Cure
|switch|p2a: Metagross|Metagross|92/100
|-damage|p2a: Metagross|67/100|[from] Spikes
|switch|p1a: Zapdos|Zapdos|75/100
|
|-weather|Sandstorm|[upkeep]
|-damage|p1a: Zapdos|69/100|[from] Sandstorm
|-heal|p1a: Zapdos|75/100|[from] item: Leftovers
|-heal|p2a: Metagross|73/100|[from] item: Leftovers
|upkeep
|turn|49
|inactive|kaesespaetzle has 150 seconds left.
|
|t:|1728418522
|move|p2a: Metagross|Protect|p2a: Metagross
|-singleturn|p2a: Metagross|Protect
|move|p1a: Zapdos|Thunderbolt|p2a: Metagross
|-activate|p2a: Metagross|Protect
|
|-weather|Sandstorm|[upkeep]
|-damage|p1a: Zapdos|69/100|[from] Sandstorm
|-heal|p1a: Zapdos|75/100|[from] item: Leftovers
|-heal|p2a: Metagross|79/100|[from] item: Leftovers
|upkeep
|turn|50
|inactive|kaesespaetzle has 150 seconds left.
|inactive|marsandback has 270 seconds left.
|
|t:|1728418555
|move|p1a: Zapdos|Thunderbolt|p2a: Metagross
|-damage|p2a: Metagross|39/100
|move|p2a: Metagross|Explosion|p1a: Zapdos
|-damage|p1a: Zapdos|0 fnt
|faint|p2a: Metagross
|faint|p1a: Zapdos
|inactive|kaesespaetzle has 150 seconds left.
|inactive|kaesespaetzle has 120 seconds left.
|
|t:|1728418609
|switch|p1a: Hariyama|Hariyama, F|74/100
|switch|p2a: Skarmory|Skarmory, M|100/100
|
|-weather|Sandstorm|[upkeep]
|-damage|p1a: Hariyama|68/100|[from] Sandstorm
|-heal|p1a: Hariyama|74/100|[from] item: Leftovers
|upkeep
|turn|51
|
|t:|1728418633
|switch|p2a: Salamence|Salamence, F|97/100
|-ability|p2a: Salamence|Intimidate|boost
|-unboost|p1a: Hariyama|atk|1
|move|p1a: Hariyama|Hidden Power|p2a: Salamence
|-damage|p2a: Salamence|84/100
|
|-weather|Sandstorm|[upkeep]
|-damage|p2a: Salamence|78/100|[from] Sandstorm
|-damage|p1a: Hariyama|68/100|[from] Sandstorm
|-heal|p1a: Hariyama|74/100|[from] item: Leftovers
|upkeep
|turn|52
|inactive|kaesespaetzle has 90 seconds left.
|
|t:|1728418665
|switch|p1a: Skarmory|Skarmory, M|74/100
|move|p2a: Salamence|Dragon Claw|p1a: Skarmory
|-resisted|p1a: Skarmory
|-damage|p1a: Skarmory|55/100
|
|-weather|Sandstorm|[upkeep]
|-damage|p2a: Salamence|72/100|[from] Sandstorm
|-heal|p1a: Skarmory|61/100|[from] item: Leftovers
|upkeep
|turn|53
|
|t:|1728418686
|move|p2a: Salamence|Flamethrower|p1a: Skarmory
|-supereffective|p1a: Skarmory
|-damage|p1a: Skarmory|0 fnt
|faint|p1a: Skarmory
|
|t:|1728418698
|switch|p1a: Blissey|Blissey, F|94/100
|
|-weather|Sandstorm|[upkeep]
|-damage|p2a: Salamence|66/100|[from] Sandstorm
|-damage|p1a: Blissey|88/100|[from] Sandstorm
|-heal|p1a: Blissey|94/100|[from] item: Leftovers
|upkeep
|turn|54
|inactive|marsandback has 240 seconds left.
|
|t:|1728418730
|switch|p2a: Blissey|Blissey, F|88/100
|-damage|p2a: Blissey|63/100|[from] Spikes
|move|p1a: Blissey|Ice Beam|p2a: Blissey
|-damage|p2a: Blissey|52/100
|
|-weather|Sandstorm|[upkeep]
|-damage|p1a: Blissey|88/100|[from] Sandstorm
|-damage|p2a: Blissey|46/100|[from] Sandstorm
|-heal|p1a: Blissey|94/100|[from] item: Leftovers
|-heal|p2a: Blissey|52/100|[from] item: Leftovers
|upkeep
|turn|55
|
|t:|1728418745
|switch|p1a: Hariyama|Hariyama, F|74/100
|move|p2a: Blissey|Soft-Boiled|p2a: Blissey
|-heal|p2a: Blissey|100/100
|
|-weather|Sandstorm|[upkeep]
|-damage|p2a: Blissey|94/100|[from] Sandstorm
|-damage|p1a: Hariyama|68/100|[from] Sandstorm
|-heal|p2a: Blissey|100/100|[from] item: Leftovers
|-heal|p1a: Hariyama|74/100|[from] item: Leftovers
|upkeep
|turn|56
|
|t:|1728418752
|switch|p2a: Salamence|Salamence, F|66/100
|-ability|p2a: Salamence|Intimidate|boost
|-unboost|p1a: Hariyama|atk|1
|move|p1a: Hariyama|Brick Break|p2a: Salamence
|-resisted|p2a: Salamence
|-damage|p2a: Salamence|54/100
|
|-weather|Sandstorm|[upkeep]
|-damage|p2a: Salamence|48/100|[from] Sandstorm
|-damage|p1a: Hariyama|68/100|[from] Sandstorm
|-heal|p1a: Hariyama|74/100|[from] item: Leftovers
|upkeep
|turn|57
|inactive|kaesespaetzle has 60 seconds left.
|inactive|kaesespaetzle has 30 seconds left.
|inactive|kaesespaetzle has 20 seconds left.
|inactive|kaesespaetzle has 15 seconds left.
|inactive|kaesespaetzle has 10 seconds left.
|inactive|kaesespaetzle has 5 seconds left.
|-message|kaesespaetzle lost due to inactivity.
|
|win|marsandback
|c|☆marsandback|ggs
|c|☆kaesespaetzle|nooo
|c|☆kaesespaetzle|i calced :((
|c|☆kaesespaetzle|shit
|c|☆kaesespaetzle|well gg
|c|☆marsandback|/log marsandback made the replay of this battle unlisted.

</script>
<script type="application/json" class="data" id="replaydata-smogtours-gen3ou-796468">
{"id":"smogtours-gen3ou-796468","format":"[Gen 3] OU","players":["kaesespaetzle","marsandback"],"uploadtime":1728418837,"views":147,"formatid":"gen3ou","rating":null,"private":1,"password":null}
</script>

<script defer src="js/replays.js?9d40a366"></script>
