<!DOCTYPE html>
<meta charset="utf-8" />
<meta name="viewport" content="width=device-width" />

<title>[Gen 3] OU: Zacynthius vs. DanteADV - Replays - Pok&eacute;mon Showdown!</title>

<meta name="description" content="Watch a replay of a Pok&eacute;mon battle between Zacynthius and DanteADV! Format: [Gen 3] OU; Date: Oct 6, 2024" />
<!--

Hey, you! Looking in the source for the replay log?

You can find them in JSON format, just add `.json` at the end of a replay URL.

https://replay.pokemonshowdown.com/gen7randomdoublesbattle-865046831.json

Or, if you only need the log itself, add `.log` instead:

https://replay.pokemonshowdown.com/gen7randomdoublesbattle-865046831.log

-->

<link rel="stylesheet" href="//pokemonshowdown.com/style/global.css?0.023195364461161105" />
<link rel="stylesheet" href="//play.pokemonshowdown.com/style/font-awesome.css?0.13261647063804238" />
<link rel="stylesheet" href="//play.pokemonshowdown.com/style/battle.css?0.8753245789963631" />
<link rel="stylesheet" href="//play.pokemonshowdown.com/style/utilichart.css?0.8627959624976733" />

<!-- Global site tag (gtag.js) - Google Analytics -->
<script async src="https://www.googletagmanager.com/gtag/js?id=UA-26211653-1"></script>
<script>
  window.dataLayer = window.dataLayer || [];
  function gtag(){dataLayer.push(arguments);}
  gtag('js', new Date());

  gtag('config', 'UA-26211653-1');
</script>
<!-- End Google Analytics -->
<!-- Venatus Ad Manager - Install in <HEAD> of page -->
	<script src="https://hb.vntsm.com/v3/live/ad-manager.min.js" type="text/javascript" data-site-id="642aba63ec9a7b11c3c9c1be" data-mode="scan" async></script>
<!-- / Venatus Ad Manager -->

<style>
	@media (max-width:820px) {
		.battle {
			margin: 0 auto;
		}
		.battle-log {
			margin: 7px auto 0;
			max-width: 640px;
			height: 300px;
			position: static;
		}
	}
	.optgroup {
		display: inline-block;
		line-height: 22px;
		font-size: 10pt;
	}
	.optgroup .button {
		height: 25px;
		padding-top: 0;
		padding-bottom: 0;
	}
	.optgroup button.button {
		padding-left: 12px;
		padding-right: 12px;
	}
	.linklist {
		list-style: none;
		margin: 0.5em 0;
		padding: 0;
	}
	.linklist li {
		padding: 2px 0;
	}
	.sidebar {
		float: left;
		width: 320px;
	}
	.bar-wrapper {
		max-width: 1100px;
		margin: 0 auto;
	}
	.bar-wrapper.has-sidebar {
		max-width: 1430px;
	}
	.mainbar {
		margin: 0;
		padding-right: 1px;
	}
	.mainbar.has-sidebar {
		margin-left: 330px;
	}
	@media (min-width: 1511px) {
		.sidebar {
			width: 400px;
		}
		.bar-wrapper.has-sidebar {
			max-width: 1510px;
		}
		.mainbar.has-sidebar {
			margin-left: 410px;
		}
	}
	.section.first-section {
		margin-top: 9px;
	}
	.blocklink small {
		white-space: normal;
	}
	.button {
		vertical-align: middle;
	}
	.replay-controls {
		padding-top: 10px;
	}
	.replay-controls h1 {
		font-size: 16pt;
		font-weight: normal;
		color: #CCC;
	}
	.pagelink {
		text-align: center;
	}
	.pagelink a {
		width: 150px;
	}
	.textbox, .button {
		font-size: 11pt;
		vertical-align: middle;
	}
	@media (max-width: 450px) {
		.button {
			font-size: 9pt;
		}
	}
</style>

<div>

	<header>
		<div class="nav-wrapper"><ul class="nav">
			<li><a class="button nav-first" href="//pokemonshowdown.com/"><img src="//pokemonshowdown.com/images/pokemonshowdownbeta.png" srcset="//pokemonshowdown.com/images/pokemonshowdownbeta.png 1x, //pokemonshowdown.com/images/pokemonshowdownbeta@2x.png 2x" alt="Pok&eacute;mon Showdown" width="146" height="44" /> Home</a></li>
			<li><a class="button" href="//pokemonshowdown.com/dex/">Pok&eacute;dex</a></li>
			<li><a class="button cur" href="/">Replays</a></li>
			<li><a class="button" href="//pokemonshowdown.com/ladder/">Ladder</a></li>
			<li><a class="button nav-last" href="//pokemonshowdown.com/forums/">Forum</a></li>
			<li><a class="button greenbutton nav-first nav-last" href="//play.pokemonshowdown.com/">Play</a></li>
		</ul></div>
	</header>

	<div class="main" id="main">

		<noscript><section class="section">You need to enable JavaScript to use this page; sorry!</section></noscript>

	</div>

</div>

<script defer nomodule src="//play.pokemonshowdown.com/js/lib/ps-polyfill.js"></script>
<script defer src="//play.pokemonshowdown.com/js/lib/preact.min.js"></script>

<script defer src="//play.pokemonshowdown.com/config/config.js?2bddbc15"></script>
<script defer src="//play.pokemonshowdown.com/js/lib/jquery-1.11.0.min.js"></script>
<script defer src="//play.pokemonshowdown.com/js/lib/html-sanitizer-minified.js"></script>
<script defer src="//play.pokemonshowdown.com/js/battle-sound.js"></script>
<script defer src="//play.pokemonshowdown.com/js/battledata.js?0.7209276989879541"></script>
<script defer src="//play.pokemonshowdown.com/data/pokedex-mini.js?0.6111056340867951"></script>
<script defer src="//play.pokemonshowdown.com/data/pokedex-mini-bw.js?0.3532142036491459"></script>
<script defer src="//play.pokemonshowdown.com/data/graphics.js?0.24223875632456182"></script>
<script defer src="//play.pokemonshowdown.com/data/pokedex.js?0.38839984266356864"></script>
<script defer src="//play.pokemonshowdown.com/data/moves.js?0.21866028504024015"></script>
<script defer src="//play.pokemonshowdown.com/data/abilities.js?0.2005157953846628"></script>
<script defer src="//play.pokemonshowdown.com/data/items.js?0.9894211263848525"></script>
<script defer src="//play.pokemonshowdown.com/data/teambuilder-tables.js?0.6008791140282215"></script>
<script defer src="//play.pokemonshowdown.com/js/battle-tooltips.js?0.7580118955022959"></script>
<script defer src="//play.pokemonshowdown.com/js/battle.js?0.6057722274234274"></script>

<script defer src="js/utils.js?e31f9a17"></script>
<script defer src="js/replays-battle.js?7008c182"></script>

<!-- don't scrape this data! just add .json or .log after the URL!
Full API docs: https://github.com/smogon/pokemon-showdown-client/blob/master/WEB-API.md -->
<script type="text/plain" class="log" id="replaylog-smogtours-gen3ou-795633">
|inactive|Battle timer is ON: inactive players will automatically lose when time's up.
|t:|1728231375
|gametype|singles
|player|p1|Zacynthius|170|
|player|p2|DanteADV|101|
|teamsize|p1|6
|teamsize|p2|6
|gen|3
|tier|[Gen 3] OU
|rule|Sleep Clause Mod: Limit one foe put to sleep
|rule|Switch Priority Clause Mod: Faster Pokémon switch first
|rule|Species Clause: Limit one of each Pokémon
|rule|OHKO Clause: OHKO moves are banned
|rule|Evasion Items Clause: Evasion items are banned
|rule|Evasion Moves Clause: Evasion moves are banned
|rule|Endless Battle Clause: Forcing endless battles is banned
|rule|HP Percentage Mod: HP is shown in percentages
|rule|One Boost Passer Clause: Limit one Baton Passer that has a way to boost its stats
|rule|Freeze Clause Mod: Limit one foe frozen
|
|t:|1728231375
|start
|switch|p1a: Salamence|Salamence, M|100/100
|switch|p2a: king tonka|Tyranitar, F|100/100
|-ability|p1a: Salamence|Intimidate|boost
|-unboost|p2a: king tonka|atk|1
|-weather|Sandstorm|[from] ability: Sand Stream|[of] p2a: king tonka
|turn|1
|
|t:|1728231396
|switch|p2a: drip|Starmie|100/100
|move|p1a: Salamence|Brick Break|p2a: drip
|-resisted|p2a: drip
|-damage|p2a: drip|82/100
|
|-weather|Sandstorm|[upkeep]
|-damage|p2a: drip|76/100|[from] Sandstorm
|-damage|p1a: Salamence|94/100|[from] Sandstorm
|-heal|p2a: drip|82/100|[from] item: Leftovers
|upkeep
|turn|2
|
|t:|1728231407
|switch|p1a: Swampert|Swampert, M|100/100
|move|p2a: drip|Thunder Wave|p1a: Swampert
|-immune|p1a: Swampert
|
|-weather|Sandstorm|[upkeep]
|-damage|p2a: drip|76/100|[from] Sandstorm
|-heal|p2a: drip|82/100|[from] item: Leftovers
|upkeep
|turn|3
|
|t:|1728231432
|switch|p2a: brrrd|Zapdos|100/100
|move|p1a: Swampert|Earthquake|p2a: brrrd
|-immune|p2a: brrrd
|
|-weather|Sandstorm|[upkeep]
|-damage|p2a: brrrd|94/100|[from] Sandstorm
|-heal|p2a: brrrd|100/100|[from] item: Leftovers
|upkeep
|turn|4
|
|t:|1728231442
|switch|p1a: Celebi|Celebi|100/100
|move|p2a: brrrd|Baton Pass|p2a: brrrd
|inactive|DanteADV has 270 seconds left.
|
|t:|1728231466
|switch|p2a: king tonka|Tyranitar, F|100/100|[from] Baton Pass
|
|-weather|Sandstorm|[upkeep]
|-damage|p1a: Celebi|94/100|[from] Sandstorm
|-heal|p1a: Celebi|100/100|[from] item: Leftovers
|upkeep
|turn|5
|inactive|DanteADV has 270 seconds left.
|
|t:|1728231474
|-singleturn|p2a: king tonka|move: Focus Punch
|move|p1a: Celebi|Calm Mind|p1a: Celebi
|-boost|p1a: Celebi|spa|1
|-boost|p1a: Celebi|spd|1
|move|p2a: king tonka|Focus Punch|p1a: Celebi
|-resisted|p1a: Celebi
|-damage|p1a: Celebi|78/100
|
|-weather|Sandstorm|[upkeep]
|-damage|p1a: Celebi|72/100|[from] Sandstorm
|-heal|p1a: Celebi|78/100|[from] item: Leftovers
|upkeep
|turn|6
|
|t:|1728231484
|move|p1a: Celebi|Calm Mind|p1a: Celebi
|-boost|p1a: Celebi|spa|1
|-boost|p1a: Celebi|spd|1
|move|p2a: king tonka|Hidden Power|p1a: Celebi
|-supereffective|p1a: Celebi
|-damage|p1a: Celebi|0 fnt
|faint|p1a: Celebi
|
|t:|1728231491
|switch|p1a: Swampert|Swampert, M|100/100
|
|-weather|Sandstorm|[upkeep]
|upkeep
|turn|7
|
|t:|1728231503
|switch|p2a: brrrd|Zapdos|100/100
|move|p1a: Swampert|Ice Beam|p2a: brrrd
|-supereffective|p2a: brrrd
|-damage|p2a: brrrd|63/100
|
|-weather|Sandstorm|[upkeep]
|-damage|p2a: brrrd|57/100|[from] Sandstorm
|-heal|p2a: brrrd|63/100|[from] item: Leftovers
|upkeep
|turn|8
|
|t:|1728231516
|switch|p1a: Zapdos|Zapdos|100/100
|move|p2a: brrrd|Hidden Power|p1a: Zapdos
|-resisted|p1a: Zapdos
|-damage|p1a: Zapdos|89/100
|
|-weather|Sandstorm|[upkeep]
|-damage|p1a: Zapdos|82/100|[from] Sandstorm
|-damage|p2a: brrrd|57/100|[from] Sandstorm
|-heal|p1a: Zapdos|89/100|[from] item: Leftovers
|-heal|p2a: brrrd|63/100|[from] item: Leftovers
|upkeep
|turn|9
|
|t:|1728231534
|move|p1a: Zapdos|Substitute|p1a: Zapdos
|-start|p1a: Zapdos|Substitute
|-damage|p1a: Zapdos|64/100
|move|p2a: brrrd|Thunder Wave||[still]
|-fail|p2a: brrrd
|
|-weather|Sandstorm|[upkeep]
|-damage|p1a: Zapdos|58/100|[from] Sandstorm
|-damage|p2a: brrrd|57/100|[from] Sandstorm
|-heal|p1a: Zapdos|64/100|[from] item: Leftovers
|-heal|p2a: brrrd|63/100|[from] item: Leftovers
|upkeep
|turn|10
|
|t:|1728231548
|move|p1a: Zapdos|Thunderbolt|p2a: brrrd
|-damage|p2a: brrrd|25/100
|-status|p2a: brrrd|par
|cant|p2a: brrrd|par
|
|-weather|Sandstorm|[upkeep]
|-damage|p1a: Zapdos|58/100|[from] Sandstorm
|-damage|p2a: brrrd|19/100 par|[from] Sandstorm
|-heal|p1a: Zapdos|64/100|[from] item: Leftovers
|-heal|p2a: brrrd|25/100 par|[from] item: Leftovers
|upkeep
|turn|11
|
|t:|1728231563
|move|p1a: Zapdos|Thunderbolt|p2a: brrrd
|-damage|p2a: brrrd|0 fnt
|faint|p2a: brrrd
|inactive|DanteADV has 270 seconds left.
|
|t:|1728231575
|switch|p2a: king tonka|Tyranitar, F|100/100
|
|-weather|Sandstorm|[upkeep]
|-damage|p1a: Zapdos|58/100|[from] Sandstorm
|-heal|p1a: Zapdos|64/100|[from] item: Leftovers
|upkeep
|turn|12
|
|t:|1728231583
|move|p1a: Zapdos|Thunderbolt|p2a: king tonka
|-damage|p2a: king tonka|58/100
|move|p2a: king tonka|Rock Slide|p1a: Zapdos
|-supereffective|p1a: Zapdos
|-end|p1a: Zapdos|Substitute
|
|-weather|Sandstorm|[upkeep]
|-damage|p1a: Zapdos|58/100|[from] Sandstorm
|-heal|p1a: Zapdos|64/100|[from] item: Leftovers
|-heal|p2a: king tonka|65/100|[from] item: Leftovers
|upkeep
|turn|13
|
|t:|1728231604
|switch|p1a: Swampert|Swampert, M|100/100
|switch|p2a: racks|Jirachi|100/100
|
|-weather|Sandstorm|[upkeep]
|upkeep
|turn|14
|
|t:|1728231613
|move|p2a: racks|Body Slam|p1a: Swampert
|-damage|p1a: Swampert|83/100
|move|p1a: Swampert|Earthquake|p2a: racks
|-supereffective|p2a: racks
|-damage|p2a: racks|54/100
|
|-weather|Sandstorm|[upkeep]
|-heal|p2a: racks|60/100|[from] item: Leftovers
|-heal|p1a: Swampert|90/100|[from] item: Leftovers
|upkeep
|turn|15
|
|t:|1728231623
|move|p2a: racks|Protect|p2a: racks
|-singleturn|p2a: racks|Protect
|move|p1a: Swampert|Earthquake|p2a: racks
|-activate|p2a: racks|Protect
|
|-weather|Sandstorm|[upkeep]
|-heal|p2a: racks|66/100|[from] item: Leftovers
|-heal|p1a: Swampert|96/100|[from] item: Leftovers
|upkeep
|turn|16
|
|t:|1728231634
|move|p2a: racks|Body Slam|p1a: Swampert
|-damage|p1a: Swampert|80/100
|move|p1a: Swampert|Earthquake|p2a: racks
|-supereffective|p2a: racks
|-damage|p2a: racks|16/100
|
|-weather|Sandstorm|[upkeep]
|-heal|p2a: racks|22/100|[from] item: Leftovers
|-heal|p1a: Swampert|86/100|[from] item: Leftovers
|upkeep
|turn|17
|
|t:|1728231642
|move|p2a: racks|Protect|p2a: racks
|-singleturn|p2a: racks|Protect
|move|p1a: Swampert|Earthquake|p2a: racks
|-activate|p2a: racks|Protect
|
|-weather|Sandstorm|[upkeep]
|-heal|p2a: racks|28/100|[from] item: Leftovers
|-heal|p1a: Swampert|92/100|[from] item: Leftovers
|upkeep
|turn|18
|
|t:|1728231654
|switch|p2a: krank|Swampert, F|100/100
|move|p1a: Swampert|Earthquake|p2a: krank
|-damage|p2a: krank|64/100
|
|-weather|Sandstorm|[upkeep]
|-heal|p2a: krank|70/100|[from] item: Leftovers
|-heal|p1a: Swampert|98/100|[from] item: Leftovers
|upkeep
|turn|19
|
|t:|1728231663
|move|p2a: krank|Surf|p1a: Swampert
|-damage|p1a: Swampert|58/100
|move|p1a: Swampert|Surf|p2a: krank
|-damage|p2a: krank|34/100
|
|-weather|Sandstorm|[upkeep]
|-heal|p2a: krank|40/100|[from] item: Leftovers
|-heal|p1a: Swampert|65/100|[from] item: Leftovers
|upkeep
|turn|20
|
|t:|1728231685
|move|p2a: krank|Earthquake|p1a: Swampert
|-damage|p1a: Swampert|37/100
|move|p1a: Swampert|Surf|p2a: krank
|-damage|p2a: krank|5/100
|
|-weather|Sandstorm|[upkeep]
|-heal|p2a: krank|11/100|[from] item: Leftovers
|-heal|p1a: Swampert|43/100|[from] item: Leftovers
|upkeep
|turn|21
|
|t:|1728231698
|move|p2a: krank|Surf|p1a: Swampert
|-damage|p1a: Swampert|0 fnt
|faint|p1a: Swampert
|
|t:|1728231701
|switch|p1a: Zapdos|Zapdos|64/100
|
|-weather|Sandstorm|[upkeep]
|-damage|p1a: Zapdos|58/100|[from] Sandstorm
|-heal|p1a: Zapdos|64/100|[from] item: Leftovers
|-heal|p2a: krank|17/100|[from] item: Leftovers
|upkeep
|turn|22
|
|t:|1728231715
|move|p1a: Zapdos|Substitute|p1a: Zapdos
|-start|p1a: Zapdos|Substitute
|-damage|p1a: Zapdos|39/100
|move|p2a: krank|Surf|p1a: Zapdos
|-end|p1a: Zapdos|Substitute
|
|-weather|Sandstorm|[upkeep]
|-damage|p1a: Zapdos|33/100|[from] Sandstorm
|-heal|p1a: Zapdos|39/100|[from] item: Leftovers
|-heal|p2a: krank|23/100|[from] item: Leftovers
|upkeep
|turn|23
|
|t:|1728231725
|move|p1a: Zapdos|Hidden Power|p2a: krank
|-supereffective|p2a: krank
|-damage|p2a: krank|0 fnt
|faint|p2a: krank
|
|t:|1728231735
|switch|p2a: king tonka|Tyranitar, F|65/100
|
|-weather|Sandstorm|[upkeep]
|-damage|p1a: Zapdos|33/100|[from] Sandstorm
|-heal|p1a: Zapdos|39/100|[from] item: Leftovers
|-heal|p2a: king tonka|71/100|[from] item: Leftovers
|upkeep
|turn|24
|
|t:|1728231745
|move|p1a: Zapdos|Substitute|p1a: Zapdos
|-start|p1a: Zapdos|Substitute
|-damage|p1a: Zapdos|14/100
|move|p2a: king tonka|Rock Slide|p1a: Zapdos|[miss]
|-miss|p2a: king tonka|p1a: Zapdos
|
|-weather|Sandstorm|[upkeep]
|-damage|p1a: Zapdos|8/100|[from] Sandstorm
|-heal|p1a: Zapdos|14/100|[from] item: Leftovers
|-heal|p2a: king tonka|77/100|[from] item: Leftovers
|upkeep
|turn|25
|
|t:|1728231754
|move|p1a: Zapdos|Baton Pass|p1a: Zapdos
|
|t:|1728231757
|switch|p1a: Dugtrio|Dugtrio, M|100/100|[from] Baton Pass
|move|p2a: king tonka|Rock Slide|p1a: Dugtrio|[miss]
|-miss|p2a: king tonka|p1a: Dugtrio
|
|-weather|Sandstorm|[upkeep]
|-heal|p2a: king tonka|83/100|[from] item: Leftovers
|upkeep
|turn|26
|
|t:|1728231768
|move|p1a: Dugtrio|Earthquake|p2a: king tonka
|-supereffective|p2a: king tonka
|-damage|p2a: king tonka|0 fnt
|faint|p2a: king tonka
|
|t:|1728231783
|switch|p2a: drip|Starmie|82/100
|
|-weather|Sandstorm|[upkeep]
|-damage|p2a: drip|76/100|[from] Sandstorm
|-heal|p2a: drip|82/100|[from] item: Leftovers
|upkeep
|turn|27
|
|t:|1728231789
|move|p2a: drip|Surf|p1a: Dugtrio
|-supereffective|p1a: Dugtrio
|-end|p1a: Dugtrio|Substitute
|move|p1a: Dugtrio|Earthquake|p2a: drip
|-damage|p2a: drip|24/100
|
|-weather|Sandstorm|[upkeep]
|-damage|p2a: drip|18/100|[from] Sandstorm
|-heal|p2a: drip|24/100|[from] item: Leftovers
|upkeep
|turn|28
|
|t:|1728231797
|switch|p1a: Zapdos|Zapdos|14/100
|move|p2a: drip|Surf|p1a: Zapdos
|-damage|p1a: Zapdos|0 fnt
|faint|p1a: Zapdos
|
|t:|1728231802
|switch|p1a: Metagross|Metagross|100/100
|
|-weather|Sandstorm|[upkeep]
|-damage|p2a: drip|18/100|[from] Sandstorm
|-heal|p2a: drip|24/100|[from] item: Leftovers
|upkeep
|turn|29
|
|t:|1728231825
|move|p2a: drip|Thunder Wave|p1a: Metagross
|-status|p1a: Metagross|par
|move|p1a: Metagross|Earthquake|p2a: drip
|-damage|p2a: drip|0 fnt
|faint|p2a: drip
|inactive|DanteADV has 270 seconds left.
|
|t:|1728231842
|switch|p2a: out the way|Heracross, F|100/100
|
|-weather|Sandstorm|[upkeep]
|-damage|p2a: out the way|95/100|[from] Sandstorm
|-heal|p2a: out the way|100/100|[from] item: Leftovers
|upkeep
|turn|30
|inactive|DanteADV has 270 seconds left.
|
|t:|1728231855
|switch|p1a: Salamence|Salamence, M|94/100
|-ability|p1a: Salamence|Intimidate|boost
|-unboost|p2a: out the way|atk|1
|move|p2a: out the way|Substitute|p2a: out the way
|-start|p2a: out the way|Substitute
|-damage|p2a: out the way|76/100
|
|-weather|Sandstorm|[upkeep]
|-damage|p1a: Salamence|88/100|[from] Sandstorm
|-damage|p2a: out the way|70/100|[from] Sandstorm
|-heal|p2a: out the way|76/100|[from] item: Leftovers
|upkeep
|turn|31
|
|t:|1728231865
|move|p1a: Salamence|Dragon Claw|p2a: out the way
|-end|p2a: out the way|Substitute
|move|p2a: out the way|Rock Slide|p1a: Salamence
|-supereffective|p1a: Salamence
|-damage|p1a: Salamence|41/100
|
|-weather|Sandstorm|[upkeep]
|-damage|p1a: Salamence|35/100|[from] Sandstorm
|-damage|p2a: out the way|70/100|[from] Sandstorm
|-heal|p2a: out the way|76/100|[from] item: Leftovers
|upkeep
|turn|32
|inactive|DanteADV has 270 seconds left.
|
|t:|1728231881
|switch|p2a: racks|Jirachi|28/100
|move|p1a: Salamence|Fire Blast|p2a: racks|[miss]
|-miss|p1a: Salamence|p2a: racks
|
|-weather|Sandstorm|[upkeep]
|-damage|p1a: Salamence|29/100|[from] Sandstorm
|-heal|p2a: racks|34/100|[from] item: Leftovers
|upkeep
|turn|33
|inactive|DanteADV has 270 seconds left.
|
|t:|1728231902
|move|p1a: Salamence|Fire Blast|p2a: racks
|-supereffective|p2a: racks
|-damage|p2a: racks|0 fnt
|faint|p2a: racks
|
|t:|1728231906
|switch|p2a: out the way|Heracross, F|76/100
|
|-weather|Sandstorm|[upkeep]
|-damage|p1a: Salamence|23/100|[from] Sandstorm
|-damage|p2a: out the way|70/100|[from] Sandstorm
|-heal|p2a: out the way|76/100|[from] item: Leftovers
|upkeep
|turn|34
|inactive|DanteADV has 270 seconds left.
|
|t:|1728231915
|move|p1a: Salamence|Fire Blast|p2a: out the way
|-supereffective|p2a: out the way
|-damage|p2a: out the way|0 fnt
|faint|p2a: out the way
|
|win|Zacynthius
|c|☆Zacynthius|GG
|c|☆DanteADV|gg

</script>
<script type="application/json" class="data" id="replaydata-smogtours-gen3ou-795633">
{"id":"smogtours-gen3ou-795633","format":"[Gen 3] OU","players":["Zacynthius","DanteADV"],"uploadtime":1728231915,"views":78,"formatid":"gen3ou","rating":null,"private":0,"password":null}
</script>

<script defer src="js/replays.js?9d40a366"></script>
