<!DOCTYPE html>
<meta charset="utf-8" />
<meta name="viewport" content="width=device-width" />

<title>[Gen 3] OU: Venik777 vs. p0lt - Replays - Pok&eacute;mon Showdown!</title>

<meta name="description" content="Watch a replay of a Pok&eacute;mon battle between Venik777 and p0lt! Format: [Gen 3] OU; Date: Oct 24, 2024" />
<!--

Hey, you! Looking in the source for the replay log?

You can find them in JSON format, just add `.json` at the end of a replay URL.

https://replay.pokemonshowdown.com/gen7randomdoublesbattle-865046831.json

Or, if you only need the log itself, add `.log` instead:

https://replay.pokemonshowdown.com/gen7randomdoublesbattle-865046831.log

-->

<link rel="stylesheet" href="//pokemonshowdown.com/style/global.css?0.767286132409787" />
<link rel="stylesheet" href="//play.pokemonshowdown.com/style/font-awesome.css?0.9266228007934947" />
<link rel="stylesheet" href="//play.pokemonshowdown.com/style/battle.css?0.7924700842790926" />
<link rel="stylesheet" href="//play.pokemonshowdown.com/style/utilichart.css?0.8777417872839479" />

<!-- Global site tag (gtag.js) - Google Analytics -->
<script async src="https://www.googletagmanager.com/gtag/js?id=UA-26211653-1"></script>
<script>
  window.dataLayer = window.dataLayer || [];
  function gtag(){dataLayer.push(arguments);}
  gtag('js', new Date());

  gtag('config', 'UA-26211653-1');
</script>
<!-- End Google Analytics -->
<!-- Venatus Ad Manager - Install in <HEAD> of page -->
	<script src="https://hb.vntsm.com/v3/live/ad-manager.min.js" type="text/javascript" data-site-id="642aba63ec9a7b11c3c9c1be" data-mode="scan" async></script>
<!-- / Venatus Ad Manager -->

<style>
	@media (max-width:820px) {
		.battle {
			margin: 0 auto;
		}
		.battle-log {
			margin: 7px auto 0;
			max-width: 640px;
			height: 300px;
			position: static;
		}
	}
	.optgroup {
		display: inline-block;
		line-height: 22px;
		font-size: 10pt;
	}
	.optgroup .button {
		height: 25px;
		padding-top: 0;
		padding-bottom: 0;
	}
	.optgroup button.button {
		padding-left: 12px;
		padding-right: 12px;
	}
	.linklist {
		list-style: none;
		margin: 0.5em 0;
		padding: 0;
	}
	.linklist li {
		padding: 2px 0;
	}
	.sidebar {
		float: left;
		width: 320px;
	}
	.bar-wrapper {
		max-width: 1100px;
		margin: 0 auto;
	}
	.bar-wrapper.has-sidebar {
		max-width: 1430px;
	}
	.mainbar {
		margin: 0;
		padding-right: 1px;
	}
	.mainbar.has-sidebar {
		margin-left: 330px;
	}
	@media (min-width: 1511px) {
		.sidebar {
			width: 400px;
		}
		.bar-wrapper.has-sidebar {
			max-width: 1510px;
		}
		.mainbar.has-sidebar {
			margin-left: 410px;
		}
	}
	.section.first-section {
		margin-top: 9px;
	}
	.blocklink small {
		white-space: normal;
	}
	.button {
		vertical-align: middle;
	}
	.replay-controls {
		padding-top: 10px;
	}
	.replay-controls h1 {
		font-size: 16pt;
		font-weight: normal;
		color: #CCC;
	}
	.pagelink {
		text-align: center;
	}
	.pagelink a {
		width: 150px;
	}
	.textbox, .button {
		font-size: 11pt;
		vertical-align: middle;
	}
	@media (max-width: 450px) {
		.button {
			font-size: 9pt;
		}
	}
</style>

<div>

	<header>
		<div class="nav-wrapper"><ul class="nav">
			<li><a class="button nav-first" href="//pokemonshowdown.com/"><img src="//pokemonshowdown.com/images/pokemonshowdownbeta.png" srcset="//pokemonshowdown.com/images/pokemonshowdownbeta.png 1x, //pokemonshowdown.com/images/pokemonshowdownbeta@2x.png 2x" alt="Pok&eacute;mon Showdown" width="146" height="44" /> Home</a></li>
			<li><a class="button" href="//pokemonshowdown.com/dex/">Pok&eacute;dex</a></li>
			<li><a class="button cur" href="/">Replays</a></li>
			<li><a class="button" href="//pokemonshowdown.com/ladder/">Ladder</a></li>
			<li><a class="button nav-last" href="//pokemonshowdown.com/forums/">Forum</a></li>
			<li><a class="button greenbutton nav-first nav-last" href="//play.pokemonshowdown.com/">Play</a></li>
		</ul></div>
	</header>

	<div class="main" id="main">

		<noscript><section class="section">You need to enable JavaScript to use this page; sorry!</section></noscript>

	</div>

</div>

<script defer nomodule src="//play.pokemonshowdown.com/js/lib/ps-polyfill.js"></script>
<script defer src="//play.pokemonshowdown.com/js/lib/preact.min.js"></script>

<script defer src="//play.pokemonshowdown.com/config/config.js?6dec07f6"></script>
<script defer src="//play.pokemonshowdown.com/js/lib/jquery-1.11.0.min.js"></script>
<script defer src="//play.pokemonshowdown.com/js/lib/html-sanitizer-minified.js"></script>
<script defer src="//play.pokemonshowdown.com/js/battle-sound.js"></script>
<script defer src="//play.pokemonshowdown.com/js/battledata.js?0.6315294753075389"></script>
<script defer src="//play.pokemonshowdown.com/data/pokedex-mini.js?0.7603743185311358"></script>
<script defer src="//play.pokemonshowdown.com/data/pokedex-mini-bw.js?0.030888842834281283"></script>
<script defer src="//play.pokemonshowdown.com/data/graphics.js?0.05593094747507488"></script>
<script defer src="//play.pokemonshowdown.com/data/pokedex.js?0.47064822249611904"></script>
<script defer src="//play.pokemonshowdown.com/data/moves.js?0.8583693120512459"></script>
<script defer src="//play.pokemonshowdown.com/data/abilities.js?0.16017181182386842"></script>
<script defer src="//play.pokemonshowdown.com/data/items.js?0.4163379185673943"></script>
<script defer src="//play.pokemonshowdown.com/data/teambuilder-tables.js?0.31075597372830477"></script>
<script defer src="//play.pokemonshowdown.com/js/battle-tooltips.js?0.6536193500708172"></script>
<script defer src="//play.pokemonshowdown.com/js/battle.js?0.1916591943277901"></script>

<script defer src="js/utils.js?e31f9a17"></script>
<script defer src="js/replays-battle.js?7008c182"></script>

<!-- don't scrape this data! just add .json or .log after the URL!
Full API docs: https://github.com/smogon/pokemon-showdown-client/blob/master/WEB-API.md -->
<script type="text/plain" class="log" id="replaylog-smogtours-gen3ou-801621">
|inactive|Battle timer is ON: inactive players will automatically lose when time's up.
|t:|1729799424
|gametype|singles
|player|p1|Venik777|265|
|player|p2|p0lt|#agplivlionsden|
|teamsize|p1|6
|teamsize|p2|6
|gen|3
|tier|[Gen 3] OU
|rule|Sleep Clause Mod: Limit one foe put to sleep
|rule|Switch Priority Clause Mod: Faster Pokémon switch first
|rule|Species Clause: Limit one of each Pokémon
|rule|OHKO Clause: OHKO moves are banned
|rule|Evasion Items Clause: Evasion items are banned
|rule|Evasion Moves Clause: Evasion moves are banned
|rule|Endless Battle Clause: Forcing endless battles is banned
|rule|HP Percentage Mod: HP is shown in percentages
|rule|One Boost Passer Clause: Limit one Baton Passer that has a way to boost its stats
|rule|Freeze Clause Mod: Limit one foe frozen
|
|t:|1729799424
|start
|switch|p1a: вова|Zapdos|100/100
|switch|p2a: Tyranitar|Tyranitar, F|100/100
|-weather|Sandstorm|[from] ability: Sand Stream|[of] p2a: Tyranitar
|turn|1
|inactive|p0lt also wants the timer to be on.
|c|☆p0lt|hf
|inactive|Venik777 has 270 seconds left.
|
|t:|1729799470
|switch|p1a: фанаты бебры|Dugtrio, F, shiny|100/100
|move|p2a: Tyranitar|Ice Beam|p1a: фанаты бебры
|-supereffective|p1a: фанаты бебры
|-damage|p1a: фанаты бебры|0 fnt
|faint|p1a: фанаты бебры
|inactive|Venik777 has 270 seconds left.
|
|t:|1729799504
|switch|p1a: едигер|Heracross, M|100/100
|
|-weather|Sandstorm|[upkeep]
|-damage|p1a: едигер|94/100|[from] Sandstorm
|-heal|p1a: едигер|100/100|[from] item: Leftovers
|upkeep
|turn|2
|
|t:|1729799511
|switch|p2a: Salamence|Salamence, F|100/100
|-ability|p2a: Salamence|Intimidate|boost
|-unboost|p1a: едигер|atk|1
|move|p1a: едигер|Swords Dance|p1a: едигер
|-boost|p1a: едигер|atk|2
|
|-weather|Sandstorm|[upkeep]
|-damage|p2a: Salamence|94/100|[from] Sandstorm
|-damage|p1a: едигер|94/100|[from] Sandstorm
|-heal|p2a: Salamence|100/100|[from] item: Leftovers
|-heal|p1a: едигер|100/100|[from] item: Leftovers
|upkeep
|turn|3
|
|t:|1729799523
|switch|p1a: вова|Zapdos|100/100
|move|p2a: Salamence|Fire Blast|p1a: вова|[miss]
|-miss|p2a: Salamence|p1a: вова
|
|-weather|Sandstorm|[upkeep]
|-damage|p2a: Salamence|94/100|[from] Sandstorm
|-damage|p1a: вова|94/100|[from] Sandstorm
|-heal|p2a: Salamence|100/100|[from] item: Leftovers
|-heal|p1a: вова|100/100|[from] item: Leftovers
|upkeep
|turn|4
|
|t:|1729799533
|switch|p2a: Blissey|Blissey, F|100/100
|move|p1a: вова|Toxic|p2a: Blissey
|-status|p2a: Blissey|tox
|
|-weather|Sandstorm|[upkeep]
|-damage|p1a: вова|94/100|[from] Sandstorm
|-damage|p2a: Blissey|94/100 tox|[from] Sandstorm
|-heal|p1a: вова|100/100|[from] item: Leftovers
|-heal|p2a: Blissey|100/100 tox|[from] item: Leftovers
|-damage|p2a: Blissey|94/100 tox|[from] psn
|upkeep
|turn|5
|
|t:|1729799541
|switch|p1a: едигер|Heracross, M|100/100
|move|p2a: Blissey|Ice Beam|p1a: едигер
|-damage|p1a: едигер|75/100
|
|-weather|Sandstorm|[upkeep]
|-damage|p1a: едигер|69/100|[from] Sandstorm
|-damage|p2a: Blissey|88/100 tox|[from] Sandstorm
|-heal|p1a: едигер|75/100|[from] item: Leftovers
|-heal|p2a: Blissey|94/100 tox|[from] item: Leftovers
|-damage|p2a: Blissey|82/100 tox|[from] psn
|upkeep
|turn|6
|
|t:|1729799546
|-singleturn|p1a: едигер|move: Focus Punch
|-curestatus|p2a: Blissey|tox|[from] ability: Natural Cure
|switch|p2a: Skarmory|Skarmory, F|100/100
|move|p1a: едигер|Focus Punch|p2a: Skarmory
|-damage|p2a: Skarmory|35/100
|
|-weather|Sandstorm|[upkeep]
|-damage|p1a: едигер|69/100|[from] Sandstorm
|-heal|p1a: едигер|75/100|[from] item: Leftovers
|-heal|p2a: Skarmory|41/100|[from] item: Leftovers
|upkeep
|turn|7
|
|t:|1729799573
|switch|p1a: бебра|Tyranitar, M|100/100
|move|p2a: Skarmory|Spikes|p1a: бебра
|-sidestart|p1: Venik777|Spikes
|
|-weather|Sandstorm|[upkeep]
|-heal|p2a: Skarmory|47/100|[from] item: Leftovers
|upkeep
|turn|8
|
|t:|1729799582
|move|p2a: Skarmory|Toxic|p1a: бебра
|-status|p1a: бебра|tox
|move|p1a: бебра|Rock Slide|p2a: Skarmory
|-damage|p2a: Skarmory|0 fnt
|faint|p2a: Skarmory
|
|t:|1729799588
|switch|p2a: Swampert|Swampert, F|100/100
|
|-weather|Sandstorm|[upkeep]
|-damage|p1a: бебра|94/100 tox|[from] psn
|upkeep
|turn|9
|
|t:|1729799592
|switch|p1a: пивас поддимас|Swampert, F|100/100
|-damage|p1a: пивас поддимас|88/100|[from] Spikes
|move|p2a: Swampert|Ice Beam|p1a: пивас поддимас
|-damage|p1a: пивас поддимас|70/100
|
|-weather|Sandstorm|[upkeep]
|-heal|p1a: пивас поддимас|76/100|[from] item: Leftovers
|upkeep
|turn|10
|
|t:|1729799598
|move|p1a: пивас поддимас|Toxic|p2a: Swampert
|-status|p2a: Swampert|tox
|move|p2a: Swampert|Hydro Pump|p1a: пивас поддимас
|-damage|p1a: пивас поддимас|42/100
|
|-weather|Sandstorm|[upkeep]
|-heal|p1a: пивас поддимас|48/100|[from] item: Leftovers
|-damage|p2a: Swampert|94/100 tox|[from] psn
|upkeep
|turn|11
|
|t:|1729799604
|switch|p2a: Salamence|Salamence, F|100/100
|-ability|p2a: Salamence|Intimidate|boost
|-unboost|p1a: пивас поддимас|atk|1
|move|p1a: пивас поддимас|Protect||[still]
|-fail|p1a: пивас поддимас
|
|-weather|Sandstorm|[upkeep]
|-damage|p2a: Salamence|94/100|[from] Sandstorm
|-heal|p2a: Salamence|100/100|[from] item: Leftovers
|-heal|p1a: пивас поддимас|54/100|[from] item: Leftovers
|upkeep
|turn|12
|
|t:|1729799623
|switch|p1a: вова|Zapdos|100/100
|move|p2a: Salamence|Rock Slide|p1a: вова
|-supereffective|p1a: вова
|-crit|p1a: вова
|-damage|p1a: вова|0 fnt
|faint|p1a: вова
|inactive|Venik777 has 270 seconds left.
|
|t:|1729799648
|switch|p1a: бебра|Tyranitar, M|94/100 tox
|-damage|p1a: бебра|82/100 tox|[from] Spikes
|
|-weather|Sandstorm|[upkeep]
|-damage|p2a: Salamence|94/100|[from] Sandstorm
|-heal|p2a: Salamence|100/100|[from] item: Leftovers
|-damage|p1a: бебра|76/100 tox|[from] psn
|upkeep
|turn|13
|inactive|p0lt has 270 seconds left.
|
|t:|1729799680
|-singleturn|p1a: бебра|move: Focus Punch
|switch|p2a: Swampert|Swampert, F|94/100 tox
|move|p1a: бебра|Focus Punch|p2a: Swampert
|-damage|p2a: Swampert|30/100 tox
|
|-weather|Sandstorm|[upkeep]
|-damage|p1a: бебра|63/100 tox|[from] psn
|-heal|p2a: Swampert|36/100 tox|[from] item: Leftovers
|-damage|p2a: Swampert|30/100 tox|[from] psn
|upkeep
|turn|14
|
|t:|1729799699
|switch|p1a: пивас поддимас|Swampert, F|54/100
|-damage|p1a: пивас поддимас|42/100|[from] Spikes
|move|p2a: Swampert|Hydro Pump|p1a: пивас поддимас
|-damage|p1a: пивас поддимас|0 fnt
|faint|p1a: пивас поддимас
|
|t:|1729799704
|switch|p1a: никита|Aerodactyl, M|100/100
|
|-weather|Sandstorm|[upkeep]
|-heal|p2a: Swampert|36/100 tox|[from] item: Leftovers
|-damage|p2a: Swampert|24/100 tox|[from] psn
|upkeep
|turn|15
|
|t:|1729799720
|move|p1a: никита|Rock Slide|p2a: Swampert
|-resisted|p2a: Swampert
|-damage|p2a: Swampert|8/100 tox
|cant|p2a: Swampert|flinch
|
|-weather|Sandstorm|[upkeep]
|-heal|p2a: Swampert|14/100 tox|[from] item: Leftovers
|-damage|p2a: Swampert|0 fnt|[from] psn
|faint|p2a: Swampert
|upkeep
|
|t:|1729799729
|switch|p2a: Blissey|Blissey, F|82/100
|turn|16
|
|t:|1729799733
|move|p1a: никита|Rock Slide|p2a: Blissey
|-damage|p2a: Blissey|32/100
|cant|p2a: Blissey|flinch
|
|-weather|Sandstorm|[upkeep]
|-damage|p2a: Blissey|26/100|[from] Sandstorm
|-heal|p2a: Blissey|32/100|[from] item: Leftovers
|upkeep
|turn|17
|
|t:|1729799738
|move|p1a: никита|Rock Slide|p2a: Blissey
|-damage|p2a: Blissey|0 fnt
|faint|p2a: Blissey
|
|t:|1729799744
|switch|p2a: Tyranitar|Tyranitar, F|100/100
|
|-weather|Sandstorm|[upkeep]
|upkeep
|turn|18
|inactive|Venik777 has 270 seconds left.
|
|t:|1729799775
|switch|p1a: бебра|Tyranitar, M|63/100 tox
|-damage|p1a: бебра|51/100 tox|[from] Spikes
|move|p2a: Tyranitar|Fire Blast|p1a: бебра
|-resisted|p1a: бебра
|-damage|p1a: бебра|34/100 tox
|
|-weather|Sandstorm|[upkeep]
|-damage|p1a: бебра|28/100 tox|[from] psn
|upkeep
|turn|19
|
|t:|1729799781
|move|p2a: Tyranitar|Ice Beam|p1a: бебра
|-damage|p1a: бебра|3/100 tox
|move|p1a: бебра|Rock Slide|p2a: Tyranitar
|-damage|p2a: Tyranitar|49/100
|
|-weather|Sandstorm|[upkeep]
|-heal|p2a: Tyranitar|55/100|[from] item: Leftovers
|-damage|p1a: бебра|0 fnt|[from] psn
|faint|p1a: бебра
|upkeep
|inactive|Venik777 has 270 seconds left.
|
|t:|1729799803
|switch|p1a: едигер|Heracross, M|75/100
|-damage|p1a: едигер|63/100|[from] Spikes
|turn|20
|inactive|Venik777 has 270 seconds left.
|inactive|p0lt has 270 seconds left.
|
|t:|1729799844
|move|p1a: едигер|Rock Slide|p2a: Tyranitar|[miss]
|-miss|p1a: едигер|p2a: Tyranitar
|move|p2a: Tyranitar|Ice Beam|p1a: едигер
|-damage|p1a: едигер|34/100
|
|-weather|Sandstorm|[upkeep]
|-damage|p1a: едигер|28/100|[from] Sandstorm
|-heal|p1a: едигер|34/100|[from] item: Leftovers
|-heal|p2a: Tyranitar|62/100|[from] item: Leftovers
|upkeep
|turn|21
|inactive|Venik777 has 270 seconds left.
|
|t:|1729799850
|move|p1a: едигер|Megahorn|p2a: Tyranitar
|-supereffective|p2a: Tyranitar
|-damage|p2a: Tyranitar|0 fnt
|faint|p2a: Tyranitar
|
|t:|1729799861
|switch|p2a: Aerodactyl|Aerodactyl, M|100/100
|
|-weather|Sandstorm|[upkeep]
|-damage|p1a: едигер|28/100|[from] Sandstorm
|-heal|p1a: едигер|34/100|[from] item: Leftovers
|upkeep
|turn|22
|
|t:|1729799871
|move|p2a: Aerodactyl|Rock Slide|p1a: едигер|[miss]
|-miss|p2a: Aerodactyl|p1a: едигер
|move|p1a: едигер|Rock Slide|p2a: Aerodactyl
|-supereffective|p2a: Aerodactyl
|-damage|p2a: Aerodactyl|10/100
|
|-weather|Sandstorm|[upkeep]
|-damage|p1a: едигер|28/100|[from] Sandstorm
|-heal|p1a: едигер|34/100|[from] item: Leftovers
|upkeep
|turn|23
|
|t:|1729799878
|move|p2a: Aerodactyl|Rock Slide|p1a: едигер
|-damage|p1a: едигер|0 fnt
|faint|p1a: едигер
|
|t:|1729799880
|switch|p1a: никита|Aerodactyl, M|100/100
|
|-weather|Sandstorm|[upkeep]
|upkeep
|turn|24
|
|t:|1729799882
|move|p1a: никита|Rock Slide|p2a: Aerodactyl
|-supereffective|p2a: Aerodactyl
|-damage|p2a: Aerodactyl|0 fnt
|faint|p2a: Aerodactyl
|
|t:|1729799884
|switch|p2a: Salamence|Salamence, F|100/100
|-ability|p2a: Salamence|Intimidate|boost
|-unboost|p1a: никита|atk|1
|
|-weather|Sandstorm|[upkeep]
|-damage|p2a: Salamence|94/100|[from] Sandstorm
|-heal|p2a: Salamence|100/100|[from] item: Leftovers
|upkeep
|turn|25
|
|t:|1729799887
|move|p1a: никита|Rock Slide|p2a: Salamence
|-supereffective|p2a: Salamence
|-damage|p2a: Salamence|17/100
|move|p2a: Salamence|Rock Slide|p1a: никита
|-supereffective|p1a: никита
|-damage|p1a: никита|5/100
|
|-weather|Sandstorm|[upkeep]
|-damage|p2a: Salamence|11/100|[from] Sandstorm
|-heal|p2a: Salamence|17/100|[from] item: Leftovers
|upkeep
|turn|26
|
|t:|1729799894
|move|p1a: никита|Rock Slide|p2a: Salamence
|-supereffective|p2a: Salamence
|-damage|p2a: Salamence|0 fnt
|faint|p2a: Salamence
|
|win|Venik777
|c|☆p0lt|gg
|player|p2|
|c|☆Venik777|g

</script>
<script type="application/json" class="data" id="replaydata-smogtours-gen3ou-801621">
{"id":"smogtours-gen3ou-801621","format":"[Gen 3] OU","players":["Venik777","p0lt"],"uploadtime":1729799894,"views":98,"formatid":"gen3ou","rating":null,"private":0,"password":null}
</script>

<script defer src="js/replays.js?9d40a366"></script>
