<!DOCTYPE html>
<meta charset="utf-8" />
<meta name="viewport" content="width=device-width" />

<title>[Gen 3] OU: ThisGuyMuks vs. Stockings - Replays - Pok&eacute;mon Showdown!</title>

<meta name="description" content="Watch a replay of a Pok&eacute;mon battle between ThisGuyMuks and Stockings! Format: [Gen 3] OU; Date: Nov 13, 2024" />
<!--

Hey, you! Looking in the source for the replay log?

You can find them in JSON format, just add `.json` at the end of a replay URL.

https://replay.pokemonshowdown.com/gen7randomdoublesbattle-865046831.json

Or, if you only need the log itself, add `.log` instead:

https://replay.pokemonshowdown.com/gen7randomdoublesbattle-865046831.log

-->

<link rel="stylesheet" href="//pokemonshowdown.com/style/global.css?0.767286132409787" />
<link rel="stylesheet" href="//play.pokemonshowdown.com/style/font-awesome.css?0.9266228007934947" />
<link rel="stylesheet" href="//play.pokemonshowdown.com/style/battle.css?0.7924700842790926" />
<link rel="stylesheet" href="//play.pokemonshowdown.com/style/utilichart.css?0.8777417872839479" />

<!-- Global site tag (gtag.js) - Google Analytics -->
<script async src="https://www.googletagmanager.com/gtag/js?id=UA-26211653-1"></script>
<script>
  window.dataLayer = window.dataLayer || [];
  function gtag(){dataLayer.push(arguments);}
  gtag('js', new Date());

  gtag('config', 'UA-26211653-1');
</script>
<!-- End Google Analytics -->
<!-- Venatus Ad Manager - Install in <HEAD> of page -->
	<script src="https://hb.vntsm.com/v3/live/ad-manager.min.js" type="text/javascript" data-site-id="642aba63ec9a7b11c3c9c1be" data-mode="scan" async></script>
<!-- / Venatus Ad Manager -->

<style>
	@media (max-width:820px) {
		.battle {
			margin: 0 auto;
		}
		.battle-log {
			margin: 7px auto 0;
			max-width: 640px;
			height: 300px;
			position: static;
		}
	}
	.optgroup {
		display: inline-block;
		line-height: 22px;
		font-size: 10pt;
	}
	.optgroup .button {
		height: 25px;
		padding-top: 0;
		padding-bottom: 0;
	}
	.optgroup button.button {
		padding-left: 12px;
		padding-right: 12px;
	}
	.linklist {
		list-style: none;
		margin: 0.5em 0;
		padding: 0;
	}
	.linklist li {
		padding: 2px 0;
	}
	.sidebar {
		float: left;
		width: 320px;
	}
	.bar-wrapper {
		max-width: 1100px;
		margin: 0 auto;
	}
	.bar-wrapper.has-sidebar {
		max-width: 1430px;
	}
	.mainbar {
		margin: 0;
		padding-right: 1px;
	}
	.mainbar.has-sidebar {
		margin-left: 330px;
	}
	@media (min-width: 1511px) {
		.sidebar {
			width: 400px;
		}
		.bar-wrapper.has-sidebar {
			max-width: 1510px;
		}
		.mainbar.has-sidebar {
			margin-left: 410px;
		}
	}
	.section.first-section {
		margin-top: 9px;
	}
	.blocklink small {
		white-space: normal;
	}
	.button {
		vertical-align: middle;
	}
	.replay-controls {
		padding-top: 10px;
	}
	.replay-controls h1 {
		font-size: 16pt;
		font-weight: normal;
		color: #CCC;
	}
	.pagelink {
		text-align: center;
	}
	.pagelink a {
		width: 150px;
	}
	.textbox, .button {
		font-size: 11pt;
		vertical-align: middle;
	}
	@media (max-width: 450px) {
		.button {
			font-size: 9pt;
		}
	}
</style>

<div>

	<header>
		<div class="nav-wrapper"><ul class="nav">
			<li><a class="button nav-first" href="//pokemonshowdown.com/"><img src="//pokemonshowdown.com/images/pokemonshowdownbeta.png" srcset="//pokemonshowdown.com/images/pokemonshowdownbeta.png 1x, //pokemonshowdown.com/images/pokemonshowdownbeta@2x.png 2x" alt="Pok&eacute;mon Showdown" width="146" height="44" /> Home</a></li>
			<li><a class="button" href="//pokemonshowdown.com/dex/">Pok&eacute;dex</a></li>
			<li><a class="button cur" href="/">Replays</a></li>
			<li><a class="button" href="//pokemonshowdown.com/ladder/">Ladder</a></li>
			<li><a class="button nav-last" href="//pokemonshowdown.com/forums/">Forum</a></li>
			<li><a class="button greenbutton nav-first nav-last" href="//play.pokemonshowdown.com/">Play</a></li>
		</ul></div>
	</header>

	<div class="main" id="main">

		<noscript><section class="section">You need to enable JavaScript to use this page; sorry!</section></noscript>

	</div>

</div>

<script defer nomodule src="//play.pokemonshowdown.com/js/lib/ps-polyfill.js"></script>
<script defer src="//play.pokemonshowdown.com/js/lib/preact.min.js"></script>

<script defer src="//play.pokemonshowdown.com/config/config.js?6dec07f6"></script>
<script defer src="//play.pokemonshowdown.com/js/lib/jquery-1.11.0.min.js"></script>
<script defer src="//play.pokemonshowdown.com/js/lib/html-sanitizer-minified.js"></script>
<script defer src="//play.pokemonshowdown.com/js/battle-sound.js"></script>
<script defer src="//play.pokemonshowdown.com/js/battledata.js?0.6315294753075389"></script>
<script defer src="//play.pokemonshowdown.com/data/pokedex-mini.js?0.7603743185311358"></script>
<script defer src="//play.pokemonshowdown.com/data/pokedex-mini-bw.js?0.030888842834281283"></script>
<script defer src="//play.pokemonshowdown.com/data/graphics.js?0.05593094747507488"></script>
<script defer src="//play.pokemonshowdown.com/data/pokedex.js?0.47064822249611904"></script>
<script defer src="//play.pokemonshowdown.com/data/moves.js?0.8583693120512459"></script>
<script defer src="//play.pokemonshowdown.com/data/abilities.js?0.16017181182386842"></script>
<script defer src="//play.pokemonshowdown.com/data/items.js?0.4163379185673943"></script>
<script defer src="//play.pokemonshowdown.com/data/teambuilder-tables.js?0.31075597372830477"></script>
<script defer src="//play.pokemonshowdown.com/js/battle-tooltips.js?0.6536193500708172"></script>
<script defer src="//play.pokemonshowdown.com/js/battle.js?0.1916591943277901"></script>

<script defer src="js/utils.js?e31f9a17"></script>
<script defer src="js/replays-battle.js?7008c182"></script>

<!-- don't scrape this data! just add .json or .log after the URL!
Full API docs: https://github.com/smogon/pokemon-showdown-client/blob/master/WEB-API.md -->
<script type="text/plain" class="log" id="replaylog-smogtours-gen3ou-806120">
|inactive|Battle timer is ON: inactive players will automatically lose when time's up.
|t:|1731456311
|gametype|singles
|player|p1|ThisGuyMuks|265|
|player|p2|Stockings|#advpliii|
|teamsize|p1|6
|teamsize|p2|6
|gen|3
|tier|[Gen 3] OU
|rule|Sleep Clause Mod: Limit one foe put to sleep
|rule|Switch Priority Clause Mod: Faster Pokémon switch first
|rule|Species Clause: Limit one of each Pokémon
|rule|OHKO Clause: OHKO moves are banned
|rule|Evasion Items Clause: Evasion items are banned
|rule|Evasion Moves Clause: Evasion moves are banned
|rule|Endless Battle Clause: Forcing endless battles is banned
|rule|HP Percentage Mod: HP is shown in percentages
|rule|One Boost Passer Clause: Limit one Baton Passer that has a way to boost its stats
|rule|Freeze Clause Mod: Limit one foe frozen
|
|t:|1731456311
|start
|switch|p1a: Flygon|Flygon, F|100/100
|switch|p2a: Shambling Mound|Tyranitar, M|100/100
|-weather|Sandstorm|[from] ability: Sand Stream|[of] p2a: Shambling Mound
|turn|1
|c|☆Stockings|hfhf
|inactive|ThisGuyMuks has 270 seconds left.
|inactive|Stockings has 270 seconds left.
|c|☆ThisGuyMuks|u2
|
|t:|1731456357
|switch|p2a: Gold Dragon|Zapdos|100/100
|move|p1a: Flygon|Earthquake|p2a: Gold Dragon
|-immune|p2a: Gold Dragon
|
|-weather|Sandstorm|[upkeep]
|-damage|p2a: Gold Dragon|94/100|[from] Sandstorm
|-heal|p2a: Gold Dragon|100/100|[from] item: Leftovers
|upkeep
|turn|2
|
|t:|1731456364
|move|p1a: Flygon|Protect|p1a: Flygon
|-singleturn|p1a: Flygon|Protect
|move|p2a: Gold Dragon|Substitute|p2a: Gold Dragon
|-start|p2a: Gold Dragon|Substitute
|-damage|p2a: Gold Dragon|76/100
|
|-weather|Sandstorm|[upkeep]
|-damage|p2a: Gold Dragon|69/100|[from] Sandstorm
|-heal|p2a: Gold Dragon|76/100|[from] item: Leftovers
|upkeep
|turn|3
|
|t:|1731456376
|move|p2a: Gold Dragon|Baton Pass|p2a: Gold Dragon
|
|t:|1731456380
|switch|p2a: Beholder|Metagross|100/100|[from] Baton Pass
|move|p1a: Flygon|Rock Slide|p2a: Beholder
|-resisted|p2a: Beholder
|-crit|p2a: Beholder
|-activate|p2a: Beholder|Substitute|[damage]
|
|-weather|Sandstorm|[upkeep]
|upkeep
|turn|4
|
|t:|1731456393
|move|p1a: Flygon|Protect|p1a: Flygon
|-singleturn|p1a: Flygon|Protect
|move|p2a: Beholder|Meteor Mash|p1a: Flygon
|-activate|p1a: Flygon|Protect
|
|-weather|Sandstorm|[upkeep]
|upkeep
|turn|5
|
|t:|1731456400
|switch|p1a: Skarmory|Skarmory, M|100/100
|move|p2a: Beholder|Meteor Mash|p1a: Skarmory
|-resisted|p1a: Skarmory
|-damage|p1a: Skarmory|80/100
|
|-weather|Sandstorm|[upkeep]
|-heal|p1a: Skarmory|86/100|[from] item: Leftovers
|upkeep
|turn|6
|
|t:|1731456416
|switch|p2a: Mimic|Starmie|100/100
|move|p1a: Skarmory|Spikes|p2a: Mimic
|-sidestart|p2: Stockings|Spikes
|
|-weather|Sandstorm|[upkeep]
|-damage|p2a: Mimic|94/100|[from] Sandstorm
|-heal|p2a: Mimic|100/100|[from] item: Leftovers
|-heal|p1a: Skarmory|92/100|[from] item: Leftovers
|upkeep
|turn|7
|
|t:|1731456433
|move|p2a: Mimic|Rapid Spin|p1a: Skarmory
|-resisted|p1a: Skarmory
|-damage|p1a: Skarmory|91/100
|-sideend|p2: Stockings|Spikes|[from] move: Rapid Spin|[of] p2a: Mimic
|move|p1a: Skarmory|Toxic|p2a: Mimic
|-status|p2a: Mimic|tox
|
|-weather|Sandstorm|[upkeep]
|-damage|p2a: Mimic|94/100 tox|[from] Sandstorm
|-heal|p2a: Mimic|100/100 tox|[from] item: Leftovers
|-damage|p2a: Mimic|94/100 tox|[from] psn
|-heal|p1a: Skarmory|97/100|[from] item: Leftovers
|upkeep
|turn|8
|
|t:|1731456451
|move|p2a: Mimic|Thunderbolt|p1a: Skarmory
|-supereffective|p1a: Skarmory
|-damage|p1a: Skarmory|47/100
|move|p1a: Skarmory|Spikes|p2a: Mimic
|-sidestart|p2: Stockings|Spikes
|
|-weather|Sandstorm|[upkeep]
|-damage|p2a: Mimic|88/100 tox|[from] Sandstorm
|-heal|p2a: Mimic|94/100 tox|[from] item: Leftovers
|-damage|p2a: Mimic|82/100 tox|[from] psn
|-heal|p1a: Skarmory|53/100|[from] item: Leftovers
|upkeep
|turn|9
|inactive|ThisGuyMuks has 270 seconds left.
|
|t:|1731456487
|-curestatus|p2a: Mimic|tox|[from] ability: Natural Cure
|switch|p2a: Gold Dragon|Zapdos|76/100
|switch|p1a: Zapdos|Zapdos|100/100
|
|-weather|Sandstorm|[upkeep]
|-damage|p2a: Gold Dragon|69/100|[from] Sandstorm
|-damage|p1a: Zapdos|94/100|[from] Sandstorm
|-heal|p2a: Gold Dragon|76/100|[from] item: Leftovers
|-heal|p1a: Zapdos|100/100|[from] item: Leftovers
|upkeep
|turn|10
|
|t:|1731456499
|move|p2a: Gold Dragon|Baton Pass|p2a: Gold Dragon
|
|t:|1731456506
|switch|p2a: Mind Flayer|Celebi|100/100|[from] Baton Pass
|-damage|p2a: Mind Flayer|88/100|[from] Spikes
|move|p1a: Zapdos|Thunderbolt|p2a: Mind Flayer
|-resisted|p2a: Mind Flayer
|-damage|p2a: Mind Flayer|71/100
|
|-weather|Sandstorm|[upkeep]
|-damage|p2a: Mind Flayer|64/100|[from] Sandstorm
|-damage|p1a: Zapdos|94/100|[from] Sandstorm
|-heal|p2a: Mind Flayer|71/100|[from] item: Leftovers
|-heal|p1a: Zapdos|100/100|[from] item: Leftovers
|upkeep
|turn|11
|
|t:|1731456520
|switch|p2a: Beholder|Metagross|100/100
|-damage|p2a: Beholder|88/100|[from] Spikes
|move|p1a: Zapdos|Toxic|p2a: Beholder|[miss]
|-miss|p1a: Zapdos|p2a: Beholder
|
|-weather|Sandstorm|[upkeep]
|-damage|p1a: Zapdos|94/100|[from] Sandstorm
|-heal|p1a: Zapdos|100/100|[from] item: Leftovers
|-heal|p2a: Beholder|94/100|[from] item: Leftovers
|upkeep
|turn|12
|
|t:|1731456538
|switch|p2a: Gold Dragon|Zapdos|76/100
|move|p1a: Zapdos|Substitute|p1a: Zapdos
|-start|p1a: Zapdos|Substitute
|-damage|p1a: Zapdos|75/100
|
|-weather|Sandstorm|[upkeep]
|-damage|p2a: Gold Dragon|69/100|[from] Sandstorm
|-damage|p1a: Zapdos|69/100|[from] Sandstorm
|-heal|p2a: Gold Dragon|76/100|[from] item: Leftovers
|-heal|p1a: Zapdos|75/100|[from] item: Leftovers
|upkeep
|turn|13
|
|t:|1731456547
|move|p2a: Gold Dragon|Thunderbolt|p1a: Zapdos
|-end|p1a: Zapdos|Substitute
|move|p1a: Zapdos|Thunderbolt|p2a: Gold Dragon
|-damage|p2a: Gold Dragon|31/100
|
|-weather|Sandstorm|[upkeep]
|-damage|p2a: Gold Dragon|24/100|[from] Sandstorm
|-damage|p1a: Zapdos|69/100|[from] Sandstorm
|-heal|p2a: Gold Dragon|31/100|[from] item: Leftovers
|-heal|p1a: Zapdos|75/100|[from] item: Leftovers
|upkeep
|turn|14
|
|t:|1731456565
|move|p2a: Gold Dragon|Baton Pass|p2a: Gold Dragon
|
|t:|1731456568
|switch|p2a: Mind Flayer|Celebi|71/100|[from] Baton Pass
|-damage|p2a: Mind Flayer|58/100|[from] Spikes
|move|p1a: Zapdos|Toxic|p2a: Mind Flayer
|-status|p2a: Mind Flayer|tox
|
|-weather|Sandstorm|[upkeep]
|-damage|p2a: Mind Flayer|52/100 tox|[from] Sandstorm
|-damage|p1a: Zapdos|69/100|[from] Sandstorm
|-heal|p2a: Mind Flayer|58/100 tox|[from] item: Leftovers
|-damage|p2a: Mind Flayer|52/100 tox|[from] psn
|-heal|p1a: Zapdos|75/100|[from] item: Leftovers
|upkeep
|turn|15
|
|t:|1731456578
|move|p2a: Mind Flayer|Calm Mind|p2a: Mind Flayer
|-boost|p2a: Mind Flayer|spa|1
|-boost|p2a: Mind Flayer|spd|1
|move|p1a: Zapdos|Thunderbolt|p2a: Mind Flayer
|-resisted|p2a: Mind Flayer
|-damage|p2a: Mind Flayer|40/100 tox
|
|-weather|Sandstorm|[upkeep]
|-damage|p2a: Mind Flayer|34/100 tox|[from] Sandstorm
|-damage|p1a: Zapdos|69/100|[from] Sandstorm
|-heal|p2a: Mind Flayer|40/100 tox|[from] item: Leftovers
|-damage|p2a: Mind Flayer|28/100 tox|[from] psn
|-heal|p1a: Zapdos|75/100|[from] item: Leftovers
|upkeep
|turn|16
|
|t:|1731456585
|move|p2a: Mind Flayer|Baton Pass|p2a: Mind Flayer
|
|t:|1731456587
|-curestatus|p2a: Mind Flayer|tox|[from] ability: Natural Cure
|switch|p2a: Shambling Mound|Tyranitar, M|100/100|[from] Baton Pass
|-damage|p2a: Shambling Mound|88/100|[from] Spikes
|move|p1a: Zapdos|Substitute|p1a: Zapdos
|-start|p1a: Zapdos|Substitute
|-damage|p1a: Zapdos|50/100
|
|-weather|Sandstorm|[upkeep]
|-damage|p1a: Zapdos|44/100|[from] Sandstorm
|-heal|p1a: Zapdos|50/100|[from] item: Leftovers
|-heal|p2a: Shambling Mound|94/100|[from] item: Leftovers
|upkeep
|turn|17
|
|t:|1731456597
|move|p1a: Zapdos|Toxic|p2a: Shambling Mound
|-status|p2a: Shambling Mound|tox
|move|p2a: Shambling Mound|Crunch|p1a: Zapdos
|-end|p1a: Zapdos|Substitute
|
|-weather|Sandstorm|[upkeep]
|-damage|p1a: Zapdos|44/100|[from] Sandstorm
|-heal|p1a: Zapdos|50/100|[from] item: Leftovers
|-heal|p2a: Shambling Mound|100/100 tox|[from] item: Leftovers
|-damage|p2a: Shambling Mound|94/100 tox|[from] psn
|upkeep
|turn|18
|inactive|ThisGuyMuks has 270 seconds left.
|inactive|ThisGuyMuks has 240 seconds left.
|
|t:|1731456664
|move|p1a: Zapdos|Thunderbolt|p2a: Shambling Mound
|-damage|p2a: Shambling Mound|70/100 tox
|move|p2a: Shambling Mound|Crunch|p1a: Zapdos
|-crit|p1a: Zapdos
|-damage|p1a: Zapdos|0 fnt
|faint|p1a: Zapdos
|inactive|ThisGuyMuks has 210 seconds left.
|inactive|ThisGuyMuks has 180 seconds left.
|
|t:|1731456734
|switch|p1a: Blissey|Blissey, F|100/100
|
|-weather|Sandstorm|[upkeep]
|-damage|p1a: Blissey|94/100|[from] Sandstorm
|-heal|p2a: Shambling Mound|76/100 tox|[from] item: Leftovers
|-damage|p2a: Shambling Mound|64/100 tox|[from] psn
|-heal|p1a: Blissey|100/100|[from] item: Leftovers
|upkeep
|turn|19
|
|t:|1731456746
|move|p2a: Shambling Mound|Brick Break|p1a: Blissey
|-supereffective|p1a: Blissey
|-damage|p1a: Blissey|58/100
|move|p1a: Blissey|Seismic Toss|p2a: Shambling Mound
|-damage|p2a: Shambling Mound|38/100 tox
|
|-weather|Sandstorm|[upkeep]
|-damage|p1a: Blissey|52/100|[from] Sandstorm
|-heal|p2a: Shambling Mound|44/100 tox|[from] item: Leftovers
|-damage|p2a: Shambling Mound|25/100 tox|[from] psn
|-heal|p1a: Blissey|58/100|[from] item: Leftovers
|upkeep
|turn|20
|
|t:|1731456756
|switch|p2a: Beholder|Metagross|94/100
|-damage|p2a: Beholder|82/100|[from] Spikes
|move|p1a: Blissey|Soft-Boiled|p1a: Blissey
|-heal|p1a: Blissey|100/100
|
|-weather|Sandstorm|[upkeep]
|-damage|p1a: Blissey|94/100|[from] Sandstorm
|-heal|p2a: Beholder|88/100|[from] item: Leftovers
|-heal|p1a: Blissey|100/100|[from] item: Leftovers
|upkeep
|turn|21
|
|t:|1731456766
|switch|p1a: Skarmory|Skarmory, M|53/100
|move|p2a: Beholder|Meteor Mash|p1a: Skarmory|[miss]
|-miss|p2a: Beholder|p1a: Skarmory
|
|-weather|Sandstorm|[upkeep]
|-heal|p2a: Beholder|94/100|[from] item: Leftovers
|-heal|p1a: Skarmory|59/100|[from] item: Leftovers
|upkeep
|turn|22
|
|t:|1731456777
|switch|p2a: Gold Dragon|Zapdos|31/100
|move|p1a: Skarmory|Spikes|p2a: Gold Dragon
|-sidestart|p2: Stockings|Spikes
|
|-weather|Sandstorm|[upkeep]
|-damage|p2a: Gold Dragon|24/100|[from] Sandstorm
|-heal|p2a: Gold Dragon|31/100|[from] item: Leftovers
|-heal|p1a: Skarmory|65/100|[from] item: Leftovers
|upkeep
|turn|23
|
|t:|1731456785
|move|p1a: Skarmory|Protect|p1a: Skarmory
|-singleturn|p1a: Skarmory|Protect
|move|p2a: Gold Dragon|Thunderbolt|p1a: Skarmory
|-activate|p1a: Skarmory|Protect
|
|-weather|Sandstorm|[upkeep]
|-damage|p2a: Gold Dragon|24/100|[from] Sandstorm
|-heal|p2a: Gold Dragon|31/100|[from] item: Leftovers
|-heal|p1a: Skarmory|71/100|[from] item: Leftovers
|upkeep
|turn|24
|
|t:|1731456794
|switch|p1a: Blissey|Blissey, F|100/100
|move|p2a: Gold Dragon|Baton Pass|p2a: Gold Dragon
|
|t:|1731456799
|switch|p2a: Beholder|Metagross|94/100|[from] Baton Pass
|-damage|p2a: Beholder|78/100|[from] Spikes
|
|-weather|Sandstorm|[upkeep]
|-damage|p1a: Blissey|94/100|[from] Sandstorm
|-heal|p2a: Beholder|84/100|[from] item: Leftovers
|-heal|p1a: Blissey|100/100|[from] item: Leftovers
|upkeep
|turn|25
|
|t:|1731456804
|switch|p1a: Skarmory|Skarmory, M|71/100
|move|p2a: Beholder|Meteor Mash|p1a: Skarmory|[miss]
|-miss|p2a: Beholder|p1a: Skarmory
|
|-weather|Sandstorm|[upkeep]
|-heal|p2a: Beholder|90/100|[from] item: Leftovers
|-heal|p1a: Skarmory|77/100|[from] item: Leftovers
|upkeep
|turn|26
|
|t:|1731456819
|move|p1a: Skarmory|Protect|p1a: Skarmory
|-singleturn|p1a: Skarmory|Protect
|move|p2a: Beholder|Meteor Mash|p1a: Skarmory
|-activate|p1a: Skarmory|Protect
|
|-weather|Sandstorm|[upkeep]
|-heal|p2a: Beholder|96/100|[from] item: Leftovers
|-heal|p1a: Skarmory|83/100|[from] item: Leftovers
|upkeep
|turn|27
|
|t:|1731456829
|switch|p2a: Mimic|Starmie|82/100
|-damage|p2a: Mimic|66/100|[from] Spikes
|move|p1a: Skarmory|Spikes|p2a: Mimic
|-sidestart|p2: Stockings|Spikes
|
|-weather|Sandstorm|[upkeep]
|-damage|p2a: Mimic|60/100|[from] Sandstorm
|-heal|p2a: Mimic|66/100|[from] item: Leftovers
|-heal|p1a: Skarmory|89/100|[from] item: Leftovers
|upkeep
|turn|28
|
|t:|1731456846
|switch|p1a: Misdreavus|Misdreavus, M|100/100
|move|p2a: Mimic|Thunderbolt|p1a: Misdreavus
|-crit|p1a: Misdreavus
|-damage|p1a: Misdreavus|53/100
|-status|p1a: Misdreavus|par
|
|-weather|Sandstorm|[upkeep]
|-damage|p2a: Mimic|60/100|[from] Sandstorm
|-damage|p1a: Misdreavus|47/100 par|[from] Sandstorm
|-heal|p2a: Mimic|66/100|[from] item: Leftovers
|-heal|p1a: Misdreavus|53/100 par|[from] item: Leftovers
|upkeep
|turn|29
|
|t:|1731456857
|move|p2a: Mimic|Surf|p1a: Misdreavus
|-damage|p1a: Misdreavus|18/100 par
|move|p1a: Misdreavus|Thunder Wave|p2a: Mimic
|-status|p2a: Mimic|par
|
|-weather|Sandstorm|[upkeep]
|-damage|p2a: Mimic|60/100 par|[from] Sandstorm
|-damage|p1a: Misdreavus|12/100 par|[from] Sandstorm
|-heal|p2a: Mimic|66/100 par|[from] item: Leftovers
|-heal|p1a: Misdreavus|18/100 par|[from] item: Leftovers
|upkeep
|turn|30
|inactive|ThisGuyMuks has 210 seconds left.
|
|t:|1731456912
|switch|p1a: Blissey|Blissey, F|100/100
|move|p2a: Mimic|Rapid Spin|p1a: Blissey
|-damage|p1a: Blissey|98/100
|-sideend|p2: Stockings|Spikes|[from] move: Rapid Spin|[of] p2a: Mimic
|
|-weather|Sandstorm|[upkeep]
|-damage|p1a: Blissey|91/100|[from] Sandstorm
|-damage|p2a: Mimic|60/100 par|[from] Sandstorm
|-heal|p1a: Blissey|98/100|[from] item: Leftovers
|-heal|p2a: Mimic|66/100 par|[from] item: Leftovers
|upkeep
|turn|31
|
|t:|1731456927
|-curestatus|p2a: Mimic|par|[from] ability: Natural Cure
|switch|p2a: Mind Flayer|Celebi|28/100
|move|p1a: Blissey|Seismic Toss|p2a: Mind Flayer
|-damage|p2a: Mind Flayer|2/100
|
|-weather|Sandstorm|[upkeep]
|-damage|p2a: Mind Flayer|0 fnt|[from] Sandstorm
|-damage|p1a: Blissey|91/100|[from] Sandstorm
|faint|p2a: Mind Flayer
|-heal|p1a: Blissey|98/100|[from] item: Leftovers
|upkeep
|
|t:|1731456930
|switch|p2a: Beholder|Metagross|96/100
|turn|32
|
|t:|1731456939
|switch|p1a: Skarmory|Skarmory, M|89/100
|move|p2a: Beholder|Meteor Mash|p1a: Skarmory
|-resisted|p1a: Skarmory
|-damage|p1a: Skarmory|66/100
|
|-weather|Sandstorm|[upkeep]
|-heal|p2a: Beholder|100/100|[from] item: Leftovers
|-heal|p1a: Skarmory|72/100|[from] item: Leftovers
|upkeep
|turn|33
|
|t:|1731456945
|switch|p2a: Mimic|Starmie|66/100
|move|p1a: Skarmory|Spikes|p2a: Mimic
|-sidestart|p2: Stockings|Spikes
|
|-weather|Sandstorm|[upkeep]
|-damage|p2a: Mimic|60/100|[from] Sandstorm
|-heal|p2a: Mimic|66/100|[from] item: Leftovers
|-heal|p1a: Skarmory|78/100|[from] item: Leftovers
|upkeep
|turn|34
|
|t:|1731456953
|move|p1a: Skarmory|Protect|p1a: Skarmory
|-singleturn|p1a: Skarmory|Protect
|move|p2a: Mimic|Thunderbolt|p1a: Skarmory
|-activate|p1a: Skarmory|Protect
|
|-weather|Sandstorm|[upkeep]
|-damage|p2a: Mimic|60/100|[from] Sandstorm
|-heal|p2a: Mimic|66/100|[from] item: Leftovers
|-heal|p1a: Skarmory|84/100|[from] item: Leftovers
|upkeep
|turn|35
|
|t:|1731456964
|move|p2a: Mimic|Surf|p1a: Skarmory
|-damage|p1a: Skarmory|49/100
|move|p1a: Skarmory|Toxic|p2a: Mimic
|-status|p2a: Mimic|tox
|
|-weather|Sandstorm|[upkeep]
|-damage|p2a: Mimic|60/100 tox|[from] Sandstorm
|-heal|p2a: Mimic|66/100 tox|[from] item: Leftovers
|-damage|p2a: Mimic|60/100 tox|[from] psn
|-heal|p1a: Skarmory|55/100|[from] item: Leftovers
|upkeep
|turn|36
|inactive|ThisGuyMuks has 240 seconds left.
|inactive|ThisGuyMuks has 210 seconds left.
|
|t:|1731457002
|-curestatus|p2a: Mimic|tox|[from] ability: Natural Cure
|switch|p2a: Gold Dragon|Zapdos|31/100
|move|p1a: Skarmory|Spikes|p2a: Gold Dragon
|-sidestart|p2: Stockings|Spikes
|
|-weather|Sandstorm|[upkeep]
|-damage|p2a: Gold Dragon|24/100|[from] Sandstorm
|-heal|p2a: Gold Dragon|31/100|[from] item: Leftovers
|-heal|p1a: Skarmory|61/100|[from] item: Leftovers
|upkeep
|turn|37
|
|t:|1731457016
|move|p1a: Skarmory|Protect|p1a: Skarmory
|-singleturn|p1a: Skarmory|Protect
|move|p2a: Gold Dragon|Thunderbolt|p1a: Skarmory
|-activate|p1a: Skarmory|Protect
|
|-weather|Sandstorm|[upkeep]
|-damage|p2a: Gold Dragon|24/100|[from] Sandstorm
|-heal|p2a: Gold Dragon|31/100|[from] item: Leftovers
|-heal|p1a: Skarmory|67/100|[from] item: Leftovers
|upkeep
|turn|38
|
|t:|1731457023
|switch|p1a: Blissey|Blissey, F|98/100
|move|p2a: Gold Dragon|Thunderbolt|p1a: Blissey
|-damage|p1a: Blissey|77/100
|
|-weather|Sandstorm|[upkeep]
|-damage|p2a: Gold Dragon|24/100|[from] Sandstorm
|-damage|p1a: Blissey|71/100|[from] Sandstorm
|-heal|p2a: Gold Dragon|31/100|[from] item: Leftovers
|-heal|p1a: Blissey|77/100|[from] item: Leftovers
|upkeep
|turn|39
|
|t:|1731457036
|switch|p2a: Rust Monster|Skarmory, M|100/100
|move|p1a: Blissey|Wish|p1a: Blissey
|
|-weather|Sandstorm|[upkeep]
|-damage|p1a: Blissey|71/100|[from] Sandstorm
|-heal|p1a: Blissey|77/100|[from] item: Leftovers
|upkeep
|turn|40
|
|t:|1731457061
|move|p2a: Rust Monster|Hidden Power|p1a: Blissey
|-damage|p1a: Blissey|57/100
|move|p1a: Blissey|Seismic Toss|p2a: Rust Monster
|-damage|p2a: Rust Monster|71/100
|
|-heal|p1a: Blissey|100/100|[from] move: Wish|[wisher] Blissey
|-weather|Sandstorm|[upkeep]
|-damage|p1a: Blissey|94/100|[from] Sandstorm
|-heal|p2a: Rust Monster|77/100|[from] item: Leftovers
|-heal|p1a: Blissey|100/100|[from] item: Leftovers
|upkeep
|turn|41
|
|t:|1731457068
|move|p2a: Rust Monster|Spikes|p1a: Blissey
|-sidestart|p1: ThisGuyMuks|Spikes
|move|p1a: Blissey|Seismic Toss|p2a: Rust Monster
|-damage|p2a: Rust Monster|47/100
|
|-weather|Sandstorm|[upkeep]
|-damage|p1a: Blissey|94/100|[from] Sandstorm
|-heal|p2a: Rust Monster|53/100|[from] item: Leftovers
|-heal|p1a: Blissey|100/100|[from] item: Leftovers
|upkeep
|turn|42
|
|t:|1731457080
|switch|p2a: Shambling Mound|Tyranitar, M|25/100 tox
|-damage|p2a: Shambling Mound|9/100 tox|[from] Spikes
|move|p1a: Blissey|Seismic Toss|p2a: Shambling Mound
|-damage|p2a: Shambling Mound|0 fnt
|faint|p2a: Shambling Mound
|
|t:|1731457085
|switch|p2a: Beholder|Metagross|100/100
|-damage|p2a: Beholder|84/100|[from] Spikes
|
|-weather|Sandstorm|[upkeep]
|-damage|p1a: Blissey|94/100|[from] Sandstorm
|-heal|p2a: Beholder|90/100|[from] item: Leftovers
|-heal|p1a: Blissey|100/100|[from] item: Leftovers
|upkeep
|turn|43
|
|t:|1731457089
|switch|p1a: Skarmory|Skarmory, M|67/100
|move|p2a: Beholder|Meteor Mash|p1a: Skarmory
|-resisted|p1a: Skarmory
|-damage|p1a: Skarmory|45/100
|
|-weather|Sandstorm|[upkeep]
|-heal|p2a: Beholder|96/100|[from] item: Leftovers
|-heal|p1a: Skarmory|51/100|[from] item: Leftovers
|upkeep
|turn|44
|
|t:|1731457096
|move|p2a: Beholder|Meteor Mash|p1a: Skarmory|[miss]
|-miss|p2a: Beholder|p1a: Skarmory
|move|p1a: Skarmory|Spikes|p2a: Beholder
|-sidestart|p2: Stockings|Spikes
|
|-weather|Sandstorm|[upkeep]
|-heal|p2a: Beholder|100/100|[from] item: Leftovers
|-heal|p1a: Skarmory|57/100|[from] item: Leftovers
|upkeep
|turn|45
|
|t:|1731457101
|move|p1a: Skarmory|Protect|p1a: Skarmory
|-singleturn|p1a: Skarmory|Protect
|move|p2a: Beholder|Meteor Mash|p1a: Skarmory
|-activate|p1a: Skarmory|Protect
|
|-weather|Sandstorm|[upkeep]
|-heal|p1a: Skarmory|63/100|[from] item: Leftovers
|upkeep
|turn|46
|
|t:|1731457109
|move|p2a: Beholder|Meteor Mash|p1a: Skarmory
|-resisted|p1a: Skarmory
|-damage|p1a: Skarmory|43/100
|move|p1a: Skarmory|Roar|p2a: Beholder
|drag|p2a: Mimic|Starmie|60/100
|-damage|p2a: Mimic|35/100|[from] Spikes
|
|-weather|Sandstorm|[upkeep]
|-damage|p2a: Mimic|29/100|[from] Sandstorm
|-heal|p2a: Mimic|35/100|[from] item: Leftovers
|-heal|p1a: Skarmory|49/100|[from] item: Leftovers
|upkeep
|turn|47
|inactive|ThisGuyMuks has 270 seconds left.
|
|t:|1731457119
|move|p1a: Skarmory|Protect|p1a: Skarmory
|-singleturn|p1a: Skarmory|Protect
|move|p2a: Mimic|Rapid Spin|p1a: Skarmory
|-activate|p1a: Skarmory|Protect
|
|-weather|Sandstorm|[upkeep]
|-damage|p2a: Mimic|29/100|[from] Sandstorm
|-heal|p2a: Mimic|35/100|[from] item: Leftovers
|-heal|p1a: Skarmory|55/100|[from] item: Leftovers
|upkeep
|turn|48
|inactive|ThisGuyMuks has 270 seconds left.
|
|t:|1731457140
|switch|p1a: Misdreavus|Misdreavus, M|18/100 par
|move|p2a: Mimic|Thunderbolt|p1a: Misdreavus
|-damage|p1a: Misdreavus|0 fnt
|faint|p1a: Misdreavus
|
|t:|1731457151
|switch|p1a: Raikou|Raikou|100/100
|-damage|p1a: Raikou|88/100|[from] Spikes
|
|-weather|Sandstorm|[upkeep]
|-damage|p1a: Raikou|82/100|[from] Sandstorm
|-damage|p2a: Mimic|29/100|[from] Sandstorm
|-heal|p1a: Raikou|88/100|[from] item: Leftovers
|-heal|p2a: Mimic|35/100|[from] item: Leftovers
|upkeep
|turn|49
|inactive|Stockings has 270 seconds left.
|inactive|ThisGuyMuks has 240 seconds left.
|
|t:|1731457199
|move|p2a: Mimic|Rapid Spin|p1a: Raikou
|-damage|p1a: Raikou|84/100
|-sideend|p2: Stockings|Spikes|[from] move: Rapid Spin|[of] p2a: Mimic
|move|p1a: Raikou|Thunderbolt|p2a: Mimic
|-supereffective|p2a: Mimic
|-damage|p2a: Mimic|0 fnt
|faint|p2a: Mimic
|
|t:|1731457206
|switch|p2a: Beholder|Metagross|100/100
|
|-weather|Sandstorm|[upkeep]
|-damage|p1a: Raikou|78/100|[from] Sandstorm
|-heal|p1a: Raikou|84/100|[from] item: Leftovers
|upkeep
|turn|50
|inactive|ThisGuyMuks has 240 seconds left.
|inactive|Stockings has 270 seconds left.
|
|t:|1731457222
|switch|p1a: Skarmory|Skarmory, M|55/100
|move|p2a: Beholder|Meteor Mash|p1a: Skarmory
|-resisted|p1a: Skarmory
|-damage|p1a: Skarmory|34/100
|
|-weather|Sandstorm|[upkeep]
|-heal|p1a: Skarmory|40/100|[from] item: Leftovers
|upkeep
|turn|51
|
|t:|1731457229
|move|p1a: Skarmory|Protect|p1a: Skarmory
|-singleturn|p1a: Skarmory|Protect
|move|p2a: Beholder|Rock Slide|p1a: Skarmory
|-activate|p1a: Skarmory|Protect
|
|-weather|Sandstorm|[upkeep]
|-heal|p1a: Skarmory|46/100|[from] item: Leftovers
|upkeep
|turn|52
|
|t:|1731457235
|move|p2a: Beholder|Rock Slide|p1a: Skarmory|[miss]
|-miss|p2a: Beholder|p1a: Skarmory
|move|p1a: Skarmory|Spikes|p2a: Beholder
|-sidestart|p2: Stockings|Spikes
|
|-weather|Sandstorm|[upkeep]
|-heal|p1a: Skarmory|52/100|[from] item: Leftovers
|upkeep
|turn|53
|
|t:|1731457242
|move|p1a: Skarmory|Protect|p1a: Skarmory
|-singleturn|p1a: Skarmory|Protect
|move|p2a: Beholder|Agility|p2a: Beholder
|-boost|p2a: Beholder|spe|2
|
|-weather|Sandstorm|[upkeep]
|-heal|p1a: Skarmory|58/100|[from] item: Leftovers
|upkeep
|turn|54
|
|t:|1731457250
|move|p2a: Beholder|Rock Slide|p1a: Skarmory
|-damage|p1a: Skarmory|38/100
|move|p1a: Skarmory|Spikes|p2a: Beholder
|-sidestart|p2: Stockings|Spikes
|
|-weather|Sandstorm|[upkeep]
|-heal|p1a: Skarmory|44/100|[from] item: Leftovers
|upkeep
|turn|55
|
|t:|1731457263
|move|p1a: Skarmory|Protect|p1a: Skarmory
|-singleturn|p1a: Skarmory|Protect
|move|p2a: Beholder|Rock Slide|p1a: Skarmory
|-activate|p1a: Skarmory|Protect
|
|-weather|Sandstorm|[upkeep]
|-heal|p1a: Skarmory|50/100|[from] item: Leftovers
|upkeep
|turn|56
|
|t:|1731457270
|move|p2a: Beholder|Rock Slide|p1a: Skarmory
|-damage|p1a: Skarmory|29/100
|move|p1a: Skarmory|Roar|p2a: Beholder
|drag|p2a: Gold Dragon|Zapdos|31/100
|
|-weather|Sandstorm|[upkeep]
|-damage|p2a: Gold Dragon|24/100|[from] Sandstorm
|-heal|p2a: Gold Dragon|31/100|[from] item: Leftovers
|-heal|p1a: Skarmory|35/100|[from] item: Leftovers
|upkeep
|turn|57
|
|t:|1731457283
|switch|p2a: Beholder|Metagross|100/100
|-damage|p2a: Beholder|84/100|[from] Spikes
|move|p1a: Skarmory|Protect||[still]
|-fail|p1a: Skarmory
|
|-weather|Sandstorm|[upkeep]
|-heal|p2a: Beholder|90/100|[from] item: Leftovers
|-heal|p1a: Skarmory|41/100|[from] item: Leftovers
|upkeep
|turn|58
|
|t:|1731457290
|move|p1a: Skarmory|Protect|p1a: Skarmory
|-singleturn|p1a: Skarmory|Protect
|move|p2a: Beholder|Agility|p2a: Beholder
|-boost|p2a: Beholder|spe|2
|
|-weather|Sandstorm|[upkeep]
|-heal|p2a: Beholder|96/100|[from] item: Leftovers
|-heal|p1a: Skarmory|47/100|[from] item: Leftovers
|upkeep
|turn|59
|
|t:|1731457296
|move|p2a: Beholder|Rock Slide|p1a: Skarmory
|-damage|p1a: Skarmory|25/100
|cant|p1a: Skarmory|flinch
|
|-weather|Sandstorm|[upkeep]
|-heal|p2a: Beholder|100/100|[from] item: Leftovers
|-heal|p1a: Skarmory|31/100|[from] item: Leftovers
|upkeep
|turn|60
|
|t:|1731457306
|move|p1a: Skarmory|Protect|p1a: Skarmory
|-singleturn|p1a: Skarmory|Protect
|move|p2a: Beholder|Rock Slide|p1a: Skarmory
|-activate|p1a: Skarmory|Protect
|
|-weather|Sandstorm|[upkeep]
|-heal|p1a: Skarmory|37/100|[from] item: Leftovers
|upkeep
|turn|61
|
|t:|1731457310
|switch|p1a: Flygon|Flygon, F|100/100
|move|p2a: Beholder|Rock Slide|p1a: Flygon
|-resisted|p1a: Flygon
|-damage|p1a: Flygon|88/100
|
|-weather|Sandstorm|[upkeep]
|-heal|p1a: Flygon|94/100|[from] item: Leftovers
|upkeep
|turn|62
|
|t:|1731457314
|move|p2a: Beholder|Meteor Mash|p1a: Flygon
|-damage|p1a: Flygon|47/100
|move|p1a: Flygon|Earthquake|p2a: Beholder
|-supereffective|p2a: Beholder
|-damage|p2a: Beholder|43/100
|
|-weather|Sandstorm|[upkeep]
|-heal|p2a: Beholder|49/100|[from] item: Leftovers
|-heal|p1a: Flygon|53/100|[from] item: Leftovers
|upkeep
|turn|63
|
|t:|1731457333
|switch|p2a: Rust Monster|Skarmory, M|53/100
|move|p1a: Flygon|Earthquake|p2a: Rust Monster
|-immune|p2a: Rust Monster
|
|-weather|Sandstorm|[upkeep]
|-heal|p1a: Flygon|59/100|[from] item: Leftovers
|-heal|p2a: Rust Monster|59/100|[from] item: Leftovers
|upkeep
|turn|64
|
|t:|1731457345
|switch|p1a: Skarmory|Skarmory, M|37/100
|move|p2a: Rust Monster|Spikes|p1a: Skarmory
|-sidestart|p1: ThisGuyMuks|Spikes
|
|-weather|Sandstorm|[upkeep]
|-heal|p1a: Skarmory|43/100|[from] item: Leftovers
|-heal|p2a: Rust Monster|65/100|[from] item: Leftovers
|upkeep
|turn|65
|inactive|Stockings has 270 seconds left.
|
|t:|1731457372
|switch|p2a: Beholder|Metagross|49/100
|-damage|p2a: Beholder|33/100|[from] Spikes
|move|p1a: Skarmory|Spikes|p2a: Beholder
|-sidestart|p2: Stockings|Spikes
|
|-weather|Sandstorm|[upkeep]
|-heal|p2a: Beholder|39/100|[from] item: Leftovers
|-heal|p1a: Skarmory|49/100|[from] item: Leftovers
|upkeep
|turn|66
|
|t:|1731457378
|move|p1a: Skarmory|Protect|p1a: Skarmory
|-singleturn|p1a: Skarmory|Protect
|move|p2a: Beholder|Rock Slide|p1a: Skarmory
|-activate|p1a: Skarmory|Protect
|
|-weather|Sandstorm|[upkeep]
|-heal|p2a: Beholder|45/100|[from] item: Leftovers
|-heal|p1a: Skarmory|55/100|[from] item: Leftovers
|upkeep
|turn|67
|
|t:|1731457382
|move|p2a: Beholder|Rock Slide|p1a: Skarmory
|-damage|p1a: Skarmory|32/100
|move|p1a: Skarmory|Roar|p2a: Beholder
|drag|p2a: Rust Monster|Skarmory, M|65/100
|
|-weather|Sandstorm|[upkeep]
|-heal|p1a: Skarmory|38/100|[from] item: Leftovers
|-heal|p2a: Rust Monster|71/100|[from] item: Leftovers
|upkeep
|turn|68
|
|t:|1731457397
|move|p1a: Skarmory|Roar|p2a: Rust Monster
|drag|p2a: Gold Dragon|Zapdos|31/100
|
|-weather|Sandstorm|[upkeep]
|-damage|p2a: Gold Dragon|24/100|[from] Sandstorm
|-heal|p2a: Gold Dragon|31/100|[from] item: Leftovers
|-heal|p1a: Skarmory|44/100|[from] item: Leftovers
|upkeep
|turn|69
|inactive|ThisGuyMuks has 270 seconds left.
|
|t:|1731457445
|move|p2a: Gold Dragon|Thunderbolt|p1a: Skarmory
|-supereffective|p1a: Skarmory
|-damage|p1a: Skarmory|0 fnt
|faint|p1a: Skarmory
|
|t:|1731457450
|switch|p1a: Raikou|Raikou|84/100
|-damage|p1a: Raikou|68/100|[from] Spikes
|
|-weather|Sandstorm|[upkeep]
|-damage|p1a: Raikou|62/100|[from] Sandstorm
|-damage|p2a: Gold Dragon|24/100|[from] Sandstorm
|-heal|p1a: Raikou|68/100|[from] item: Leftovers
|-heal|p2a: Gold Dragon|31/100|[from] item: Leftovers
|upkeep
|turn|70
|
|t:|1731457462
|move|p1a: Raikou|Thunderbolt|p2a: Gold Dragon
|-damage|p2a: Gold Dragon|0 fnt
|faint|p2a: Gold Dragon
|
|t:|1731457464
|switch|p2a: Beholder|Metagross|45/100
|-damage|p2a: Beholder|20/100|[from] Spikes
|
|-weather|Sandstorm|[upkeep]
|-damage|p1a: Raikou|62/100|[from] Sandstorm
|-heal|p1a: Raikou|68/100|[from] item: Leftovers
|-heal|p2a: Beholder|26/100|[from] item: Leftovers
|upkeep
|turn|71
|
|t:|1731457469
|move|p1a: Raikou|Thunderbolt|p2a: Beholder
|-damage|p2a: Beholder|0 fnt
|faint|p2a: Beholder
|
|t:|1731457471
|switch|p2a: Rust Monster|Skarmory, M|71/100
|
|-weather|Sandstorm|[upkeep]
|-damage|p1a: Raikou|62/100|[from] Sandstorm
|-heal|p1a: Raikou|68/100|[from] item: Leftovers
|-heal|p2a: Rust Monster|77/100|[from] item: Leftovers
|upkeep
|turn|72
|
|t:|1731457475
|move|p1a: Raikou|Thunderbolt|p2a: Rust Monster
|-supereffective|p2a: Rust Monster
|-crit|p2a: Rust Monster
|-damage|p2a: Rust Monster|0 fnt
|faint|p2a: Rust Monster
|
|win|ThisGuyMuks
|c|☆Stockings|gg
|c|☆ThisGuyMuks|gg

</script>
<script type="application/json" class="data" id="replaydata-smogtours-gen3ou-806120">
{"id":"smogtours-gen3ou-806120","format":"[Gen 3] OU","players":["ThisGuyMuks","Stockings"],"uploadtime":1731457475,"views":44,"formatid":"gen3ou","rating":null,"private":0,"password":null}
</script>

<script defer src="js/replays.js?9d40a366"></script>
