<!DOCTYPE html>
<meta charset="utf-8" />
<meta name="viewport" content="width=device-width" />

<title>[Gen 3] OU: busyboi vs. swope - Replays - Pok&eacute;mon Showdown!</title>

<meta name="description" content="Watch a replay of a Pok&eacute;mon battle between busyboi and swope! Format: [Gen 3] OU; Date: Oct 14, 2024" />
<!--

Hey, you! Looking in the source for the replay log?

You can find them in JSON format, just add `.json` at the end of a replay URL.

https://replay.pokemonshowdown.com/gen7randomdoublesbattle-865046831.json

Or, if you only need the log itself, add `.log` instead:

https://replay.pokemonshowdown.com/gen7randomdoublesbattle-865046831.log

-->

<link rel="stylesheet" href="//pokemonshowdown.com/style/global.css?0.767286132409787" />
<link rel="stylesheet" href="//play.pokemonshowdown.com/style/font-awesome.css?0.9266228007934947" />
<link rel="stylesheet" href="//play.pokemonshowdown.com/style/battle.css?0.7924700842790926" />
<link rel="stylesheet" href="//play.pokemonshowdown.com/style/utilichart.css?0.8777417872839479" />

<!-- Global site tag (gtag.js) - Google Analytics -->
<script async src="https://www.googletagmanager.com/gtag/js?id=UA-26211653-1"></script>
<script>
  window.dataLayer = window.dataLayer || [];
  function gtag(){dataLayer.push(arguments);}
  gtag('js', new Date());

  gtag('config', 'UA-26211653-1');
</script>
<!-- End Google Analytics -->
<!-- Venatus Ad Manager - Install in <HEAD> of page -->
	<script src="https://hb.vntsm.com/v3/live/ad-manager.min.js" type="text/javascript" data-site-id="642aba63ec9a7b11c3c9c1be" data-mode="scan" async></script>
<!-- / Venatus Ad Manager -->

<style>
	@media (max-width:820px) {
		.battle {
			margin: 0 auto;
		}
		.battle-log {
			margin: 7px auto 0;
			max-width: 640px;
			height: 300px;
			position: static;
		}
	}
	.optgroup {
		display: inline-block;
		line-height: 22px;
		font-size: 10pt;
	}
	.optgroup .button {
		height: 25px;
		padding-top: 0;
		padding-bottom: 0;
	}
	.optgroup button.button {
		padding-left: 12px;
		padding-right: 12px;
	}
	.linklist {
		list-style: none;
		margin: 0.5em 0;
		padding: 0;
	}
	.linklist li {
		padding: 2px 0;
	}
	.sidebar {
		float: left;
		width: 320px;
	}
	.bar-wrapper {
		max-width: 1100px;
		margin: 0 auto;
	}
	.bar-wrapper.has-sidebar {
		max-width: 1430px;
	}
	.mainbar {
		margin: 0;
		padding-right: 1px;
	}
	.mainbar.has-sidebar {
		margin-left: 330px;
	}
	@media (min-width: 1511px) {
		.sidebar {
			width: 400px;
		}
		.bar-wrapper.has-sidebar {
			max-width: 1510px;
		}
		.mainbar.has-sidebar {
			margin-left: 410px;
		}
	}
	.section.first-section {
		margin-top: 9px;
	}
	.blocklink small {
		white-space: normal;
	}
	.button {
		vertical-align: middle;
	}
	.replay-controls {
		padding-top: 10px;
	}
	.replay-controls h1 {
		font-size: 16pt;
		font-weight: normal;
		color: #CCC;
	}
	.pagelink {
		text-align: center;
	}
	.pagelink a {
		width: 150px;
	}
	.textbox, .button {
		font-size: 11pt;
		vertical-align: middle;
	}
	@media (max-width: 450px) {
		.button {
			font-size: 9pt;
		}
	}
</style>

<div>

	<header>
		<div class="nav-wrapper"><ul class="nav">
			<li><a class="button nav-first" href="//pokemonshowdown.com/"><img src="//pokemonshowdown.com/images/pokemonshowdownbeta.png" srcset="//pokemonshowdown.com/images/pokemonshowdownbeta.png 1x, //pokemonshowdown.com/images/pokemonshowdownbeta@2x.png 2x" alt="Pok&eacute;mon Showdown" width="146" height="44" /> Home</a></li>
			<li><a class="button" href="//pokemonshowdown.com/dex/">Pok&eacute;dex</a></li>
			<li><a class="button cur" href="/">Replays</a></li>
			<li><a class="button" href="//pokemonshowdown.com/ladder/">Ladder</a></li>
			<li><a class="button nav-last" href="//pokemonshowdown.com/forums/">Forum</a></li>
			<li><a class="button greenbutton nav-first nav-last" href="//play.pokemonshowdown.com/">Play</a></li>
		</ul></div>
	</header>

	<div class="main" id="main">

		<noscript><section class="section">You need to enable JavaScript to use this page; sorry!</section></noscript>

	</div>

</div>

<script defer nomodule src="//play.pokemonshowdown.com/js/lib/ps-polyfill.js"></script>
<script defer src="//play.pokemonshowdown.com/js/lib/preact.min.js"></script>

<script defer src="//play.pokemonshowdown.com/config/config.js?6dec07f6"></script>
<script defer src="//play.pokemonshowdown.com/js/lib/jquery-1.11.0.min.js"></script>
<script defer src="//play.pokemonshowdown.com/js/lib/html-sanitizer-minified.js"></script>
<script defer src="//play.pokemonshowdown.com/js/battle-sound.js"></script>
<script defer src="//play.pokemonshowdown.com/js/battledata.js?0.6315294753075389"></script>
<script defer src="//play.pokemonshowdown.com/data/pokedex-mini.js?0.7603743185311358"></script>
<script defer src="//play.pokemonshowdown.com/data/pokedex-mini-bw.js?0.030888842834281283"></script>
<script defer src="//play.pokemonshowdown.com/data/graphics.js?0.05593094747507488"></script>
<script defer src="//play.pokemonshowdown.com/data/pokedex.js?0.47064822249611904"></script>
<script defer src="//play.pokemonshowdown.com/data/moves.js?0.8583693120512459"></script>
<script defer src="//play.pokemonshowdown.com/data/abilities.js?0.16017181182386842"></script>
<script defer src="//play.pokemonshowdown.com/data/items.js?0.4163379185673943"></script>
<script defer src="//play.pokemonshowdown.com/data/teambuilder-tables.js?0.31075597372830477"></script>
<script defer src="//play.pokemonshowdown.com/js/battle-tooltips.js?0.6536193500708172"></script>
<script defer src="//play.pokemonshowdown.com/js/battle.js?0.1916591943277901"></script>

<script defer src="js/utils.js?e31f9a17"></script>
<script defer src="js/replays-battle.js?7008c182"></script>

<!-- don't scrape this data! just add .json or .log after the URL!
Full API docs: https://github.com/smogon/pokemon-showdown-client/blob/master/WEB-API.md -->
<script type="text/plain" class="log" id="replaylog-smogtours-gen3ou-798818">
|inactive|Battle timer is ON: inactive players will automatically lose when time's up.
|t:|1728946196
|gametype|singles
|player|p1|busyboi|102|
|player|p2|swope|266|
|teamsize|p1|6
|teamsize|p2|6
|gen|3
|tier|[Gen 3] OU
|rule|Sleep Clause Mod: Limit one foe put to sleep
|rule|Switch Priority Clause Mod: Faster Pokémon switch first
|rule|Species Clause: Limit one of each Pokémon
|rule|OHKO Clause: OHKO moves are banned
|rule|Evasion Items Clause: Evasion items are banned
|rule|Evasion Moves Clause: Evasion moves are banned
|rule|Endless Battle Clause: Forcing endless battles is banned
|rule|HP Percentage Mod: HP is shown in percentages
|rule|One Boost Passer Clause: Limit one Baton Passer that has a way to boost its stats
|rule|Freeze Clause Mod: Limit one foe frozen
|
|t:|1728946196
|start
|switch|p1a: Zapdos|Zapdos|100/100
|switch|p2a: Metagross|Metagross|100/100
|turn|1
|
|t:|1728946205
|move|p1a: Zapdos|Substitute|p1a: Zapdos
|-start|p1a: Zapdos|Substitute
|-damage|p1a: Zapdos|76/100
|move|p2a: Metagross|Rock Slide|p1a: Zapdos
|-supereffective|p1a: Zapdos
|-end|p1a: Zapdos|Substitute
|
|-heal|p1a: Zapdos|82/100|[from] item: Leftovers
|upkeep
|turn|2
|
|t:|1728946218
|move|p1a: Zapdos|Baton Pass|p1a: Zapdos
|
|t:|1728946220
|switch|p1a: Hariyama|Hariyama, M|100/100|[from] Baton Pass
|move|p2a: Metagross|Meteor Mash|p1a: Hariyama
|-damage|p1a: Hariyama|49/100
|
|-heal|p1a: Hariyama|56/100|[from] item: Leftovers
|upkeep
|turn|3
|
|t:|1728946241
|switch|p1a: Starmie|Starmie|100/100
|move|p2a: Metagross|Meteor Mash|p1a: Starmie
|-resisted|p1a: Starmie
|-damage|p1a: Starmie|71/100
|
|-heal|p1a: Starmie|77/100|[from] item: Leftovers
|upkeep
|turn|4
|
|t:|1728946258
|switch|p2a: Blissey|Blissey, F|100/100
|move|p1a: Starmie|Thunder Wave|p2a: Blissey
|-status|p2a: Blissey|par
|
|-heal|p1a: Starmie|83/100|[from] item: Leftovers
|upkeep
|turn|5
|
|t:|1728946267
|switch|p1a: Hariyama|Hariyama, M|56/100
|cant|p2a: Blissey|par
|
|-heal|p1a: Hariyama|62/100|[from] item: Leftovers
|upkeep
|turn|6
|
|t:|1728946276
|-singleturn|p1a: Hariyama|move: Focus Punch
|-curestatus|p2a: Blissey|par|[from] ability: Natural Cure
|switch|p2a: Salamence|Salamence, M|100/100
|-ability|p2a: Salamence|Intimidate|boost
|-unboost|p1a: Hariyama|atk|1
|move|p1a: Hariyama|Focus Punch|p2a: Salamence
|-resisted|p2a: Salamence
|-damage|p2a: Salamence|62/100
|
|-heal|p2a: Salamence|68/100|[from] item: Leftovers
|-heal|p1a: Hariyama|68/100|[from] item: Leftovers
|upkeep
|turn|7
|
|t:|1728946292
|switch|p1a: Zapdos|Zapdos|82/100
|move|p2a: Salamence|Dragon Claw|p1a: Zapdos
|-damage|p1a: Zapdos|41/100
|
|-heal|p2a: Salamence|74/100|[from] item: Leftovers
|-heal|p1a: Zapdos|48/100|[from] item: Leftovers
|upkeep
|turn|8
|
|t:|1728946308
|move|p1a: Zapdos|Baton Pass|p1a: Zapdos
|
|t:|1728946318
|switch|p1a: Metagross|Metagross|100/100|[from] Baton Pass
|move|p2a: Salamence|Dragon Claw|p1a: Metagross
|-resisted|p1a: Metagross
|-damage|p1a: Metagross|82/100
|
|-heal|p2a: Salamence|80/100|[from] item: Leftovers
|-heal|p1a: Metagross|88/100|[from] item: Leftovers
|upkeep
|turn|9
|
|t:|1728946328
|move|p1a: Metagross|Protect|p1a: Metagross
|-singleturn|p1a: Metagross|Protect
|move|p2a: Salamence|Fire Blast|p1a: Metagross
|-activate|p1a: Metagross|Protect
|
|-heal|p2a: Salamence|86/100|[from] item: Leftovers
|-heal|p1a: Metagross|94/100|[from] item: Leftovers
|upkeep
|turn|10
|
|t:|1728946337
|switch|p1a: Starmie|Starmie|83/100
|move|p2a: Salamence|Fire Blast|p1a: Starmie
|-resisted|p1a: Starmie
|-damage|p1a: Starmie|59/100
|
|-heal|p1a: Starmie|66/100|[from] item: Leftovers
|-heal|p2a: Salamence|92/100|[from] item: Leftovers
|upkeep
|turn|11
|
|t:|1728946351
|switch|p2a: Blissey|Blissey, F|100/100
|move|p1a: Starmie|Thunder Wave|p2a: Blissey
|-status|p2a: Blissey|par
|
|-heal|p1a: Starmie|72/100|[from] item: Leftovers
|upkeep
|turn|12
|
|t:|1728946369
|switch|p1a: Hariyama|Hariyama, M|68/100
|move|p2a: Blissey|Seismic Toss|p1a: Hariyama
|-damage|p1a: Hariyama|44/100
|
|-heal|p1a: Hariyama|50/100|[from] item: Leftovers
|upkeep
|turn|13
|
|t:|1728946380
|-curestatus|p2a: Blissey|par|[from] ability: Natural Cure
|switch|p2a: Medicham|Medicham, F|100/100
|move|p1a: Hariyama|Brick Break|p2a: Medicham
|-resisted|p2a: Medicham
|-damage|p2a: Medicham|68/100
|
|-heal|p2a: Medicham|74/100|[from] item: Leftovers
|-heal|p1a: Hariyama|56/100|[from] item: Leftovers
|upkeep
|turn|14
|
|t:|1728946392
|switch|p1a: Starmie|Starmie|72/100
|move|p2a: Medicham|Brick Break|p1a: Starmie
|-resisted|p1a: Starmie
|-damage|p1a: Starmie|40/100
|
|-heal|p1a: Starmie|46/100|[from] item: Leftovers
|-heal|p2a: Medicham|80/100|[from] item: Leftovers
|upkeep
|turn|15
|
|t:|1728946400
|move|p1a: Starmie|Recover|p1a: Starmie
|-heal|p1a: Starmie|96/100
|move|p2a: Medicham|Shadow Ball|p1a: Starmie
|-supereffective|p1a: Starmie
|-damage|p1a: Starmie|5/100
|
|-heal|p1a: Starmie|11/100|[from] item: Leftovers
|-heal|p2a: Medicham|86/100|[from] item: Leftovers
|upkeep
|turn|16
|
|t:|1728946410
|move|p1a: Starmie|Surf|p2a: Medicham
|-damage|p2a: Medicham|30/100
|move|p2a: Medicham|Shadow Ball|p1a: Starmie
|-supereffective|p1a: Starmie
|-damage|p1a: Starmie|0 fnt
|faint|p1a: Starmie
|
|t:|1728946419
|switch|p1a: Zapdos|Zapdos|48/100
|
|-heal|p1a: Zapdos|54/100|[from] item: Leftovers
|-heal|p2a: Medicham|36/100|[from] item: Leftovers
|upkeep
|turn|17
|
|t:|1728946424
|move|p1a: Zapdos|Thunderbolt|p2a: Medicham
|-damage|p2a: Medicham|0 fnt
|faint|p2a: Medicham
|
|t:|1728946441
|switch|p2a: Blissey|Blissey, F|100/100
|
|-heal|p1a: Zapdos|60/100|[from] item: Leftovers
|upkeep
|turn|18
|
|t:|1728946447
|move|p1a: Zapdos|Baton Pass|p1a: Zapdos
|
|t:|1728946449
|switch|p1a: Metagross|Metagross|94/100|[from] Baton Pass
|move|p2a: Blissey|Ice Beam|p1a: Metagross
|-resisted|p1a: Metagross
|-damage|p1a: Metagross|83/100
|
|-heal|p1a: Metagross|89/100|[from] item: Leftovers
|upkeep
|turn|19
|
|t:|1728946461
|move|p1a: Metagross|Earthquake|p2a: Blissey
|-damage|p2a: Blissey|67/100
|move|p2a: Blissey|Thunder Wave|p1a: Metagross
|-status|p1a: Metagross|par
|
|-heal|p2a: Blissey|73/100|[from] item: Leftovers
|-heal|p1a: Metagross|95/100 par|[from] item: Leftovers
|upkeep
|turn|20
|
|t:|1728946479
|switch|p2a: Starmie|Starmie|100/100
|cant|p1a: Metagross|par
|
|-heal|p1a: Metagross|100/100 par|[from] item: Leftovers
|upkeep
|turn|21
|
|t:|1728946486
|switch|p1a: Blissey|Blissey, F|100/100
|move|p2a: Starmie|Surf|p1a: Blissey
|-damage|p1a: Blissey|87/100
|
|-heal|p1a: Blissey|93/100|[from] item: Leftovers
|upkeep
|turn|22
|
|t:|1728946498
|move|p2a: Starmie|Thunder Wave|p1a: Blissey
|-status|p1a: Blissey|par
|move|p1a: Blissey|Wish|p1a: Blissey
|
|-heal|p1a: Blissey|99/100 par|[from] item: Leftovers
|upkeep
|turn|23
|
|t:|1728946506
|switch|p2a: Snorlax|Snorlax, F|100/100
|-curestatus|p1a: Blissey|par|[from] ability: Natural Cure
|switch|p1a: Zapdos|Zapdos|60/100
|
|-heal|p1a: Zapdos|100/100|[from] move: Wish|[wisher] Blissey
|upkeep
|turn|24
|
|t:|1728946517
|move|p1a: Zapdos|Baton Pass|p1a: Zapdos
|
|t:|1728946523
|switch|p1a: Hariyama|Hariyama, M|56/100|[from] Baton Pass
|move|p2a: Snorlax|Curse|p2a: Snorlax
|-unboost|p2a: Snorlax|spe|1
|-boost|p2a: Snorlax|atk|1
|-boost|p2a: Snorlax|def|1
|
|-heal|p1a: Hariyama|63/100|[from] item: Leftovers
|upkeep
|turn|25
|
|t:|1728946545
|switch|p2a: Salamence|Salamence, M|92/100
|-ability|p2a: Salamence|Intimidate|boost
|-unboost|p1a: Hariyama|atk|1
|move|p1a: Hariyama|Brick Break|p2a: Salamence
|-resisted|p2a: Salamence
|-damage|p2a: Salamence|75/100
|
|-heal|p2a: Salamence|81/100|[from] item: Leftovers
|-heal|p1a: Hariyama|69/100|[from] item: Leftovers
|upkeep
|turn|26
|
|t:|1728946569
|switch|p1a: Zapdos|Zapdos|100/100
|move|p2a: Salamence|Dragon Claw|p1a: Zapdos
|-damage|p1a: Zapdos|55/100
|
|-heal|p1a: Zapdos|62/100|[from] item: Leftovers
|-heal|p2a: Salamence|87/100|[from] item: Leftovers
|upkeep
|turn|27
|inactive|swope has 270 seconds left.
|
|t:|1728946585
|move|p1a: Zapdos|Hidden Power|p2a: Salamence
|-supereffective|p2a: Salamence
|-damage|p2a: Salamence|0 fnt
|faint|p2a: Salamence
|inactive|swope has 270 seconds left.
|
|t:|1728946600
|switch|p2a: Snorlax|Snorlax, F|100/100
|
|-heal|p1a: Zapdos|68/100|[from] item: Leftovers
|upkeep
|turn|28
|inactive|swope has 270 seconds left.
|
|t:|1728946607
|move|p1a: Zapdos|Baton Pass|p1a: Zapdos
|
|t:|1728946608
|switch|p1a: Hariyama|Hariyama, M|69/100|[from] Baton Pass
|move|p2a: Snorlax|Curse|p2a: Snorlax
|-unboost|p2a: Snorlax|spe|1
|-boost|p2a: Snorlax|atk|1
|-boost|p2a: Snorlax|def|1
|
|-heal|p1a: Hariyama|75/100|[from] item: Leftovers
|upkeep
|turn|29
|
|t:|1728946617
|move|p1a: Hariyama|Brick Break|p2a: Snorlax
|-supereffective|p2a: Snorlax
|-damage|p2a: Snorlax|53/100
|move|p2a: Snorlax|Earthquake|p1a: Hariyama
|-damage|p1a: Hariyama|22/100
|
|-heal|p1a: Hariyama|28/100|[from] item: Leftovers
|-heal|p2a: Snorlax|59/100|[from] item: Leftovers
|upkeep
|turn|30
|
|t:|1728946627
|move|p1a: Hariyama|Brick Break|p2a: Snorlax
|-supereffective|p2a: Snorlax
|-damage|p2a: Snorlax|10/100
|move|p2a: Snorlax|Shadow Ball|p1a: Hariyama
|-damage|p1a: Hariyama|0 fnt
|faint|p1a: Hariyama
|
|t:|1728946654
|switch|p1a: Tyranitar|Tyranitar, M|100/100
|-weather|Sandstorm|[from] ability: Sand Stream|[of] p1a: Tyranitar
|
|-weather|Sandstorm|[upkeep]
|-damage|p2a: Snorlax|4/100|[from] Sandstorm
|-heal|p2a: Snorlax|10/100|[from] item: Leftovers
|upkeep
|turn|31
|
|t:|1728946669
|move|p1a: Tyranitar|Rock Slide|p2a: Snorlax|[miss]
|-miss|p1a: Tyranitar|p2a: Snorlax
|move|p2a: Snorlax|Self-Destruct|p1a: Tyranitar
|-resisted|p1a: Tyranitar
|-damage|p1a: Tyranitar|0 fnt
|faint|p2a: Snorlax
|faint|p1a: Tyranitar
|
|t:|1728946683
|switch|p1a: Metagross|Metagross|100/100 par
|switch|p2a: Metagross|Metagross|100/100
|
|-weather|Sandstorm|[upkeep]
|upkeep
|turn|32
|
|t:|1728946699
|switch|p2a: Starmie|Starmie|100/100
|switch|p1a: Blissey|Blissey, F|99/100
|
|-weather|Sandstorm|[upkeep]
|-damage|p2a: Starmie|94/100|[from] Sandstorm
|-damage|p1a: Blissey|93/100|[from] Sandstorm
|-heal|p2a: Starmie|100/100|[from] item: Leftovers
|-heal|p1a: Blissey|99/100|[from] item: Leftovers
|upkeep
|turn|33
|
|t:|1728946710
|move|p2a: Starmie|Thunder Wave|p1a: Blissey
|-status|p1a: Blissey|par
|move|p1a: Blissey|Wish|p1a: Blissey
|
|-weather|Sandstorm|[upkeep]
|-damage|p2a: Starmie|94/100|[from] Sandstorm
|-damage|p1a: Blissey|93/100 par|[from] Sandstorm
|-heal|p2a: Starmie|100/100|[from] item: Leftovers
|-heal|p1a: Blissey|99/100 par|[from] item: Leftovers
|upkeep
|turn|34
|
|t:|1728946725
|-curestatus|p1a: Blissey|par|[from] ability: Natural Cure
|switch|p1a: Zapdos|Zapdos|68/100
|move|p2a: Starmie|Surf|p1a: Zapdos
|-damage|p1a: Zapdos|25/100
|
|-heal|p1a: Zapdos|75/100|[from] move: Wish|[wisher] Blissey
|-weather|Sandstorm|[upkeep]
|-damage|p1a: Zapdos|69/100|[from] Sandstorm
|-damage|p2a: Starmie|94/100|[from] Sandstorm
|-heal|p1a: Zapdos|75/100|[from] item: Leftovers
|-heal|p2a: Starmie|100/100|[from] item: Leftovers
|upkeep
|turn|35
|
|t:|1728946743
|move|p1a: Zapdos|Substitute|p1a: Zapdos
|-start|p1a: Zapdos|Substitute
|-damage|p1a: Zapdos|50/100
|move|p2a: Starmie|Surf|p1a: Zapdos
|-end|p1a: Zapdos|Substitute
|
|-weather|Sandstorm|[upkeep]
|-damage|p1a: Zapdos|44/100|[from] Sandstorm
|-damage|p2a: Starmie|94/100|[from] Sandstorm
|-heal|p1a: Zapdos|50/100|[from] item: Leftovers
|-heal|p2a: Starmie|100/100|[from] item: Leftovers
|upkeep
|turn|36
|
|t:|1728946755
|move|p1a: Zapdos|Thunderbolt|p2a: Starmie
|-supereffective|p2a: Starmie
|-damage|p2a: Starmie|0 fnt
|faint|p2a: Starmie
|
|t:|1728946765
|switch|p2a: Metagross|Metagross|100/100
|
|-weather|Sandstorm|[upkeep]
|-damage|p1a: Zapdos|44/100|[from] Sandstorm
|-heal|p1a: Zapdos|50/100|[from] item: Leftovers
|upkeep
|turn|37
|
|t:|1728946772
|move|p1a: Zapdos|Thunderbolt|p2a: Metagross
|-damage|p2a: Metagross|53/100
|move|p2a: Metagross|Meteor Mash|p1a: Zapdos
|-resisted|p1a: Zapdos
|-crit|p1a: Zapdos
|-damage|p1a: Zapdos|0 fnt
|faint|p1a: Zapdos
|
|t:|1728946778
|switch|p1a: Metagross|Metagross|100/100 par
|
|-weather|Sandstorm|[upkeep]
|-heal|p2a: Metagross|59/100|[from] item: Leftovers
|upkeep
|turn|38
|
|t:|1728946785
|move|p2a: Metagross|Earthquake|p1a: Metagross
|-supereffective|p1a: Metagross
|-damage|p1a: Metagross|56/100 par
|move|p1a: Metagross|Earthquake|p2a: Metagross
|-supereffective|p2a: Metagross
|-damage|p2a: Metagross|18/100
|
|-weather|Sandstorm|[upkeep]
|-heal|p2a: Metagross|24/100|[from] item: Leftovers
|-heal|p1a: Metagross|62/100 par|[from] item: Leftovers
|upkeep
|turn|39
|
|t:|1728946814
|move|p1a: Metagross|Protect|p1a: Metagross
|-singleturn|p1a: Metagross|Protect
|move|p2a: Metagross|Earthquake|p1a: Metagross
|-activate|p1a: Metagross|Protect
|
|-weather|Sandstorm|[upkeep]
|-heal|p2a: Metagross|30/100|[from] item: Leftovers
|-heal|p1a: Metagross|68/100 par|[from] item: Leftovers
|upkeep
|turn|40
|
|t:|1728946823
|move|p2a: Metagross|Earthquake|p1a: Metagross
|-supereffective|p1a: Metagross
|-damage|p1a: Metagross|28/100 par
|move|p1a: Metagross|Earthquake|p2a: Metagross
|-supereffective|p2a: Metagross
|-crit|p2a: Metagross
|-damage|p2a: Metagross|0 fnt
|faint|p2a: Metagross
|
|t:|1728946830
|switch|p2a: Blissey|Blissey, F|73/100
|
|-weather|Sandstorm|[upkeep]
|-damage|p2a: Blissey|67/100|[from] Sandstorm
|-heal|p2a: Blissey|73/100|[from] item: Leftovers
|-heal|p1a: Metagross|34/100 par|[from] item: Leftovers
|upkeep
|turn|41
|
|t:|1728946839
|move|p2a: Blissey|Seismic Toss|p1a: Metagross
|-damage|p1a: Metagross|6/100 par
|move|p1a: Metagross|Explosion|p2a: Blissey
|-damage|p2a: Blissey|0 fnt
|faint|p1a: Metagross
|faint|p2a: Blissey
|
|win|busyboi
|c|☆swope|gg
|c|☆swope|s
|c|☆busyboi|ggs

</script>
<script type="application/json" class="data" id="replaydata-smogtours-gen3ou-798818">
{"id":"smogtours-gen3ou-798818","format":"[Gen 3] OU","players":["busyboi","swope"],"uploadtime":1728946839,"views":132,"formatid":"gen3ou","rating":null,"private":0,"password":null}
</script>

<script defer src="js/replays.js?9d40a366"></script>
