<!DOCTYPE html>
<meta charset="utf-8" />
<meta name="viewport" content="width=device-width" />

<title>[Gen 3] OU: NekuYagokoro vs. Nihiliros - Replays - Pok&eacute;mon Showdown!</title>

<meta name="description" content="Watch a replay of a Pok&eacute;mon battle between NekuYagokoro and Nihiliros! Format: [Gen 3] OU; Date: Oct 4, 2024" />
<!--

Hey, you! Looking in the source for the replay log?

You can find them in JSON format, just add `.json` at the end of a replay URL.

https://replay.pokemonshowdown.com/gen7randomdoublesbattle-865046831.json

Or, if you only need the log itself, add `.log` instead:

https://replay.pokemonshowdown.com/gen7randomdoublesbattle-865046831.log

-->

<link rel="stylesheet" href="//pokemonshowdown.com/style/global.css?0.023195364461161105" />
<link rel="stylesheet" href="//play.pokemonshowdown.com/style/font-awesome.css?0.13261647063804238" />
<link rel="stylesheet" href="//play.pokemonshowdown.com/style/battle.css?0.8753245789963631" />
<link rel="stylesheet" href="//play.pokemonshowdown.com/style/utilichart.css?0.8627959624976733" />

<!-- Global site tag (gtag.js) - Google Analytics -->
<script async src="https://www.googletagmanager.com/gtag/js?id=UA-26211653-1"></script>
<script>
  window.dataLayer = window.dataLayer || [];
  function gtag(){dataLayer.push(arguments);}
  gtag('js', new Date());

  gtag('config', 'UA-26211653-1');
</script>
<!-- End Google Analytics -->
<!-- Venatus Ad Manager - Install in <HEAD> of page -->
	<script src="https://hb.vntsm.com/v3/live/ad-manager.min.js" type="text/javascript" data-site-id="642aba63ec9a7b11c3c9c1be" data-mode="scan" async></script>
<!-- / Venatus Ad Manager -->

<style>
	@media (max-width:820px) {
		.battle {
			margin: 0 auto;
		}
		.battle-log {
			margin: 7px auto 0;
			max-width: 640px;
			height: 300px;
			position: static;
		}
	}
	.optgroup {
		display: inline-block;
		line-height: 22px;
		font-size: 10pt;
	}
	.optgroup .button {
		height: 25px;
		padding-top: 0;
		padding-bottom: 0;
	}
	.optgroup button.button {
		padding-left: 12px;
		padding-right: 12px;
	}
	.linklist {
		list-style: none;
		margin: 0.5em 0;
		padding: 0;
	}
	.linklist li {
		padding: 2px 0;
	}
	.sidebar {
		float: left;
		width: 320px;
	}
	.bar-wrapper {
		max-width: 1100px;
		margin: 0 auto;
	}
	.bar-wrapper.has-sidebar {
		max-width: 1430px;
	}
	.mainbar {
		margin: 0;
		padding-right: 1px;
	}
	.mainbar.has-sidebar {
		margin-left: 330px;
	}
	@media (min-width: 1511px) {
		.sidebar {
			width: 400px;
		}
		.bar-wrapper.has-sidebar {
			max-width: 1510px;
		}
		.mainbar.has-sidebar {
			margin-left: 410px;
		}
	}
	.section.first-section {
		margin-top: 9px;
	}
	.blocklink small {
		white-space: normal;
	}
	.button {
		vertical-align: middle;
	}
	.replay-controls {
		padding-top: 10px;
	}
	.replay-controls h1 {
		font-size: 16pt;
		font-weight: normal;
		color: #CCC;
	}
	.pagelink {
		text-align: center;
	}
	.pagelink a {
		width: 150px;
	}
	.textbox, .button {
		font-size: 11pt;
		vertical-align: middle;
	}
	@media (max-width: 450px) {
		.button {
			font-size: 9pt;
		}
	}
</style>

<div>

	<header>
		<div class="nav-wrapper"><ul class="nav">
			<li><a class="button nav-first" href="//pokemonshowdown.com/"><img src="//pokemonshowdown.com/images/pokemonshowdownbeta.png" srcset="//pokemonshowdown.com/images/pokemonshowdownbeta.png 1x, //pokemonshowdown.com/images/pokemonshowdownbeta@2x.png 2x" alt="Pok&eacute;mon Showdown" width="146" height="44" /> Home</a></li>
			<li><a class="button" href="//pokemonshowdown.com/dex/">Pok&eacute;dex</a></li>
			<li><a class="button cur" href="/">Replays</a></li>
			<li><a class="button" href="//pokemonshowdown.com/ladder/">Ladder</a></li>
			<li><a class="button nav-last" href="//pokemonshowdown.com/forums/">Forum</a></li>
			<li><a class="button greenbutton nav-first nav-last" href="//play.pokemonshowdown.com/">Play</a></li>
		</ul></div>
	</header>

	<div class="main" id="main">

		<noscript><section class="section">You need to enable JavaScript to use this page; sorry!</section></noscript>

	</div>

</div>

<script defer nomodule src="//play.pokemonshowdown.com/js/lib/ps-polyfill.js"></script>
<script defer src="//play.pokemonshowdown.com/js/lib/preact.min.js"></script>

<script defer src="//play.pokemonshowdown.com/config/config.js?2bddbc15"></script>
<script defer src="//play.pokemonshowdown.com/js/lib/jquery-1.11.0.min.js"></script>
<script defer src="//play.pokemonshowdown.com/js/lib/html-sanitizer-minified.js"></script>
<script defer src="//play.pokemonshowdown.com/js/battle-sound.js"></script>
<script defer src="//play.pokemonshowdown.com/js/battledata.js?0.7209276989879541"></script>
<script defer src="//play.pokemonshowdown.com/data/pokedex-mini.js?0.6111056340867951"></script>
<script defer src="//play.pokemonshowdown.com/data/pokedex-mini-bw.js?0.3532142036491459"></script>
<script defer src="//play.pokemonshowdown.com/data/graphics.js?0.24223875632456182"></script>
<script defer src="//play.pokemonshowdown.com/data/pokedex.js?0.38839984266356864"></script>
<script defer src="//play.pokemonshowdown.com/data/moves.js?0.21866028504024015"></script>
<script defer src="//play.pokemonshowdown.com/data/abilities.js?0.2005157953846628"></script>
<script defer src="//play.pokemonshowdown.com/data/items.js?0.9894211263848525"></script>
<script defer src="//play.pokemonshowdown.com/data/teambuilder-tables.js?0.6008791140282215"></script>
<script defer src="//play.pokemonshowdown.com/js/battle-tooltips.js?0.7580118955022959"></script>
<script defer src="//play.pokemonshowdown.com/js/battle.js?0.6057722274234274"></script>

<script defer src="js/utils.js?e31f9a17"></script>
<script defer src="js/replays-battle.js?7008c182"></script>

<!-- don't scrape this data! just add .json or .log after the URL!
Full API docs: https://github.com/smogon/pokemon-showdown-client/blob/master/WEB-API.md -->
<script type="text/plain" class="log" id="replaylog-smogtours-gen3ou-794756">
|inactive|Battle timer is ON: inactive players will automatically lose when time's up.
|t:|1728079318
|gametype|singles
|player|p1|NekuYagokoro|2|
|player|p2|Nihiliros|riley|
|teamsize|p1|6
|teamsize|p2|6
|gen|3
|tier|[Gen 3] OU
|rule|Sleep Clause Mod: Limit one foe put to sleep
|rule|Switch Priority Clause Mod: Faster Pokémon switch first
|rule|Species Clause: Limit one of each Pokémon
|rule|OHKO Clause: OHKO moves are banned
|rule|Evasion Items Clause: Evasion items are banned
|rule|Evasion Moves Clause: Evasion moves are banned
|rule|Endless Battle Clause: Forcing endless battles is banned
|rule|HP Percentage Mod: HP is shown in percentages
|rule|One Boost Passer Clause: Limit one Baton Passer that has a way to boost its stats
|rule|Freeze Clause Mod: Limit one foe frozen
|
|t:|1728079318
|start
|switch|p1a: hi yt!|Tyranitar, F|100/100
|switch|p2a: Tyranitar|Tyranitar, F|100/100
|-weather|Sandstorm|[from] ability: Sand Stream|[of] p1a: hi yt!
|turn|1
|c|☆Nihiliros|gl hf
|c|☆NekuYagokoro|glhf
|
|t:|1728079343
|switch|p1a: placing spikes n|Skarmory, F|100/100
|move|p2a: Tyranitar|Brick Break|p1a: placing spikes n
|-damage|p1a: placing spikes n|83/100
|
|-weather|Sandstorm|[upkeep]
|-heal|p1a: placing spikes n|89/100|[from] item: Leftovers
|upkeep
|turn|2
|
|t:|1728079354
|switch|p2a: Magneton|Magneton|100/100
|move|p1a: placing spikes n|Spikes|p2a: Magneton
|-sidestart|p2: Nihiliros|Spikes
|
|-weather|Sandstorm|[upkeep]
|-heal|p1a: placing spikes n|95/100|[from] item: Leftovers
|upkeep
|turn|3
|
|t:|1728079362
|move|p1a: placing spikes n|Protect|p1a: placing spikes n
|-singleturn|p1a: placing spikes n|Protect
|move|p2a: Magneton|Thunderbolt|p1a: placing spikes n
|-activate|p1a: placing spikes n|Protect
|
|-weather|Sandstorm|[upkeep]
|-heal|p1a: placing spikes n|100/100|[from] item: Leftovers
|upkeep
|turn|4
|
|t:|1728079373
|move|p2a: Magneton|Thunder Wave|p1a: placing spikes n
|-status|p1a: placing spikes n|par
|move|p1a: placing spikes n|Spikes|p2a: Magneton
|-sidestart|p2: Nihiliros|Spikes
|
|-weather|Sandstorm|[upkeep]
|upkeep
|turn|5
|
|t:|1728079384
|move|p2a: Magneton|Substitute|p2a: Magneton
|-start|p2a: Magneton|Substitute
|-damage|p2a: Magneton|76/100
|move|p1a: placing spikes n|Spikes|p2a: Magneton
|-sidestart|p2: Nihiliros|Spikes
|
|-weather|Sandstorm|[upkeep]
|upkeep
|turn|6
|
|t:|1728079390
|move|p2a: Magneton|Thunderbolt|p1a: placing spikes n
|-supereffective|p1a: placing spikes n
|-damage|p1a: placing spikes n|9/100 par
|move|p1a: placing spikes n|Roar|p2a: Magneton
|drag|p2a: Swampert|Swampert, F|100/100
|-damage|p2a: Swampert|76/100|[from] Spikes
|
|-weather|Sandstorm|[upkeep]
|-heal|p2a: Swampert|82/100|[from] item: Leftovers
|-heal|p1a: placing spikes n|15/100 par|[from] item: Leftovers
|upkeep
|turn|7
|
|t:|1728079407
|cant|p1a: placing spikes n|par
|move|p2a: Swampert|Hydro Pump|p1a: placing spikes n
|-damage|p1a: placing spikes n|0 fnt
|faint|p1a: placing spikes n
|
|t:|1728079418
|switch|p1a: devious|Gengar, F|100/100
|
|-weather|Sandstorm|[upkeep]
|-damage|p1a: devious|94/100|[from] Sandstorm
|-heal|p1a: devious|100/100|[from] item: Leftovers
|-heal|p2a: Swampert|88/100|[from] item: Leftovers
|upkeep
|turn|8
|
|t:|1728079432
|move|p1a: devious|Giga Drain|p2a: Swampert
|-supereffective|p2a: Swampert
|-damage|p2a: Swampert|0 fnt
|faint|p2a: Swampert
|
|t:|1728079451
|switch|p2a: Celebi|Celebi|100/100
|-damage|p2a: Celebi|75/100|[from] Spikes
|
|-weather|Sandstorm|[upkeep]
|-damage|p1a: devious|94/100|[from] Sandstorm
|-damage|p2a: Celebi|69/100|[from] Sandstorm
|-heal|p1a: devious|100/100|[from] item: Leftovers
|-heal|p2a: Celebi|75/100|[from] item: Leftovers
|upkeep
|turn|9
|
|t:|1728079467
|switch|p1a: the boy|Swampert, F|100/100
|move|p2a: Celebi|Recover|p2a: Celebi
|-heal|p2a: Celebi|100/100
|
|-weather|Sandstorm|[upkeep]
|-damage|p2a: Celebi|94/100|[from] Sandstorm
|-heal|p2a: Celebi|100/100|[from] item: Leftovers
|upkeep
|turn|10
|
|t:|1728079479
|move|p2a: Celebi|Leech Seed|p1a: the boy
|-start|p1a: the boy|move: Leech Seed
|move|p1a: the boy|Toxic|p2a: Celebi
|-status|p2a: Celebi|tox
|
|-weather|Sandstorm|[upkeep]
|-damage|p2a: Celebi|94/100 tox|[from] Sandstorm
|-heal|p2a: Celebi|100/100 tox|[from] item: Leftovers
|-damage|p2a: Celebi|94/100 tox|[from] psn
|-damage|p1a: the boy|88/100|[from] Leech Seed|[of] p2a: Celebi
|-heal|p2a: Celebi|100/100 tox|[silent]
|upkeep
|turn|11
|
|t:|1728079489
|switch|p1a: ou bird|Zapdos|100/100
|move|p2a: Celebi|Swords Dance|p2a: Celebi
|-boost|p2a: Celebi|atk|2
|
|-weather|Sandstorm|[upkeep]
|-damage|p1a: ou bird|94/100|[from] Sandstorm
|-damage|p2a: Celebi|94/100 tox|[from] Sandstorm
|-heal|p1a: ou bird|100/100|[from] item: Leftovers
|-heal|p2a: Celebi|100/100 tox|[from] item: Leftovers
|-damage|p2a: Celebi|88/100 tox|[from] psn
|upkeep
|turn|12
|inactive|Nihiliros has 270 seconds left.
|
|t:|1728079513
|move|p1a: ou bird|Hidden Power|p2a: Celebi
|-supereffective|p2a: Celebi
|-crit|p2a: Celebi
|-damage|p2a: Celebi|26/100 tox
|move|p2a: Celebi|Baton Pass|p2a: Celebi
|
|t:|1728079524
|-curestatus|p2a: Celebi|tox|[from] ability: Natural Cure
|switch|p2a: Aerodactyl|Aerodactyl, F|100/100|[from] Baton Pass
|
|-weather|Sandstorm|[upkeep]
|-damage|p1a: ou bird|94/100|[from] Sandstorm
|-heal|p1a: ou bird|100/100|[from] item: Leftovers
|upkeep
|turn|13
|
|t:|1728079539
|move|p1a: ou bird|Protect|p1a: ou bird
|-singleturn|p1a: ou bird|Protect
|move|p2a: Aerodactyl|Substitute|p2a: Aerodactyl
|-start|p2a: Aerodactyl|Substitute
|-damage|p2a: Aerodactyl|75/100
|
|-weather|Sandstorm|[upkeep]
|-damage|p1a: ou bird|94/100|[from] Sandstorm
|-heal|p1a: ou bird|100/100|[from] item: Leftovers
|upkeep
|turn|14
|
|t:|1728079551
|move|p2a: Aerodactyl|Rock Slide|p1a: ou bird
|-supereffective|p1a: ou bird
|-damage|p1a: ou bird|0 fnt
|faint|p1a: ou bird
|
|t:|1728079562
|switch|p1a: devious|Gengar, F|100/100
|
|-weather|Sandstorm|[upkeep]
|-damage|p1a: devious|94/100|[from] Sandstorm
|-heal|p1a: devious|100/100|[from] item: Leftovers
|upkeep
|turn|15
|
|t:|1728079571
|move|p2a: Aerodactyl|Rock Slide|p1a: devious
|-damage|p1a: devious|0 fnt
|faint|p1a: devious
|
|t:|1728079573
|switch|p1a: the boy|Swampert, F|88/100
|
|-weather|Sandstorm|[upkeep]
|-heal|p1a: the boy|94/100|[from] item: Leftovers
|upkeep
|turn|16
|
|t:|1728079583
|move|p2a: Aerodactyl|Double-Edge|p1a: the boy
|-damage|p1a: the boy|45/100
|move|p1a: the boy|Surf|p2a: Aerodactyl
|-supereffective|p2a: Aerodactyl
|-end|p2a: Aerodactyl|Substitute
|
|-weather|Sandstorm|[upkeep]
|-heal|p1a: the boy|51/100|[from] item: Leftovers
|upkeep
|turn|17
|
|t:|1728079599
|move|p2a: Aerodactyl|Substitute|p2a: Aerodactyl
|-start|p2a: Aerodactyl|Substitute
|-damage|p2a: Aerodactyl|50/100
|move|p1a: the boy|Surf|p2a: Aerodactyl
|-supereffective|p2a: Aerodactyl
|-end|p2a: Aerodactyl|Substitute
|
|-weather|Sandstorm|[upkeep]
|-heal|p1a: the boy|58/100|[from] item: Leftovers
|upkeep
|turn|18
|
|t:|1728079608
|move|p2a: Aerodactyl|Substitute|p2a: Aerodactyl
|-start|p2a: Aerodactyl|Substitute
|-damage|p2a: Aerodactyl|25/100
|move|p1a: the boy|Surf|p2a: Aerodactyl
|-supereffective|p2a: Aerodactyl
|-end|p2a: Aerodactyl|Substitute
|
|-weather|Sandstorm|[upkeep]
|-enditem|p2a: Aerodactyl|Liechi Berry|[eat]
|-boost|p2a: Aerodactyl|atk|1|[from] item: Liechi Berry
|-heal|p1a: the boy|64/100|[from] item: Leftovers
|upkeep
|turn|19
|
|t:|1728079624
|move|p1a: the boy|Protect|p1a: the boy
|-singleturn|p1a: the boy|Protect
|move|p2a: Aerodactyl|Double-Edge|p1a: the boy
|-activate|p1a: the boy|Protect
|
|-weather|Sandstorm|[upkeep]
|-heal|p1a: the boy|70/100|[from] item: Leftovers
|upkeep
|turn|20
|
|t:|1728079632
|move|p2a: Aerodactyl|Rock Slide|p1a: the boy|[miss]
|-miss|p2a: Aerodactyl|p1a: the boy
|move|p1a: the boy|Surf|p2a: Aerodactyl
|-supereffective|p2a: Aerodactyl
|-damage|p2a: Aerodactyl|0 fnt
|faint|p2a: Aerodactyl
|
|t:|1728079646
|switch|p2a: Magneton|Magneton|76/100
|-damage|p2a: Magneton|51/100|[from] Spikes
|
|-weather|Sandstorm|[upkeep]
|-heal|p1a: the boy|76/100|[from] item: Leftovers
|upkeep
|turn|21
|
|t:|1728079657
|move|p2a: Magneton|Hidden Power|p1a: the boy
|-supereffective|p1a: the boy
|-damage|p1a: the boy|3/100
|move|p1a: the boy|Surf|p2a: Magneton
|-damage|p2a: Magneton|0 fnt
|faint|p2a: Magneton
|
|t:|1728079665
|switch|p2a: Tyranitar|Tyranitar, F|100/100
|-damage|p2a: Tyranitar|75/100|[from] Spikes
|
|-weather|Sandstorm|[upkeep]
|-heal|p1a: the boy|9/100|[from] item: Leftovers
|-heal|p2a: Tyranitar|82/100|[from] item: Leftovers
|upkeep
|turn|22
|
|t:|1728079679
|move|p1a: the boy|Surf|p2a: Tyranitar
|-supereffective|p2a: Tyranitar
|-damage|p2a: Tyranitar|3/100
|move|p2a: Tyranitar|Pursuit|p1a: the boy
|-crit|p1a: the boy
|-damage|p1a: the boy|0 fnt
|faint|p1a: the boy
|
|t:|1728079688
|switch|p1a: hi yt!|Tyranitar, F|100/100
|
|-weather|Sandstorm|[upkeep]
|-heal|p2a: Tyranitar|9/100|[from] item: Leftovers
|upkeep
|turn|23
|
|t:|1728079699
|move|p1a: hi yt!|Hidden Power|p2a: Tyranitar
|-supereffective|p2a: Tyranitar
|-crit|p2a: Tyranitar
|-damage|p2a: Tyranitar|0 fnt
|faint|p2a: Tyranitar
|
|t:|1728079712
|switch|p2a: Metagross|Metagross|100/100
|-damage|p2a: Metagross|76/100|[from] Spikes
|
|-weather|Sandstorm|[upkeep]
|upkeep
|turn|24
|
|t:|1728079724
|move|p2a: Metagross|Agility|p2a: Metagross
|-boost|p2a: Metagross|spe|2
|move|p1a: hi yt!|Dragon Dance|p1a: hi yt!
|-boost|p1a: hi yt!|atk|1
|-boost|p1a: hi yt!|spe|1
|
|-weather|Sandstorm|[upkeep]
|upkeep
|turn|25
|
|t:|1728079732
|move|p2a: Metagross|Meteor Mash|p1a: hi yt!
|-supereffective|p1a: hi yt!
|-damage|p1a: hi yt!|7/100
|move|p1a: hi yt!|Earthquake|p2a: Metagross
|-supereffective|p2a: Metagross
|-damage|p2a: Metagross|0 fnt
|faint|p2a: Metagross
|
|t:|1728079740
|switch|p2a: Celebi|Celebi|26/100
|-damage|p2a: Celebi|1/100|[from] Spikes
|
|-weather|Sandstorm|[upkeep]
|-damage|p2a: Celebi|0 fnt|[from] Sandstorm
|faint|p2a: Celebi
|
|win|NekuYagokoro
|upkeep
|c|☆NekuYagokoro|gg

</script>
<script type="application/json" class="data" id="replaydata-smogtours-gen3ou-794756">
{"id":"smogtours-gen3ou-794756","format":"[Gen 3] OU","players":["NekuYagokoro","Nihiliros"],"uploadtime":1728079740,"views":113,"formatid":"gen3ou","rating":null,"private":0,"password":null}
</script>

<script defer src="js/replays.js?9d40a366"></script>
