<!DOCTYPE html>
<meta charset="utf-8" />
<meta name="viewport" content="width=device-width" />

<title>[Gen 3] OU: zoyotte vs. FunkyCop1998 - Replays - Pok&eacute;mon Showdown!</title>

<meta name="description" content="Watch a replay of a Pok&eacute;mon battle between zoyotte and FunkyCop1998! Format: [Gen 3] OU; Date: Oct 25, 2024" />
<!--

Hey, you! Looking in the source for the replay log?

You can find them in JSON format, just add `.json` at the end of a replay URL.

https://replay.pokemonshowdown.com/gen7randomdoublesbattle-865046831.json

Or, if you only need the log itself, add `.log` instead:

https://replay.pokemonshowdown.com/gen7randomdoublesbattle-865046831.log

-->

<link rel="stylesheet" href="//pokemonshowdown.com/style/global.css?0.767286132409787" />
<link rel="stylesheet" href="//play.pokemonshowdown.com/style/font-awesome.css?0.9266228007934947" />
<link rel="stylesheet" href="//play.pokemonshowdown.com/style/battle.css?0.7924700842790926" />
<link rel="stylesheet" href="//play.pokemonshowdown.com/style/utilichart.css?0.8777417872839479" />

<!-- Global site tag (gtag.js) - Google Analytics -->
<script async src="https://www.googletagmanager.com/gtag/js?id=UA-26211653-1"></script>
<script>
  window.dataLayer = window.dataLayer || [];
  function gtag(){dataLayer.push(arguments);}
  gtag('js', new Date());

  gtag('config', 'UA-26211653-1');
</script>
<!-- End Google Analytics -->
<!-- Venatus Ad Manager - Install in <HEAD> of page -->
	<script src="https://hb.vntsm.com/v3/live/ad-manager.min.js" type="text/javascript" data-site-id="642aba63ec9a7b11c3c9c1be" data-mode="scan" async></script>
<!-- / Venatus Ad Manager -->

<style>
	@media (max-width:820px) {
		.battle {
			margin: 0 auto;
		}
		.battle-log {
			margin: 7px auto 0;
			max-width: 640px;
			height: 300px;
			position: static;
		}
	}
	.optgroup {
		display: inline-block;
		line-height: 22px;
		font-size: 10pt;
	}
	.optgroup .button {
		height: 25px;
		padding-top: 0;
		padding-bottom: 0;
	}
	.optgroup button.button {
		padding-left: 12px;
		padding-right: 12px;
	}
	.linklist {
		list-style: none;
		margin: 0.5em 0;
		padding: 0;
	}
	.linklist li {
		padding: 2px 0;
	}
	.sidebar {
		float: left;
		width: 320px;
	}
	.bar-wrapper {
		max-width: 1100px;
		margin: 0 auto;
	}
	.bar-wrapper.has-sidebar {
		max-width: 1430px;
	}
	.mainbar {
		margin: 0;
		padding-right: 1px;
	}
	.mainbar.has-sidebar {
		margin-left: 330px;
	}
	@media (min-width: 1511px) {
		.sidebar {
			width: 400px;
		}
		.bar-wrapper.has-sidebar {
			max-width: 1510px;
		}
		.mainbar.has-sidebar {
			margin-left: 410px;
		}
	}
	.section.first-section {
		margin-top: 9px;
	}
	.blocklink small {
		white-space: normal;
	}
	.button {
		vertical-align: middle;
	}
	.replay-controls {
		padding-top: 10px;
	}
	.replay-controls h1 {
		font-size: 16pt;
		font-weight: normal;
		color: #CCC;
	}
	.pagelink {
		text-align: center;
	}
	.pagelink a {
		width: 150px;
	}
	.textbox, .button {
		font-size: 11pt;
		vertical-align: middle;
	}
	@media (max-width: 450px) {
		.button {
			font-size: 9pt;
		}
	}
</style>

<div>

	<header>
		<div class="nav-wrapper"><ul class="nav">
			<li><a class="button nav-first" href="//pokemonshowdown.com/"><img src="//pokemonshowdown.com/images/pokemonshowdownbeta.png" srcset="//pokemonshowdown.com/images/pokemonshowdownbeta.png 1x, //pokemonshowdown.com/images/pokemonshowdownbeta@2x.png 2x" alt="Pok&eacute;mon Showdown" width="146" height="44" /> Home</a></li>
			<li><a class="button" href="//pokemonshowdown.com/dex/">Pok&eacute;dex</a></li>
			<li><a class="button cur" href="/">Replays</a></li>
			<li><a class="button" href="//pokemonshowdown.com/ladder/">Ladder</a></li>
			<li><a class="button nav-last" href="//pokemonshowdown.com/forums/">Forum</a></li>
			<li><a class="button greenbutton nav-first nav-last" href="//play.pokemonshowdown.com/">Play</a></li>
		</ul></div>
	</header>

	<div class="main" id="main">

		<noscript><section class="section">You need to enable JavaScript to use this page; sorry!</section></noscript>

	</div>

</div>

<script defer nomodule src="//play.pokemonshowdown.com/js/lib/ps-polyfill.js"></script>
<script defer src="//play.pokemonshowdown.com/js/lib/preact.min.js"></script>

<script defer src="//play.pokemonshowdown.com/config/config.js?6dec07f6"></script>
<script defer src="//play.pokemonshowdown.com/js/lib/jquery-1.11.0.min.js"></script>
<script defer src="//play.pokemonshowdown.com/js/lib/html-sanitizer-minified.js"></script>
<script defer src="//play.pokemonshowdown.com/js/battle-sound.js"></script>
<script defer src="//play.pokemonshowdown.com/js/battledata.js?0.6315294753075389"></script>
<script defer src="//play.pokemonshowdown.com/data/pokedex-mini.js?0.7603743185311358"></script>
<script defer src="//play.pokemonshowdown.com/data/pokedex-mini-bw.js?0.030888842834281283"></script>
<script defer src="//play.pokemonshowdown.com/data/graphics.js?0.05593094747507488"></script>
<script defer src="//play.pokemonshowdown.com/data/pokedex.js?0.47064822249611904"></script>
<script defer src="//play.pokemonshowdown.com/data/moves.js?0.8583693120512459"></script>
<script defer src="//play.pokemonshowdown.com/data/abilities.js?0.16017181182386842"></script>
<script defer src="//play.pokemonshowdown.com/data/items.js?0.4163379185673943"></script>
<script defer src="//play.pokemonshowdown.com/data/teambuilder-tables.js?0.31075597372830477"></script>
<script defer src="//play.pokemonshowdown.com/js/battle-tooltips.js?0.6536193500708172"></script>
<script defer src="//play.pokemonshowdown.com/js/battle.js?0.1916591943277901"></script>

<script defer src="js/utils.js?e31f9a17"></script>
<script defer src="js/replays-battle.js?7008c182"></script>

<!-- don't scrape this data! just add .json or .log after the URL!
Full API docs: https://github.com/smogon/pokemon-showdown-client/blob/master/WEB-API.md -->
<script type="text/plain" class="log" id="replaylog-smogtours-gen3ou-801917">
|inactive|Battle timer is ON: inactive players will automatically lose when time's up.
|t:|1729887903
|gametype|singles
|player|p1|zoyotte|#zoyotte|
|player|p2|FunkyCop1998|169|
|teamsize|p1|6
|teamsize|p2|6
|gen|3
|tier|[Gen 3] OU
|rule|Sleep Clause Mod: Limit one foe put to sleep
|rule|Switch Priority Clause Mod: Faster Pokémon switch first
|rule|Species Clause: Limit one of each Pokémon
|rule|OHKO Clause: OHKO moves are banned
|rule|Evasion Items Clause: Evasion items are banned
|rule|Evasion Moves Clause: Evasion moves are banned
|rule|Endless Battle Clause: Forcing endless battles is banned
|rule|HP Percentage Mod: HP is shown in percentages
|rule|One Boost Passer Clause: Limit one Baton Passer that has a way to boost its stats
|rule|Freeze Clause Mod: Limit one foe frozen
|
|t:|1729887903
|start
|switch|p1a: Salamence|Salamence, M|100/100
|switch|p2a: Popo|Slaking, F|100/100
|-ability|p1a: Salamence|Intimidate|boost
|-unboost|p2a: Popo|atk|1
|turn|1
|inactive|zoyotte has 270 seconds left.
|c|☆zoyotte|hf
|
|t:|1729887937
|switch|p1a: Skarmory|Skarmory, F|100/100
|switch|p2a: Skarmory|Skarmory, F|100/100
|
|upkeep
|turn|2
|c|☆FunkyCop1998|gl hf
|
|t:|1729887943
|move|p2a: Skarmory|Taunt|p1a: Skarmory
|-start|p1a: Skarmory|move: Taunt
|cant|p1a: Skarmory|move: Taunt|Spikes
|
|upkeep
|turn|3
|inactive|zoyotte has 270 seconds left.
|inactive|zoyotte has 240 seconds left.
|
|t:|1729888016
|switch|p1a: Tyranitar|Tyranitar, F|100/100
|-weather|Sandstorm|[from] ability: Sand Stream|[of] p1a: Tyranitar
|move|p2a: Skarmory|Spikes|p1a: Tyranitar
|-sidestart|p1: zoyotte|Spikes
|
|-weather|Sandstorm|[upkeep]
|upkeep
|turn|4
|
|t:|1729888021
|move|p1a: Tyranitar|Flamethrower|p2a: Skarmory
|-supereffective|p2a: Skarmory
|-damage|p2a: Skarmory|41/100
|move|p2a: Skarmory|Roar|p1a: Tyranitar
|drag|p1a: Jirachi|Jirachi|100/100
|-damage|p1a: Jirachi|88/100|[from] Spikes
|
|-weather|Sandstorm|[upkeep]
|-heal|p1a: Jirachi|94/100|[from] item: Leftovers
|-heal|p2a: Skarmory|47/100|[from] item: Leftovers
|upkeep
|turn|5
|
|t:|1729888030
|switch|p2a: Blissey|Blissey, F|100/100
|move|p1a: Jirachi|Fire Punch|p2a: Blissey
|-damage|p2a: Blissey|93/100
|
|-weather|Sandstorm|[upkeep]
|-damage|p2a: Blissey|87/100|[from] Sandstorm
|-heal|p1a: Jirachi|100/100|[from] item: Leftovers
|-heal|p2a: Blissey|93/100|[from] item: Leftovers
|upkeep
|turn|6
|
|t:|1729888048
|switch|p2a: Blastoise|Blastoise, F|100/100
|move|p1a: Jirachi|Body Slam|p2a: Blastoise
|-damage|p2a: Blastoise|84/100
|-status|p2a: Blastoise|par
|
|-weather|Sandstorm|[upkeep]
|-damage|p2a: Blastoise|78/100 par|[from] Sandstorm
|-heal|p2a: Blastoise|84/100 par|[from] item: Leftovers
|upkeep
|turn|7
|inactive|zoyotte has 240 seconds left.
|
|t:|1729888082
|switch|p2a: Blissey|Blissey, F|93/100
|move|p1a: Jirachi|Body Slam|p2a: Blissey
|-damage|p2a: Blissey|72/100
|
|-weather|Sandstorm|[upkeep]
|-damage|p2a: Blissey|66/100|[from] Sandstorm
|-heal|p2a: Blissey|72/100|[from] item: Leftovers
|upkeep
|turn|8
|inactive|zoyotte has 240 seconds left.
|
|t:|1729888093
|switch|p1a: Dugtrio|Dugtrio, F|100/100
|-damage|p1a: Dugtrio|88/100|[from] Spikes
|move|p2a: Blissey|Soft-Boiled|p2a: Blissey
|-heal|p2a: Blissey|100/100
|
|-weather|Sandstorm|[upkeep]
|-damage|p2a: Blissey|94/100|[from] Sandstorm
|-heal|p2a: Blissey|100/100|[from] item: Leftovers
|upkeep
|turn|9
|
|t:|1729888096
|move|p1a: Dugtrio|Earthquake|p2a: Blissey
|-damage|p2a: Blissey|44/100
|move|p2a: Blissey|Ice Beam|p1a: Dugtrio
|-supereffective|p1a: Dugtrio
|-damage|p1a: Dugtrio|0 fnt
|faint|p1a: Dugtrio
|
|t:|1729888101
|switch|p1a: Swampert|Swampert, F|100/100
|-damage|p1a: Swampert|88/100|[from] Spikes
|
|-weather|Sandstorm|[upkeep]
|-damage|p2a: Blissey|38/100|[from] Sandstorm
|-heal|p2a: Blissey|44/100|[from] item: Leftovers
|-heal|p1a: Swampert|94/100|[from] item: Leftovers
|upkeep
|turn|10
|
|t:|1729888107
|switch|p2a: Blastoise|Blastoise, F|84/100 par
|move|p1a: Swampert|Curse|p1a: Swampert
|-unboost|p1a: Swampert|spe|1
|-boost|p1a: Swampert|atk|1
|-boost|p1a: Swampert|def|1
|
|-weather|Sandstorm|[upkeep]
|-damage|p2a: Blastoise|78/100 par|[from] Sandstorm
|-heal|p1a: Swampert|100/100|[from] item: Leftovers
|-heal|p2a: Blastoise|84/100 par|[from] item: Leftovers
|upkeep
|turn|11
|
|t:|1729888116
|move|p1a: Swampert|Earthquake|p2a: Blastoise
|-damage|p2a: Blastoise|30/100 par
|move|p2a: Blastoise|Roar|p1a: Swampert
|drag|p1a: Skarmory|Skarmory, F|100/100
|
|-weather|Sandstorm|[upkeep]
|-damage|p2a: Blastoise|24/100 par|[from] Sandstorm
|-heal|p2a: Blastoise|30/100 par|[from] item: Leftovers
|upkeep
|turn|12
|
|t:|1729888121
|move|p1a: Skarmory|Spikes|p2a: Blastoise
|-sidestart|p2: FunkyCop1998|Spikes
|move|p2a: Blastoise|Refresh|p2a: Blastoise
|-curestatus|p2a: Blastoise|par|[msg]
|
|-weather|Sandstorm|[upkeep]
|-damage|p2a: Blastoise|24/100|[from] Sandstorm
|-heal|p2a: Blastoise|30/100|[from] item: Leftovers
|upkeep
|turn|13
|
|t:|1729888127
|move|p2a: Blastoise|Rapid Spin|p1a: Skarmory
|-resisted|p1a: Skarmory
|-damage|p1a: Skarmory|99/100
|-sideend|p2: FunkyCop1998|Spikes|[from] move: Rapid Spin|[of] p2a: Blastoise
|move|p1a: Skarmory|Spikes|p2a: Blastoise
|-sidestart|p2: FunkyCop1998|Spikes
|
|-weather|Sandstorm|[upkeep]
|-damage|p2a: Blastoise|24/100|[from] Sandstorm
|-heal|p2a: Blastoise|30/100|[from] item: Leftovers
|-heal|p1a: Skarmory|100/100|[from] item: Leftovers
|upkeep
|turn|14
|
|t:|1729888130
|move|p2a: Blastoise|Hydro Pump|p1a: Skarmory
|-damage|p1a: Skarmory|47/100
|move|p1a: Skarmory|Toxic|p2a: Blastoise|[miss]
|-miss|p1a: Skarmory|p2a: Blastoise
|
|-weather|Sandstorm|[upkeep]
|-damage|p2a: Blastoise|24/100|[from] Sandstorm
|-heal|p2a: Blastoise|30/100|[from] item: Leftovers
|-heal|p1a: Skarmory|53/100|[from] item: Leftovers
|upkeep
|turn|15
|
|t:|1729888134
|move|p1a: Skarmory|Protect|p1a: Skarmory
|-singleturn|p1a: Skarmory|Protect
|move|p2a: Blastoise|Rapid Spin|p1a: Skarmory
|-activate|p1a: Skarmory|Protect
|
|-weather|Sandstorm|[upkeep]
|-damage|p2a: Blastoise|24/100|[from] Sandstorm
|-heal|p2a: Blastoise|30/100|[from] item: Leftovers
|-heal|p1a: Skarmory|59/100|[from] item: Leftovers
|upkeep
|turn|16
|
|t:|1729888144
|move|p2a: Blastoise|Hydro Pump|p1a: Skarmory
|-damage|p1a: Skarmory|5/100
|move|p1a: Skarmory|Toxic|p2a: Blastoise
|-status|p2a: Blastoise|tox
|
|-weather|Sandstorm|[upkeep]
|-damage|p2a: Blastoise|24/100 tox|[from] Sandstorm
|-heal|p2a: Blastoise|30/100 tox|[from] item: Leftovers
|-damage|p2a: Blastoise|24/100 tox|[from] psn
|-heal|p1a: Skarmory|11/100|[from] item: Leftovers
|upkeep
|turn|17
|
|t:|1729888148
|move|p1a: Skarmory|Protect|p1a: Skarmory
|-singleturn|p1a: Skarmory|Protect
|move|p2a: Blastoise|Refresh|p2a: Blastoise
|-curestatus|p2a: Blastoise|tox|[msg]
|
|-weather|Sandstorm|[upkeep]
|-damage|p2a: Blastoise|18/100|[from] Sandstorm
|-heal|p2a: Blastoise|24/100|[from] item: Leftovers
|-heal|p1a: Skarmory|17/100|[from] item: Leftovers
|upkeep
|turn|18
|
|t:|1729888156
|move|p2a: Blastoise|Rapid Spin|p1a: Skarmory
|-resisted|p1a: Skarmory
|-damage|p1a: Skarmory|16/100
|-sideend|p2: FunkyCop1998|Spikes|[from] move: Rapid Spin|[of] p2a: Blastoise
|move|p1a: Skarmory|Spikes|p2a: Blastoise
|-sidestart|p2: FunkyCop1998|Spikes
|
|-weather|Sandstorm|[upkeep]
|-damage|p2a: Blastoise|18/100|[from] Sandstorm
|-heal|p2a: Blastoise|24/100|[from] item: Leftovers
|-heal|p1a: Skarmory|22/100|[from] item: Leftovers
|upkeep
|turn|19
|
|t:|1729888163
|move|p1a: Skarmory|Protect|p1a: Skarmory
|-singleturn|p1a: Skarmory|Protect
|move|p2a: Blastoise|Rapid Spin|p1a: Skarmory
|-activate|p1a: Skarmory|Protect
|
|-weather|Sandstorm|[upkeep]
|-damage|p2a: Blastoise|18/100|[from] Sandstorm
|-heal|p2a: Blastoise|24/100|[from] item: Leftovers
|-heal|p1a: Skarmory|28/100|[from] item: Leftovers
|upkeep
|turn|20
|
|t:|1729888166
|switch|p1a: Salamence|Salamence, M|100/100
|-ability|p1a: Salamence|Intimidate|boost
|-unboost|p2a: Blastoise|atk|1
|move|p2a: Blastoise|Hydro Pump|p1a: Salamence|[miss]
|-miss|p2a: Blastoise|p1a: Salamence
|
|-weather|Sandstorm|[upkeep]
|-damage|p1a: Salamence|94/100|[from] Sandstorm
|-damage|p2a: Blastoise|18/100|[from] Sandstorm
|-heal|p1a: Salamence|100/100|[from] item: Leftovers
|-heal|p2a: Blastoise|24/100|[from] item: Leftovers
|upkeep
|turn|21
|
|t:|1729888175
|switch|p2a: Flygon|Flygon, F|100/100
|move|p1a: Salamence|Hidden Power|p2a: Flygon
|-damage|p2a: Flygon|74/100
|
|-weather|Sandstorm|[upkeep]
|-damage|p1a: Salamence|94/100|[from] Sandstorm
|-heal|p1a: Salamence|100/100|[from] item: Leftovers
|-heal|p2a: Flygon|80/100|[from] item: Leftovers
|upkeep
|turn|22
|
|t:|1729888195
|move|p2a: Flygon|Protect|p2a: Flygon
|-singleturn|p2a: Flygon|Protect
|move|p1a: Salamence|Dragon Claw|p2a: Flygon
|-activate|p2a: Flygon|Protect
|
|-weather|Sandstorm|[upkeep]
|-damage|p1a: Salamence|94/100|[from] Sandstorm
|-heal|p1a: Salamence|100/100|[from] item: Leftovers
|-heal|p2a: Flygon|86/100|[from] item: Leftovers
|upkeep
|turn|23
|
|t:|1729888223
|switch|p2a: Jirachi|Jirachi|100/100
|-damage|p2a: Jirachi|88/100|[from] Spikes
|move|p1a: Salamence|Dragon Claw|p2a: Jirachi
|-resisted|p2a: Jirachi
|-crit|p2a: Jirachi
|-damage|p2a: Jirachi|51/100
|
|-weather|Sandstorm|[upkeep]
|-damage|p1a: Salamence|94/100|[from] Sandstorm
|-heal|p1a: Salamence|100/100|[from] item: Leftovers
|-heal|p2a: Jirachi|57/100|[from] item: Leftovers
|upkeep
|turn|24
|
|t:|1729888231
|move|p2a: Jirachi|Protect|p2a: Jirachi
|-singleturn|p2a: Jirachi|Protect
|move|p1a: Salamence|Fire Blast|p2a: Jirachi
|-activate|p2a: Jirachi|Protect
|
|-weather|Sandstorm|[upkeep]
|-damage|p1a: Salamence|94/100|[from] Sandstorm
|-heal|p1a: Salamence|100/100|[from] item: Leftovers
|-heal|p2a: Jirachi|64/100|[from] item: Leftovers
|upkeep
|turn|25
|inactive|FunkyCop1998 has 270 seconds left.
|
|t:|1729888255
|move|p1a: Salamence|Fire Blast|p2a: Jirachi|[miss]
|-miss|p1a: Salamence|p2a: Jirachi
|move|p2a: Jirachi|Wish|p2a: Jirachi
|
|-weather|Sandstorm|[upkeep]
|-damage|p1a: Salamence|94/100|[from] Sandstorm
|-heal|p1a: Salamence|100/100|[from] item: Leftovers
|-heal|p2a: Jirachi|70/100|[from] item: Leftovers
|upkeep
|turn|26
|
|t:|1729888263
|switch|p2a: Blissey|Blissey, F|44/100
|-damage|p2a: Blissey|32/100|[from] Spikes
|move|p1a: Salamence|Roar|p2a: Blissey
|drag|p2a: Skarmory|Skarmory, F|47/100
|
|-heal|p2a: Skarmory|97/100|[from] move: Wish|[wisher] Jirachi
|-weather|Sandstorm|[upkeep]
|-damage|p1a: Salamence|94/100|[from] Sandstorm
|-heal|p1a: Salamence|100/100|[from] item: Leftovers
|-heal|p2a: Skarmory|100/100|[from] item: Leftovers
|upkeep
|turn|27
|inactive|FunkyCop1998 has 270 seconds left.
|
|t:|1729888306
|switch|p2a: Flygon|Flygon, F|86/100
|move|p1a: Salamence|Fire Blast|p2a: Flygon
|-resisted|p2a: Flygon
|-damage|p2a: Flygon|65/100
|
|-weather|Sandstorm|[upkeep]
|-damage|p1a: Salamence|94/100|[from] Sandstorm
|-heal|p1a: Salamence|100/100|[from] item: Leftovers
|-heal|p2a: Flygon|71/100|[from] item: Leftovers
|upkeep
|turn|28
|
|t:|1729888316
|move|p2a: Flygon|Protect|p2a: Flygon
|-singleturn|p2a: Flygon|Protect
|move|p1a: Salamence|Dragon Claw|p2a: Flygon
|-activate|p2a: Flygon|Protect
|
|-weather|Sandstorm|[upkeep]
|-damage|p1a: Salamence|94/100|[from] Sandstorm
|-heal|p1a: Salamence|100/100|[from] item: Leftovers
|-heal|p2a: Flygon|77/100|[from] item: Leftovers
|upkeep
|turn|29
|
|t:|1729888332
|switch|p2a: Blastoise|Blastoise, F|24/100
|-damage|p2a: Blastoise|11/100|[from] Spikes
|move|p1a: Salamence|Dragon Claw|p2a: Blastoise
|-damage|p2a: Blastoise|0 fnt
|faint|p2a: Blastoise
|
|t:|1729888334
|switch|p2a: Popo|Slaking, F|100/100
|-damage|p2a: Popo|88/100|[from] Spikes
|
|-weather|Sandstorm|[upkeep]
|-damage|p2a: Popo|82/100|[from] Sandstorm
|-damage|p1a: Salamence|94/100|[from] Sandstorm
|-heal|p1a: Salamence|100/100|[from] item: Leftovers
|upkeep
|turn|30
|
|t:|1729888350
|switch|p1a: Skarmory|Skarmory, F|28/100
|move|p2a: Popo|Double-Edge|p1a: Skarmory
|-resisted|p1a: Skarmory
|-damage|p1a: Skarmory|0 fnt
|-damage|p2a: Popo|75/100|[from] Recoil|[of] p1a: Skarmory
|faint|p1a: Skarmory
|
|t:|1729888363
|switch|p1a: Salamence|Salamence, M|100/100
|-ability|p1a: Salamence|Intimidate|boost
|-unboost|p2a: Popo|atk|1
|
|-weather|Sandstorm|[upkeep]
|-damage|p2a: Popo|69/100|[from] Sandstorm
|-damage|p1a: Salamence|94/100|[from] Sandstorm
|-heal|p1a: Salamence|100/100|[from] item: Leftovers
|upkeep
|turn|31
|
|t:|1729888374
|switch|p2a: Blissey|Blissey, F|32/100
|-damage|p2a: Blissey|19/100|[from] Spikes
|move|p1a: Salamence|Dragon Claw|p2a: Blissey
|-damage|p2a: Blissey|4/100
|
|-weather|Sandstorm|[upkeep]
|-damage|p1a: Salamence|94/100|[from] Sandstorm
|-damage|p2a: Blissey|0 fnt|[from] Sandstorm
|faint|p2a: Blissey
|-heal|p1a: Salamence|100/100|[from] item: Leftovers
|upkeep
|
|t:|1729888376
|switch|p2a: Popo|Slaking, F|69/100
|-damage|p2a: Popo|57/100|[from] Spikes
|turn|32
|
|t:|1729888388
|-singleturn|p2a: Popo|move: Focus Punch
|switch|p1a: Jirachi|Jirachi|100/100
|-damage|p1a: Jirachi|88/100|[from] Spikes
|cant|p2a: Popo|ability: Truant
|
|-weather|Sandstorm|[upkeep]
|-damage|p2a: Popo|50/100|[from] Sandstorm
|-heal|p1a: Jirachi|94/100|[from] item: Leftovers
|upkeep
|turn|33
|inactive|FunkyCop1998 has 270 seconds left.
|inactive|FunkyCop1998 has 240 seconds left.
|
|t:|1729888432
|switch|p2a: Flygon|Flygon, F|77/100
|move|p1a: Jirachi|Body Slam|p2a: Flygon
|-damage|p2a: Flygon|61/100
|-status|p2a: Flygon|par
|
|-weather|Sandstorm|[upkeep]
|-heal|p1a: Jirachi|100/100|[from] item: Leftovers
|-heal|p2a: Flygon|67/100 par|[from] item: Leftovers
|upkeep
|turn|34
|
|t:|1729888455
|switch|p1a: Swampert|Swampert, F|100/100
|-damage|p1a: Swampert|88/100|[from] Spikes
|move|p2a: Flygon|Toxic|p1a: Swampert
|-status|p1a: Swampert|tox
|
|-weather|Sandstorm|[upkeep]
|-heal|p1a: Swampert|94/100 tox|[from] item: Leftovers
|-damage|p1a: Swampert|88/100 tox|[from] psn
|-heal|p2a: Flygon|73/100 par|[from] item: Leftovers
|upkeep
|turn|35
|
|t:|1729888463
|switch|p2a: Jirachi|Jirachi|70/100
|-damage|p2a: Jirachi|57/100|[from] Spikes
|move|p1a: Swampert|Ice Beam|p2a: Jirachi
|-resisted|p2a: Jirachi
|-damage|p2a: Jirachi|48/100
|
|-weather|Sandstorm|[upkeep]
|-heal|p2a: Jirachi|54/100|[from] item: Leftovers
|-heal|p1a: Swampert|94/100 tox|[from] item: Leftovers
|-damage|p1a: Swampert|82/100 tox|[from] psn
|upkeep
|turn|36
|
|t:|1729888469
|move|p2a: Jirachi|Protect|p2a: Jirachi
|-singleturn|p2a: Jirachi|Protect
|move|p1a: Swampert|Earthquake|p2a: Jirachi
|-activate|p2a: Jirachi|Protect
|
|-weather|Sandstorm|[upkeep]
|-heal|p2a: Jirachi|60/100|[from] item: Leftovers
|-heal|p1a: Swampert|88/100 tox|[from] item: Leftovers
|-damage|p1a: Swampert|70/100 tox|[from] psn
|upkeep
|turn|37
|
|t:|1729888476
|move|p2a: Jirachi|Wish|p2a: Jirachi
|move|p1a: Swampert|Hydro Pump|p2a: Jirachi
|-damage|p2a: Jirachi|23/100
|
|-weather|Sandstorm|[upkeep]
|-heal|p2a: Jirachi|29/100|[from] item: Leftovers
|-heal|p1a: Swampert|76/100 tox|[from] item: Leftovers
|-damage|p1a: Swampert|51/100 tox|[from] psn
|upkeep
|turn|38
|inactive|FunkyCop1998 has 270 seconds left.
|
|t:|1729888487
|switch|p2a: Popo|Slaking, F|50/100
|-damage|p2a: Popo|38/100|[from] Spikes
|move|p1a: Swampert|Hydro Pump|p2a: Popo
|-damage|p2a: Popo|0 fnt
|faint|p2a: Popo
|
|t:|1729888490
|switch|p2a: Jirachi|Jirachi|29/100
|-damage|p2a: Jirachi|16/100|[from] Spikes
|
|-heal|p2a: Jirachi|66/100|[from] move: Wish|[wisher] Jirachi
|-weather|Sandstorm|[upkeep]
|-heal|p2a: Jirachi|72/100|[from] item: Leftovers
|-heal|p1a: Swampert|57/100 tox|[from] item: Leftovers
|-damage|p1a: Swampert|26/100 tox|[from] psn
|upkeep
|turn|39
|
|t:|1729888495
|move|p2a: Jirachi|Protect|p2a: Jirachi
|-singleturn|p2a: Jirachi|Protect
|move|p1a: Swampert|Earthquake|p2a: Jirachi
|-activate|p2a: Jirachi|Protect
|
|-weather|Sandstorm|[upkeep]
|-heal|p2a: Jirachi|79/100|[from] item: Leftovers
|-heal|p1a: Swampert|32/100 tox|[from] item: Leftovers
|-damage|p1a: Swampert|0 fnt|[from] psn
|faint|p1a: Swampert
|upkeep
|
|t:|1729888501
|switch|p1a: Salamence|Salamence, M|100/100
|-ability|p1a: Salamence|Intimidate|boost
|-unboost|p2a: Jirachi|atk|1
|turn|40
|
|t:|1729888504
|move|p1a: Salamence|Fire Blast|p2a: Jirachi
|-supereffective|p2a: Jirachi
|-damage|p2a: Jirachi|13/100
|move|p2a: Jirachi|Toxic|p1a: Salamence
|-status|p1a: Salamence|tox
|
|-weather|Sandstorm|[upkeep]
|-damage|p1a: Salamence|94/100 tox|[from] Sandstorm
|-heal|p1a: Salamence|100/100 tox|[from] item: Leftovers
|-damage|p1a: Salamence|94/100 tox|[from] psn
|-heal|p2a: Jirachi|19/100|[from] item: Leftovers
|upkeep
|turn|41
|
|t:|1729888516
|move|p2a: Jirachi|Protect|p2a: Jirachi
|-singleturn|p2a: Jirachi|Protect
|move|p1a: Salamence|Dragon Claw|p2a: Jirachi
|-activate|p2a: Jirachi|Protect
|
|-weather|Sandstorm|[upkeep]
|-damage|p1a: Salamence|88/100 tox|[from] Sandstorm
|-heal|p1a: Salamence|94/100 tox|[from] item: Leftovers
|-damage|p1a: Salamence|82/100 tox|[from] psn
|-heal|p2a: Jirachi|25/100|[from] item: Leftovers
|upkeep
|turn|42
|
|t:|1729888525
|switch|p2a: Flygon|Flygon, F|73/100 par
|move|p1a: Salamence|Fire Blast|p2a: Flygon|[miss]
|-miss|p1a: Salamence|p2a: Flygon
|
|-weather|Sandstorm|[upkeep]
|-damage|p1a: Salamence|76/100 tox|[from] Sandstorm
|-heal|p1a: Salamence|82/100 tox|[from] item: Leftovers
|-damage|p1a: Salamence|64/100 tox|[from] psn
|-heal|p2a: Flygon|79/100 par|[from] item: Leftovers
|upkeep
|turn|43
|
|t:|1729888538
|switch|p1a: Tyranitar|Tyranitar, F|100/100
|-damage|p1a: Tyranitar|88/100|[from] Spikes
|move|p2a: Flygon|Protect||[still]
|-fail|p2a: Flygon
|
|-weather|Sandstorm|[upkeep]
|-heal|p1a: Tyranitar|94/100|[from] item: Leftovers
|-heal|p2a: Flygon|85/100 par|[from] item: Leftovers
|upkeep
|turn|44
|
|t:|1729888546
|move|p1a: Tyranitar|Crunch|p2a: Flygon
|-damage|p2a: Flygon|41/100 par
|-unboost|p2a: Flygon|spd|1
|move|p2a: Flygon|Toxic|p1a: Tyranitar
|-status|p1a: Tyranitar|tox
|
|-weather|Sandstorm|[upkeep]
|-heal|p1a: Tyranitar|100/100 tox|[from] item: Leftovers
|-damage|p1a: Tyranitar|94/100 tox|[from] psn
|-heal|p2a: Flygon|47/100 par|[from] item: Leftovers
|upkeep
|turn|45
|
|t:|1729888553
|cant|p2a: Flygon|par
|move|p1a: Tyranitar|Pursuit|p2a: Flygon
|-damage|p2a: Flygon|16/100 par
|
|-weather|Sandstorm|[upkeep]
|-heal|p1a: Tyranitar|100/100 tox|[from] item: Leftovers
|-damage|p1a: Tyranitar|88/100 tox|[from] psn
|-heal|p2a: Flygon|22/100 par|[from] item: Leftovers
|upkeep
|turn|46
|
|t:|1729888559
|move|p2a: Flygon|Protect|p2a: Flygon
|-singleturn|p2a: Flygon|Protect
|move|p1a: Tyranitar|Pursuit|p2a: Flygon
|-activate|p2a: Flygon|Protect
|
|-weather|Sandstorm|[upkeep]
|-heal|p1a: Tyranitar|94/100 tox|[from] item: Leftovers
|-damage|p1a: Tyranitar|76/100 tox|[from] psn
|-heal|p2a: Flygon|28/100 par|[from] item: Leftovers
|upkeep
|turn|47
|
|t:|1729888565
|move|p1a: Tyranitar|Pursuit|p2a: Flygon
|-damage|p2a: Flygon|0 fnt
|faint|p2a: Flygon
|
|t:|1729888583
|switch|p2a: Skarmory|Skarmory, F|100/100
|
|-weather|Sandstorm|[upkeep]
|-heal|p1a: Tyranitar|82/100 tox|[from] item: Leftovers
|-damage|p1a: Tyranitar|57/100 tox|[from] psn
|upkeep
|turn|48
|
|t:|1729888589
|move|p2a: Skarmory|Spikes|p1a: Tyranitar
|-sidestart|p1: zoyotte|Spikes
|move|p1a: Tyranitar|Flamethrower|p2a: Skarmory
|-supereffective|p2a: Skarmory
|-damage|p2a: Skarmory|49/100
|
|-weather|Sandstorm|[upkeep]
|-heal|p2a: Skarmory|55/100|[from] item: Leftovers
|-heal|p1a: Tyranitar|63/100 tox|[from] item: Leftovers
|-damage|p1a: Tyranitar|32/100 tox|[from] psn
|upkeep
|turn|49
|
|t:|1729888596
|move|p2a: Skarmory|Spikes|p1a: Tyranitar
|-sidestart|p1: zoyotte|Spikes
|move|p1a: Tyranitar|Flamethrower|p2a: Skarmory
|-supereffective|p2a: Skarmory
|-damage|p2a: Skarmory|0 fnt
|faint|p2a: Skarmory
|
|t:|1729888599
|switch|p2a: Jirachi|Jirachi|25/100
|-damage|p2a: Jirachi|13/100|[from] Spikes
|
|-weather|Sandstorm|[upkeep]
|-heal|p2a: Jirachi|19/100|[from] item: Leftovers
|-heal|p1a: Tyranitar|39/100 tox|[from] item: Leftovers
|-damage|p1a: Tyranitar|1/100 tox|[from] psn
|upkeep
|turn|50
|
|t:|1729888601
|move|p2a: Jirachi|Protect|p2a: Jirachi
|-singleturn|p2a: Jirachi|Protect
|move|p1a: Tyranitar|Flamethrower|p2a: Jirachi
|-activate|p2a: Jirachi|Protect
|
|-weather|Sandstorm|[upkeep]
|-heal|p2a: Jirachi|25/100|[from] item: Leftovers
|-heal|p1a: Tyranitar|8/100 tox|[from] item: Leftovers
|-damage|p1a: Tyranitar|0 fnt|[from] psn
|faint|p1a: Tyranitar
|upkeep
|
|t:|1729888609
|switch|p1a: Salamence|Salamence, M|64/100 tox
|-ability|p1a: Salamence|Intimidate|boost
|-unboost|p2a: Jirachi|atk|1
|turn|51
|
|t:|1729888615
|move|p1a: Salamence|Fire Blast|p2a: Jirachi
|-supereffective|p2a: Jirachi
|-damage|p2a: Jirachi|0 fnt
|faint|p2a: Jirachi
|
|win|zoyotte
|c|☆zoyotte|ggs
|c|☆FunkyCop1998|ggs

</script>
<script type="application/json" class="data" id="replaydata-smogtours-gen3ou-801917">
{"id":"smogtours-gen3ou-801917","format":"[Gen 3] OU","players":["zoyotte","FunkyCop1998"],"uploadtime":1729888615,"views":76,"formatid":"gen3ou","rating":null,"private":0,"password":null}
</script>

<script defer src="js/replays.js?9d40a366"></script>
