<!DOCTYPE html>
<meta charset="utf-8" />
<meta name="viewport" content="width=device-width" />

<title>[Gen 3] OU: MeEsSm vs. VZR - Replays - Pok&eacute;mon Showdown!</title>

<meta name="description" content="Watch a replay of a Pok&eacute;mon battle between MeEsSm and VZR! Format: [Gen 3] OU; Date: Oct 29, 2024" />
<!--

Hey, you! Looking in the source for the replay log?

You can find them in JSON format, just add `.json` at the end of a replay URL.

https://replay.pokemonshowdown.com/gen7randomdoublesbattle-865046831.json

Or, if you only need the log itself, add `.log` instead:

https://replay.pokemonshowdown.com/gen7randomdoublesbattle-865046831.log

-->

<link rel="stylesheet" href="//pokemonshowdown.com/style/global.css?0.023195364461161105" />
<link rel="stylesheet" href="//play.pokemonshowdown.com/style/font-awesome.css?0.13261647063804238" />
<link rel="stylesheet" href="//play.pokemonshowdown.com/style/battle.css?0.8753245789963631" />
<link rel="stylesheet" href="//play.pokemonshowdown.com/style/utilichart.css?0.8627959624976733" />

<!-- Global site tag (gtag.js) - Google Analytics -->
<script async src="https://www.googletagmanager.com/gtag/js?id=UA-26211653-1"></script>
<script>
  window.dataLayer = window.dataLayer || [];
  function gtag(){dataLayer.push(arguments);}
  gtag('js', new Date());

  gtag('config', 'UA-26211653-1');
</script>
<!-- End Google Analytics -->
<!-- Venatus Ad Manager - Install in <HEAD> of page -->
	<script src="https://hb.vntsm.com/v3/live/ad-manager.min.js" type="text/javascript" data-site-id="642aba63ec9a7b11c3c9c1be" data-mode="scan" async></script>
<!-- / Venatus Ad Manager -->

<style>
	@media (max-width:820px) {
		.battle {
			margin: 0 auto;
		}
		.battle-log {
			margin: 7px auto 0;
			max-width: 640px;
			height: 300px;
			position: static;
		}
	}
	.optgroup {
		display: inline-block;
		line-height: 22px;
		font-size: 10pt;
	}
	.optgroup .button {
		height: 25px;
		padding-top: 0;
		padding-bottom: 0;
	}
	.optgroup button.button {
		padding-left: 12px;
		padding-right: 12px;
	}
	.linklist {
		list-style: none;
		margin: 0.5em 0;
		padding: 0;
	}
	.linklist li {
		padding: 2px 0;
	}
	.sidebar {
		float: left;
		width: 320px;
	}
	.bar-wrapper {
		max-width: 1100px;
		margin: 0 auto;
	}
	.bar-wrapper.has-sidebar {
		max-width: 1430px;
	}
	.mainbar {
		margin: 0;
		padding-right: 1px;
	}
	.mainbar.has-sidebar {
		margin-left: 330px;
	}
	@media (min-width: 1511px) {
		.sidebar {
			width: 400px;
		}
		.bar-wrapper.has-sidebar {
			max-width: 1510px;
		}
		.mainbar.has-sidebar {
			margin-left: 410px;
		}
	}
	.section.first-section {
		margin-top: 9px;
	}
	.blocklink small {
		white-space: normal;
	}
	.button {
		vertical-align: middle;
	}
	.replay-controls {
		padding-top: 10px;
	}
	.replay-controls h1 {
		font-size: 16pt;
		font-weight: normal;
		color: #CCC;
	}
	.pagelink {
		text-align: center;
	}
	.pagelink a {
		width: 150px;
	}
	.textbox, .button {
		font-size: 11pt;
		vertical-align: middle;
	}
	@media (max-width: 450px) {
		.button {
			font-size: 9pt;
		}
	}
</style>

<div>

	<header>
		<div class="nav-wrapper"><ul class="nav">
			<li><a class="button nav-first" href="//pokemonshowdown.com/"><img src="//pokemonshowdown.com/images/pokemonshowdownbeta.png" srcset="//pokemonshowdown.com/images/pokemonshowdownbeta.png 1x, //pokemonshowdown.com/images/pokemonshowdownbeta@2x.png 2x" alt="Pok&eacute;mon Showdown" width="146" height="44" /> Home</a></li>
			<li><a class="button" href="//pokemonshowdown.com/dex/">Pok&eacute;dex</a></li>
			<li><a class="button cur" href="/">Replays</a></li>
			<li><a class="button" href="//pokemonshowdown.com/ladder/">Ladder</a></li>
			<li><a class="button nav-last" href="//pokemonshowdown.com/forums/">Forum</a></li>
			<li><a class="button greenbutton nav-first nav-last" href="//play.pokemonshowdown.com/">Play</a></li>
		</ul></div>
	</header>

	<div class="main" id="main">

		<noscript><section class="section">You need to enable JavaScript to use this page; sorry!</section></noscript>

	</div>

</div>

<script defer nomodule src="//play.pokemonshowdown.com/js/lib/ps-polyfill.js"></script>
<script defer src="//play.pokemonshowdown.com/js/lib/preact.min.js"></script>

<script defer src="//play.pokemonshowdown.com/config/config.js?2bddbc15"></script>
<script defer src="//play.pokemonshowdown.com/js/lib/jquery-1.11.0.min.js"></script>
<script defer src="//play.pokemonshowdown.com/js/lib/html-sanitizer-minified.js"></script>
<script defer src="//play.pokemonshowdown.com/js/battle-sound.js"></script>
<script defer src="//play.pokemonshowdown.com/js/battledata.js?0.7209276989879541"></script>
<script defer src="//play.pokemonshowdown.com/data/pokedex-mini.js?0.6111056340867951"></script>
<script defer src="//play.pokemonshowdown.com/data/pokedex-mini-bw.js?0.3532142036491459"></script>
<script defer src="//play.pokemonshowdown.com/data/graphics.js?0.24223875632456182"></script>
<script defer src="//play.pokemonshowdown.com/data/pokedex.js?0.38839984266356864"></script>
<script defer src="//play.pokemonshowdown.com/data/moves.js?0.21866028504024015"></script>
<script defer src="//play.pokemonshowdown.com/data/abilities.js?0.2005157953846628"></script>
<script defer src="//play.pokemonshowdown.com/data/items.js?0.9894211263848525"></script>
<script defer src="//play.pokemonshowdown.com/data/teambuilder-tables.js?0.6008791140282215"></script>
<script defer src="//play.pokemonshowdown.com/js/battle-tooltips.js?0.7580118955022959"></script>
<script defer src="//play.pokemonshowdown.com/js/battle.js?0.6057722274234274"></script>

<script defer src="js/utils.js?e31f9a17"></script>
<script defer src="js/replays-battle.js?7008c182"></script>

<!-- don't scrape this data! just add .json or .log after the URL!
Full API docs: https://github.com/smogon/pokemon-showdown-client/blob/master/WEB-API.md -->
<script type="text/plain" class="log" id="replaylog-smogtours-gen3ou-803263">
|inactive|Battle timer is ON: inactive players will automatically lose when time's up.
|t:|1730226890
|gametype|singles
|player|p1|MeEsSm|#roaplxyorknewyanma|
|player|p2|VZR|veteran|
|teamsize|p1|6
|teamsize|p2|6
|gen|3
|tier|[Gen 3] OU
|rule|Sleep Clause Mod: Limit one foe put to sleep
|rule|Switch Priority Clause Mod: Faster Pokémon switch first
|rule|Species Clause: Limit one of each Pokémon
|rule|OHKO Clause: OHKO moves are banned
|rule|Evasion Items Clause: Evasion items are banned
|rule|Evasion Moves Clause: Evasion moves are banned
|rule|Endless Battle Clause: Forcing endless battles is banned
|rule|HP Percentage Mod: HP is shown in percentages
|rule|One Boost Passer Clause: Limit one Baton Passer that has a way to boost its stats
|rule|Freeze Clause Mod: Limit one foe frozen
|
|t:|1730226890
|start
|switch|p1a: Zapdos|Zapdos|100/100
|switch|p2a: HXL6V /%!_2Jwc.xGW|Zapdos|100/100
|turn|1
|c|☆VZR|hf broski
|c|☆MeEsSm|hf
|
|t:|1730226912
|move|p1a: Zapdos|Substitute|p1a: Zapdos
|-start|p1a: Zapdos|Substitute
|-damage|p1a: Zapdos|76/100
|move|p2a: HXL6V /%!_2Jwc.xGW|Thunderbolt|p1a: Zapdos
|-end|p1a: Zapdos|Substitute
|
|-heal|p1a: Zapdos|82/100|[from] item: Leftovers
|upkeep
|turn|2
|
|t:|1730226921
|move|p1a: Zapdos|Thunderbolt|p2a: HXL6V /%!_2Jwc.xGW
|-damage|p2a: HXL6V /%!_2Jwc.xGW|56/100
|move|p2a: HXL6V /%!_2Jwc.xGW|Thunderbolt|p1a: Zapdos
|-damage|p1a: Zapdos|27/100
|
|-heal|p1a: Zapdos|33/100|[from] item: Leftovers
|-heal|p2a: HXL6V /%!_2Jwc.xGW|62/100|[from] item: Leftovers
|upkeep
|turn|3
|
|t:|1730226928
|move|p1a: Zapdos|Thunderbolt|p2a: HXL6V /%!_2Jwc.xGW
|-damage|p2a: HXL6V /%!_2Jwc.xGW|20/100
|move|p2a: HXL6V /%!_2Jwc.xGW|Baton Pass|p2a: HXL6V /%!_2Jwc.xGW
|
|t:|1730226932
|switch|p2a: Js/NSrqaY"Kb 9h^Ay|Gengar, F, shiny|100/100|[from] Baton Pass
|
|-heal|p1a: Zapdos|39/100|[from] item: Leftovers
|upkeep
|turn|4
|
|t:|1730226938
|switch|p1a: Tyranitar|Tyranitar, M|100/100
|-weather|Sandstorm|[from] ability: Sand Stream|[of] p1a: Tyranitar
|move|p2a: Js/NSrqaY"Kb 9h^Ay|Ice Punch|p1a: Tyranitar
|-damage|p1a: Tyranitar|82/100
|
|-weather|Sandstorm|[upkeep]
|-damage|p2a: Js/NSrqaY"Kb 9h^Ay|94/100|[from] Sandstorm
|-heal|p2a: Js/NSrqaY"Kb 9h^Ay|100/100|[from] item: Leftovers
|-heal|p1a: Tyranitar|88/100|[from] item: Leftovers
|upkeep
|turn|5
|
|t:|1730226946
|-activate|p2a: Js/NSrqaY"Kb 9h^Ay|move: Pursuit
|move|p1a: Tyranitar|Pursuit|p2a: Js/NSrqaY"Kb 9h^Ay|[from]Pursuit
|-supereffective|p2a: Js/NSrqaY"Kb 9h^Ay
|-damage|p2a: Js/NSrqaY"Kb 9h^Ay|23/100
|switch|p2a: mZe9%;j.zfCkDhq-Y"|Swampert, M|100/100
|
|-weather|Sandstorm|[upkeep]
|-heal|p1a: Tyranitar|94/100|[from] item: Leftovers
|upkeep
|turn|6
|
|t:|1730226957
|switch|p1a: Zapdos|Zapdos|39/100
|move|p2a: mZe9%;j.zfCkDhq-Y"|Protect||[still]
|-fail|p2a: mZe9%;j.zfCkDhq-Y"
|
|-weather|Sandstorm|[upkeep]
|-damage|p1a: Zapdos|33/100|[from] Sandstorm
|-heal|p1a: Zapdos|39/100|[from] item: Leftovers
|upkeep
|turn|7
|
|t:|1730226969
|move|p1a: Zapdos|Substitute|p1a: Zapdos
|-start|p1a: Zapdos|Substitute
|-damage|p1a: Zapdos|15/100
|move|p2a: mZe9%;j.zfCkDhq-Y"|Ice Beam|p1a: Zapdos
|-supereffective|p1a: Zapdos
|-crit|p1a: Zapdos
|-end|p1a: Zapdos|Substitute
|
|-weather|Sandstorm|[upkeep]
|-damage|p1a: Zapdos|8/100|[from] Sandstorm
|-heal|p1a: Zapdos|15/100|[from] item: Leftovers
|upkeep
|turn|8
|
|t:|1730226986
|switch|p2a: B5PU<\/Y_)X^;+(7mwk|Celebi|100/100
|move|p1a: Zapdos|Baton Pass|p1a: Zapdos
|
|t:|1730226991
|switch|p1a: Dugtrio|Dugtrio, M|100/100|[from] Baton Pass
|
|-weather|Sandstorm|[upkeep]
|-damage|p2a: B5PU<\/Y_)X^;+(7mwk|94/100|[from] Sandstorm
|-heal|p2a: B5PU<\/Y_)X^;+(7mwk|100/100|[from] item: Leftovers
|upkeep
|turn|9
|
|t:|1730226997
|move|p1a: Dugtrio|Hidden Power|p2a: B5PU<\/Y_)X^;+(7mwk
|-supereffective|p2a: B5PU<\/Y_)X^;+(7mwk
|-damage|p2a: B5PU<\/Y_)X^;+(7mwk|16/100
|move|p2a: B5PU<\/Y_)X^;+(7mwk|Baton Pass|p2a: B5PU<\/Y_)X^;+(7mwk
|
|t:|1730227005
|switch|p2a: fec;. Z>`K4PS8@:?$|Dugtrio, F|100/100|[from] Baton Pass
|
|-weather|Sandstorm|[upkeep]
|upkeep
|turn|10
|
|t:|1730227010
|move|p1a: Dugtrio|Hidden Power|p2a: fec;. Z>`K4PS8@:?$
|-damage|p2a: fec;. Z>`K4PS8@:?$|44/100
|move|p2a: fec;. Z>`K4PS8@:?$|Earthquake|p1a: Dugtrio
|-damage|p1a: Dugtrio|0 fnt
|faint|p1a: Dugtrio
|
|t:|1730227015
|switch|p1a: Gyarados|Gyarados, M|100/100
|-ability|p1a: Gyarados|Intimidate|boost
|-unboost|p2a: fec;. Z>`K4PS8@:?$|atk|1
|
|-weather|Sandstorm|[upkeep]
|-damage|p1a: Gyarados|94/100|[from] Sandstorm
|-heal|p1a: Gyarados|100/100|[from] item: Leftovers
|upkeep
|turn|11
|
|t:|1730227026
|switch|p2a: mZe9%;j.zfCkDhq-Y"|Swampert, M|100/100
|move|p1a: Gyarados|Dragon Dance|p1a: Gyarados
|-boost|p1a: Gyarados|atk|1
|-boost|p1a: Gyarados|spe|1
|
|-weather|Sandstorm|[upkeep]
|-damage|p1a: Gyarados|94/100|[from] Sandstorm
|-heal|p1a: Gyarados|100/100|[from] item: Leftovers
|upkeep
|turn|12
|
|t:|1730227031
|move|p1a: Gyarados|Earthquake|p2a: mZe9%;j.zfCkDhq-Y"
|-damage|p2a: mZe9%;j.zfCkDhq-Y"|55/100
|move|p2a: mZe9%;j.zfCkDhq-Y"|Ice Beam|p1a: Gyarados
|-damage|p1a: Gyarados|75/100
|-status|p1a: Gyarados|frz
|
|-weather|Sandstorm|[upkeep]
|-damage|p1a: Gyarados|69/100 frz|[from] Sandstorm
|-heal|p1a: Gyarados|75/100 frz|[from] item: Leftovers
|-heal|p2a: mZe9%;j.zfCkDhq-Y"|61/100|[from] item: Leftovers
|upkeep
|turn|13
|c|☆MeEsSm|.
|
|t:|1730227046
|cant|p1a: Gyarados|frz
|move|p2a: mZe9%;j.zfCkDhq-Y"|Ice Beam|p1a: Gyarados
|-damage|p1a: Gyarados|46/100 frz
|
|-weather|Sandstorm|[upkeep]
|-damage|p1a: Gyarados|40/100 frz|[from] Sandstorm
|-heal|p1a: Gyarados|46/100 frz|[from] item: Leftovers
|-heal|p2a: mZe9%;j.zfCkDhq-Y"|67/100|[from] item: Leftovers
|upkeep
|turn|14
|
|t:|1730227050
|cant|p1a: Gyarados|frz
|move|p2a: mZe9%;j.zfCkDhq-Y"|Ice Beam|p1a: Gyarados
|-damage|p1a: Gyarados|19/100 frz
|
|-weather|Sandstorm|[upkeep]
|-damage|p1a: Gyarados|13/100 frz|[from] Sandstorm
|-heal|p1a: Gyarados|19/100 frz|[from] item: Leftovers
|-heal|p2a: mZe9%;j.zfCkDhq-Y"|74/100|[from] item: Leftovers
|upkeep
|turn|15
|
|t:|1730227054
|cant|p1a: Gyarados|frz
|move|p2a: mZe9%;j.zfCkDhq-Y"|Ice Beam|p1a: Gyarados
|-damage|p1a: Gyarados|0 fnt
|faint|p1a: Gyarados
|
|t:|1730227063
|switch|p1a: Breloom|Breloom, F|100/100
|
|-weather|Sandstorm|[upkeep]
|-damage|p1a: Breloom|94/100|[from] Sandstorm
|-heal|p1a: Breloom|100/100|[from] item: Leftovers
|-heal|p2a: mZe9%;j.zfCkDhq-Y"|80/100|[from] item: Leftovers
|upkeep
|turn|16
|
|t:|1730227070
|switch|p2a: Js/NSrqaY"Kb 9h^Ay|Gengar, F, shiny|23/100
|move|p1a: Breloom|Spore|p2a: Js/NSrqaY"Kb 9h^Ay
|-status|p2a: Js/NSrqaY"Kb 9h^Ay|slp|[from] move: Spore
|
|-weather|Sandstorm|[upkeep]
|-damage|p2a: Js/NSrqaY"Kb 9h^Ay|17/100 slp|[from] Sandstorm
|-damage|p1a: Breloom|94/100|[from] Sandstorm
|-heal|p2a: Js/NSrqaY"Kb 9h^Ay|23/100 slp|[from] item: Leftovers
|-heal|p1a: Breloom|100/100|[from] item: Leftovers
|upkeep
|turn|17
|
|t:|1730227085
|-singleturn|p1a: Breloom|move: Focus Punch
|switch|p2a: B5PU<\/Y_)X^;+(7mwk|Celebi|16/100
|move|p1a: Breloom|Focus Punch|p2a: B5PU<\/Y_)X^;+(7mwk
|-resisted|p2a: B5PU<\/Y_)X^;+(7mwk
|-damage|p2a: B5PU<\/Y_)X^;+(7mwk|0 fnt
|faint|p2a: B5PU<\/Y_)X^;+(7mwk
|
|t:|1730227090
|switch|p2a: fec;. Z>`K4PS8@:?$|Dugtrio, F|44/100
|
|-weather|Sandstorm|[upkeep]
|-damage|p1a: Breloom|94/100|[from] Sandstorm
|-heal|p1a: Breloom|100/100|[from] item: Leftovers
|upkeep
|turn|18
|
|t:|1730227095
|move|p1a: Breloom|Mach Punch|p2a: fec;. Z>`K4PS8@:?$
|-damage|p2a: fec;. Z>`K4PS8@:?$|0 fnt
|faint|p2a: fec;. Z>`K4PS8@:?$
|
|t:|1730227098
|switch|p2a: mZe9%;j.zfCkDhq-Y"|Swampert, M|80/100
|
|-weather|Sandstorm|[upkeep]
|-damage|p1a: Breloom|94/100|[from] Sandstorm
|-heal|p1a: Breloom|100/100|[from] item: Leftovers
|-heal|p2a: mZe9%;j.zfCkDhq-Y"|86/100|[from] item: Leftovers
|upkeep
|turn|19
|
|t:|1730227127
|switch|p1a: Zapdos|Zapdos|15/100
|move|p2a: mZe9%;j.zfCkDhq-Y"|Ice Beam|p1a: Zapdos
|-supereffective|p1a: Zapdos
|-damage|p1a: Zapdos|0 fnt
|faint|p1a: Zapdos
|
|t:|1730227132
|switch|p1a: Tyranitar|Tyranitar, M|94/100
|
|-weather|Sandstorm|[upkeep]
|-heal|p1a: Tyranitar|99/100|[from] item: Leftovers
|-heal|p2a: mZe9%;j.zfCkDhq-Y"|92/100|[from] item: Leftovers
|upkeep
|turn|20
|
|t:|1730227137
|move|p2a: mZe9%;j.zfCkDhq-Y"|Protect|p2a: mZe9%;j.zfCkDhq-Y"
|-singleturn|p2a: mZe9%;j.zfCkDhq-Y"|Protect
|move|p1a: Tyranitar|Hidden Power|p2a: mZe9%;j.zfCkDhq-Y"
|-activate|p2a: mZe9%;j.zfCkDhq-Y"|Protect
|
|-weather|Sandstorm|[upkeep]
|-heal|p1a: Tyranitar|100/100|[from] item: Leftovers
|-heal|p2a: mZe9%;j.zfCkDhq-Y"|99/100|[from] item: Leftovers
|upkeep
|turn|21
|
|t:|1730227154
|switch|p2a: HXL6V /%!_2Jwc.xGW|Zapdos|20/100
|move|p1a: Tyranitar|Hidden Power|p2a: HXL6V /%!_2Jwc.xGW
|-resisted|p2a: HXL6V /%!_2Jwc.xGW
|-damage|p2a: HXL6V /%!_2Jwc.xGW|10/100
|
|-weather|Sandstorm|[upkeep]
|-damage|p2a: HXL6V /%!_2Jwc.xGW|4/100|[from] Sandstorm
|-heal|p2a: HXL6V /%!_2Jwc.xGW|10/100|[from] item: Leftovers
|upkeep
|turn|22
|
|t:|1730227177
|switch|p1a: Breloom|Breloom, F|100/100
|move|p2a: HXL6V /%!_2Jwc.xGW|Thunderbolt|p1a: Breloom
|-resisted|p1a: Breloom
|-damage|p1a: Breloom|54/100
|
|-weather|Sandstorm|[upkeep]
|-damage|p1a: Breloom|48/100|[from] Sandstorm
|-damage|p2a: HXL6V /%!_2Jwc.xGW|4/100|[from] Sandstorm
|-heal|p1a: Breloom|54/100|[from] item: Leftovers
|-heal|p2a: HXL6V /%!_2Jwc.xGW|10/100|[from] item: Leftovers
|upkeep
|turn|23
|
|t:|1730227185
|switch|p2a: Js/NSrqaY"Kb 9h^Ay|Gengar, F, shiny|23/100 slp
|move|p1a: Breloom|Mach Punch|p2a: Js/NSrqaY"Kb 9h^Ay
|-immune|p2a: Js/NSrqaY"Kb 9h^Ay
|
|-weather|Sandstorm|[upkeep]
|-damage|p2a: Js/NSrqaY"Kb 9h^Ay|17/100 slp|[from] Sandstorm
|-damage|p1a: Breloom|48/100|[from] Sandstorm
|-heal|p2a: Js/NSrqaY"Kb 9h^Ay|23/100 slp|[from] item: Leftovers
|-heal|p1a: Breloom|54/100|[from] item: Leftovers
|upkeep
|turn|24
|
|t:|1730227194
|-singleturn|p1a: Breloom|move: Focus Punch
|switch|p2a: mZe9%;j.zfCkDhq-Y"|Swampert, M|99/100
|move|p1a: Breloom|Focus Punch|p2a: mZe9%;j.zfCkDhq-Y"
|-damage|p2a: mZe9%;j.zfCkDhq-Y"|21/100
|
|-weather|Sandstorm|[upkeep]
|-damage|p1a: Breloom|48/100|[from] Sandstorm
|-heal|p1a: Breloom|54/100|[from] item: Leftovers
|-heal|p2a: mZe9%;j.zfCkDhq-Y"|27/100|[from] item: Leftovers
|upkeep
|turn|25
|
|t:|1730227203
|move|p2a: mZe9%;j.zfCkDhq-Y"|Protect|p2a: mZe9%;j.zfCkDhq-Y"
|-singleturn|p2a: mZe9%;j.zfCkDhq-Y"|Protect
|move|p1a: Breloom|Sky Uppercut|p2a: mZe9%;j.zfCkDhq-Y"
|-activate|p2a: mZe9%;j.zfCkDhq-Y"|Protect
|
|-weather|Sandstorm|[upkeep]
|-damage|p1a: Breloom|48/100|[from] Sandstorm
|-heal|p1a: Breloom|54/100|[from] item: Leftovers
|-heal|p2a: mZe9%;j.zfCkDhq-Y"|33/100|[from] item: Leftovers
|upkeep
|turn|26
|
|t:|1730227216
|switch|p1a: Tyranitar|Tyranitar, M|100/100
|switch|p2a: HXL6V /%!_2Jwc.xGW|Zapdos|10/100
|
|-weather|Sandstorm|[upkeep]
|-damage|p2a: HXL6V /%!_2Jwc.xGW|4/100|[from] Sandstorm
|-heal|p2a: HXL6V /%!_2Jwc.xGW|10/100|[from] item: Leftovers
|upkeep
|turn|27
|
|t:|1730227227
|move|p2a: HXL6V /%!_2Jwc.xGW|Thunder Wave|p1a: Tyranitar
|-status|p1a: Tyranitar|par
|move|p1a: Tyranitar|Crunch|p2a: HXL6V /%!_2Jwc.xGW
|-damage|p2a: HXL6V /%!_2Jwc.xGW|0 fnt
|faint|p2a: HXL6V /%!_2Jwc.xGW
|
|t:|1730227231
|switch|p2a: V:pY;UGj~6smz k<MA|Jirachi|100/100
|
|-weather|Sandstorm|[upkeep]
|upkeep
|turn|28
|
|t:|1730227245
|move|p2a: V:pY;UGj~6smz k<MA|Substitute|p2a: V:pY;UGj~6smz k<MA
|-start|p2a: V:pY;UGj~6smz k<MA|Substitute
|-damage|p2a: V:pY;UGj~6smz k<MA|75/100
|move|p1a: Tyranitar|Fire Blast|p2a: V:pY;UGj~6smz k<MA
|-supereffective|p2a: V:pY;UGj~6smz k<MA
|-end|p2a: V:pY;UGj~6smz k<MA|Substitute
|
|-weather|Sandstorm|[upkeep]
|-heal|p2a: V:pY;UGj~6smz k<MA|82/100|[from] item: Leftovers
|upkeep
|turn|29
|
|t:|1730227252
|move|p2a: V:pY;UGj~6smz k<MA|Substitute|p2a: V:pY;UGj~6smz k<MA
|-start|p2a: V:pY;UGj~6smz k<MA|Substitute
|-damage|p2a: V:pY;UGj~6smz k<MA|57/100
|cant|p1a: Tyranitar|par
|
|-weather|Sandstorm|[upkeep]
|-heal|p2a: V:pY;UGj~6smz k<MA|63/100|[from] item: Leftovers
|upkeep
|turn|30
|
|t:|1730227256
|move|p2a: V:pY;UGj~6smz k<MA|Calm Mind|p2a: V:pY;UGj~6smz k<MA
|-boost|p2a: V:pY;UGj~6smz k<MA|spa|1
|-boost|p2a: V:pY;UGj~6smz k<MA|spd|1
|move|p1a: Tyranitar|Fire Blast|p2a: V:pY;UGj~6smz k<MA
|-supereffective|p2a: V:pY;UGj~6smz k<MA
|-end|p2a: V:pY;UGj~6smz k<MA|Substitute
|
|-weather|Sandstorm|[upkeep]
|-heal|p2a: V:pY;UGj~6smz k<MA|69/100|[from] item: Leftovers
|upkeep
|turn|31
|
|t:|1730227261
|move|p2a: V:pY;UGj~6smz k<MA|Substitute|p2a: V:pY;UGj~6smz k<MA
|-start|p2a: V:pY;UGj~6smz k<MA|Substitute
|-damage|p2a: V:pY;UGj~6smz k<MA|44/100
|move|p1a: Tyranitar|Fire Blast|p2a: V:pY;UGj~6smz k<MA
|-supereffective|p2a: V:pY;UGj~6smz k<MA
|-crit|p2a: V:pY;UGj~6smz k<MA
|-end|p2a: V:pY;UGj~6smz k<MA|Substitute
|
|-weather|Sandstorm|[upkeep]
|-heal|p2a: V:pY;UGj~6smz k<MA|50/100|[from] item: Leftovers
|upkeep
|turn|32
|
|t:|1730227264
|move|p2a: V:pY;UGj~6smz k<MA|Substitute|p2a: V:pY;UGj~6smz k<MA
|-start|p2a: V:pY;UGj~6smz k<MA|Substitute
|-damage|p2a: V:pY;UGj~6smz k<MA|25/100
|cant|p1a: Tyranitar|par
|
|-weather|Sandstorm|[upkeep]
|-heal|p2a: V:pY;UGj~6smz k<MA|31/100|[from] item: Leftovers
|upkeep
|turn|33
|
|t:|1730227268
|move|p2a: V:pY;UGj~6smz k<MA|Calm Mind|p2a: V:pY;UGj~6smz k<MA
|-boost|p2a: V:pY;UGj~6smz k<MA|spa|1
|-boost|p2a: V:pY;UGj~6smz k<MA|spd|1
|move|p1a: Tyranitar|Fire Blast|p2a: V:pY;UGj~6smz k<MA
|-supereffective|p2a: V:pY;UGj~6smz k<MA
|-end|p2a: V:pY;UGj~6smz k<MA|Substitute
|
|-weather|Sandstorm|[upkeep]
|-heal|p2a: V:pY;UGj~6smz k<MA|38/100|[from] item: Leftovers
|upkeep
|turn|34
|
|t:|1730227271
|move|p2a: V:pY;UGj~6smz k<MA|Substitute|p2a: V:pY;UGj~6smz k<MA
|-start|p2a: V:pY;UGj~6smz k<MA|Substitute
|-damage|p2a: V:pY;UGj~6smz k<MA|13/100
|cant|p1a: Tyranitar|par
|
|-weather|Sandstorm|[upkeep]
|-heal|p2a: V:pY;UGj~6smz k<MA|19/100|[from] item: Leftovers
|upkeep
|turn|35
|
|t:|1730227273
|move|p2a: V:pY;UGj~6smz k<MA|Calm Mind|p2a: V:pY;UGj~6smz k<MA
|-boost|p2a: V:pY;UGj~6smz k<MA|spa|1
|-boost|p2a: V:pY;UGj~6smz k<MA|spd|1
|cant|p1a: Tyranitar|par
|
|-weather|Sandstorm|[upkeep]
|-heal|p2a: V:pY;UGj~6smz k<MA|25/100|[from] item: Leftovers
|upkeep
|turn|36
|
|t:|1730227277
|move|p2a: V:pY;UGj~6smz k<MA|Calm Mind|p2a: V:pY;UGj~6smz k<MA
|-boost|p2a: V:pY;UGj~6smz k<MA|spa|1
|-boost|p2a: V:pY;UGj~6smz k<MA|spd|1
|cant|p1a: Tyranitar|par
|
|-weather|Sandstorm|[upkeep]
|-heal|p2a: V:pY;UGj~6smz k<MA|31/100|[from] item: Leftovers
|upkeep
|turn|37
|
|t:|1730227282
|move|p2a: V:pY;UGj~6smz k<MA|Calm Mind|p2a: V:pY;UGj~6smz k<MA
|-boost|p2a: V:pY;UGj~6smz k<MA|spa|1
|-boost|p2a: V:pY;UGj~6smz k<MA|spd|1
|move|p1a: Tyranitar|Fire Blast|p2a: V:pY;UGj~6smz k<MA
|-supereffective|p2a: V:pY;UGj~6smz k<MA
|-activate|p2a: V:pY;UGj~6smz k<MA|Substitute|[damage]
|
|-weather|Sandstorm|[upkeep]
|-heal|p2a: V:pY;UGj~6smz k<MA|37/100|[from] item: Leftovers
|upkeep
|turn|38
|
|t:|1730227288
|move|p2a: V:pY;UGj~6smz k<MA|Calm Mind|p2a: V:pY;UGj~6smz k<MA
|-boost|p2a: V:pY;UGj~6smz k<MA|spa|1
|-boost|p2a: V:pY;UGj~6smz k<MA|spd|1
|cant|p1a: Tyranitar|par
|
|-weather|Sandstorm|[upkeep]
|-heal|p2a: V:pY;UGj~6smz k<MA|44/100|[from] item: Leftovers
|upkeep
|turn|39
|
|t:|1730227293
|move|p2a: V:pY;UGj~6smz k<MA|Fire Punch|p1a: Tyranitar
|-resisted|p1a: Tyranitar
|-damage|p1a: Tyranitar|67/100 par
|move|p1a: Tyranitar|Crunch|p2a: V:pY;UGj~6smz k<MA
|-crit|p2a: V:pY;UGj~6smz k<MA
|-end|p2a: V:pY;UGj~6smz k<MA|Substitute
|
|-weather|Sandstorm|[upkeep]
|-heal|p2a: V:pY;UGj~6smz k<MA|50/100|[from] item: Leftovers
|-heal|p1a: Tyranitar|73/100 par|[from] item: Leftovers
|upkeep
|turn|40
|
|t:|1730227302
|move|p2a: V:pY;UGj~6smz k<MA|Substitute|p2a: V:pY;UGj~6smz k<MA
|-start|p2a: V:pY;UGj~6smz k<MA|Substitute
|-damage|p2a: V:pY;UGj~6smz k<MA|25/100
|move|p1a: Tyranitar|Fire Blast|p2a: V:pY;UGj~6smz k<MA
|-supereffective|p2a: V:pY;UGj~6smz k<MA
|-activate|p2a: V:pY;UGj~6smz k<MA|Substitute|[damage]
|
|-weather|Sandstorm|[upkeep]
|-heal|p2a: V:pY;UGj~6smz k<MA|31/100|[from] item: Leftovers
|-heal|p1a: Tyranitar|79/100 par|[from] item: Leftovers
|upkeep
|turn|41
|
|t:|1730227305
|move|p2a: V:pY;UGj~6smz k<MA|Fire Punch|p1a: Tyranitar
|-resisted|p1a: Tyranitar
|-damage|p1a: Tyranitar|43/100 par
|move|p1a: Tyranitar|Fire Blast|p2a: V:pY;UGj~6smz k<MA
|-supereffective|p2a: V:pY;UGj~6smz k<MA
|-end|p2a: V:pY;UGj~6smz k<MA|Substitute
|
|-weather|Sandstorm|[upkeep]
|-heal|p2a: V:pY;UGj~6smz k<MA|37/100|[from] item: Leftovers
|-heal|p1a: Tyranitar|49/100 par|[from] item: Leftovers
|upkeep
|turn|42
|
|t:|1730227312
|move|p2a: V:pY;UGj~6smz k<MA|Substitute|p2a: V:pY;UGj~6smz k<MA
|-start|p2a: V:pY;UGj~6smz k<MA|Substitute
|-damage|p2a: V:pY;UGj~6smz k<MA|12/100
|cant|p1a: Tyranitar|par
|
|-weather|Sandstorm|[upkeep]
|-heal|p2a: V:pY;UGj~6smz k<MA|18/100|[from] item: Leftovers
|-heal|p1a: Tyranitar|55/100 par|[from] item: Leftovers
|upkeep
|turn|43
|c|☆MeEsSm|lmao
|
|t:|1730227318
|move|p2a: V:pY;UGj~6smz k<MA|Fire Punch|p1a: Tyranitar
|-resisted|p1a: Tyranitar
|-damage|p1a: Tyranitar|18/100 par
|move|p1a: Tyranitar|Fire Blast|p2a: V:pY;UGj~6smz k<MA
|-supereffective|p2a: V:pY;UGj~6smz k<MA
|-crit|p2a: V:pY;UGj~6smz k<MA
|-end|p2a: V:pY;UGj~6smz k<MA|Substitute
|
|-weather|Sandstorm|[upkeep]
|-heal|p2a: V:pY;UGj~6smz k<MA|25/100|[from] item: Leftovers
|-heal|p1a: Tyranitar|24/100 par|[from] item: Leftovers
|upkeep
|turn|44
|
|t:|1730227327
|move|p2a: V:pY;UGj~6smz k<MA|Fire Punch|p1a: Tyranitar
|-resisted|p1a: Tyranitar
|-damage|p1a: Tyranitar|0 fnt
|faint|p1a: Tyranitar
|
|t:|1730227331
|switch|p1a: Breloom|Breloom, F|54/100
|
|-weather|Sandstorm|[upkeep]
|-damage|p1a: Breloom|48/100|[from] Sandstorm
|-heal|p2a: V:pY;UGj~6smz k<MA|31/100|[from] item: Leftovers
|-heal|p1a: Breloom|54/100|[from] item: Leftovers
|upkeep
|turn|45
|
|t:|1730227341
|move|p1a: Breloom|Mach Punch|p2a: V:pY;UGj~6smz k<MA
|-damage|p2a: V:pY;UGj~6smz k<MA|15/100
|move|p2a: V:pY;UGj~6smz k<MA|Psychic|p1a: Breloom
|-supereffective|p1a: Breloom
|-damage|p1a: Breloom|0 fnt
|faint|p1a: Breloom
|
|t:|1730227346
|switch|p1a: Jirachi|Jirachi|100/100
|
|-weather|Sandstorm|[upkeep]
|-heal|p2a: V:pY;UGj~6smz k<MA|21/100|[from] item: Leftovers
|upkeep
|turn|46
|
|t:|1730227355
|move|p1a: Jirachi|Thunder|p2a: V:pY;UGj~6smz k<MA
|-damage|p2a: V:pY;UGj~6smz k<MA|13/100
|move|p2a: V:pY;UGj~6smz k<MA|Fire Punch|p1a: Jirachi
|-supereffective|p1a: Jirachi
|-damage|p1a: Jirachi|0 fnt
|faint|p1a: Jirachi
|
|win|VZR

</script>
<script type="application/json" class="data" id="replaydata-smogtours-gen3ou-803263">
{"id":"smogtours-gen3ou-803263","format":"[Gen 3] OU","players":["MeEsSm","VZR"],"uploadtime":1730227355,"views":96,"formatid":"gen3ou","rating":null,"private":0,"password":null}
</script>

<script defer src="js/replays.js?9d40a366"></script>
