<!DOCTYPE html>
<meta charset="utf-8" />
<meta name="viewport" content="width=device-width" />

<title>[Gen 3] OU: lemoncholy vs. shadowtime2000 - Replays - Pok&eacute;mon Showdown!</title>

<meta name="description" content="Watch a replay of a Pok&eacute;mon battle between lemoncholy and shadowtime2000! Format: [Gen 3] OU; Date: Oct 13, 2024" />
<!--

Hey, you! Looking in the source for the replay log?

You can find them in JSON format, just add `.json` at the end of a replay URL.

https://replay.pokemonshowdown.com/gen7randomdoublesbattle-865046831.json

Or, if you only need the log itself, add `.log` instead:

https://replay.pokemonshowdown.com/gen7randomdoublesbattle-865046831.log

-->

<link rel="stylesheet" href="//pokemonshowdown.com/style/global.css?0.023195364461161105" />
<link rel="stylesheet" href="//play.pokemonshowdown.com/style/font-awesome.css?0.13261647063804238" />
<link rel="stylesheet" href="//play.pokemonshowdown.com/style/battle.css?0.8753245789963631" />
<link rel="stylesheet" href="//play.pokemonshowdown.com/style/utilichart.css?0.8627959624976733" />

<!-- Global site tag (gtag.js) - Google Analytics -->
<script async src="https://www.googletagmanager.com/gtag/js?id=UA-26211653-1"></script>
<script>
  window.dataLayer = window.dataLayer || [];
  function gtag(){dataLayer.push(arguments);}
  gtag('js', new Date());

  gtag('config', 'UA-26211653-1');
</script>
<!-- End Google Analytics -->
<!-- Venatus Ad Manager - Install in <HEAD> of page -->
	<script src="https://hb.vntsm.com/v3/live/ad-manager.min.js" type="text/javascript" data-site-id="642aba63ec9a7b11c3c9c1be" data-mode="scan" async></script>
<!-- / Venatus Ad Manager -->

<style>
	@media (max-width:820px) {
		.battle {
			margin: 0 auto;
		}
		.battle-log {
			margin: 7px auto 0;
			max-width: 640px;
			height: 300px;
			position: static;
		}
	}
	.optgroup {
		display: inline-block;
		line-height: 22px;
		font-size: 10pt;
	}
	.optgroup .button {
		height: 25px;
		padding-top: 0;
		padding-bottom: 0;
	}
	.optgroup button.button {
		padding-left: 12px;
		padding-right: 12px;
	}
	.linklist {
		list-style: none;
		margin: 0.5em 0;
		padding: 0;
	}
	.linklist li {
		padding: 2px 0;
	}
	.sidebar {
		float: left;
		width: 320px;
	}
	.bar-wrapper {
		max-width: 1100px;
		margin: 0 auto;
	}
	.bar-wrapper.has-sidebar {
		max-width: 1430px;
	}
	.mainbar {
		margin: 0;
		padding-right: 1px;
	}
	.mainbar.has-sidebar {
		margin-left: 330px;
	}
	@media (min-width: 1511px) {
		.sidebar {
			width: 400px;
		}
		.bar-wrapper.has-sidebar {
			max-width: 1510px;
		}
		.mainbar.has-sidebar {
			margin-left: 410px;
		}
	}
	.section.first-section {
		margin-top: 9px;
	}
	.blocklink small {
		white-space: normal;
	}
	.button {
		vertical-align: middle;
	}
	.replay-controls {
		padding-top: 10px;
	}
	.replay-controls h1 {
		font-size: 16pt;
		font-weight: normal;
		color: #CCC;
	}
	.pagelink {
		text-align: center;
	}
	.pagelink a {
		width: 150px;
	}
	.textbox, .button {
		font-size: 11pt;
		vertical-align: middle;
	}
	@media (max-width: 450px) {
		.button {
			font-size: 9pt;
		}
	}
</style>

<div>

	<header>
		<div class="nav-wrapper"><ul class="nav">
			<li><a class="button nav-first" href="//pokemonshowdown.com/"><img src="//pokemonshowdown.com/images/pokemonshowdownbeta.png" srcset="//pokemonshowdown.com/images/pokemonshowdownbeta.png 1x, //pokemonshowdown.com/images/pokemonshowdownbeta@2x.png 2x" alt="Pok&eacute;mon Showdown" width="146" height="44" /> Home</a></li>
			<li><a class="button" href="//pokemonshowdown.com/dex/">Pok&eacute;dex</a></li>
			<li><a class="button cur" href="/">Replays</a></li>
			<li><a class="button" href="//pokemonshowdown.com/ladder/">Ladder</a></li>
			<li><a class="button nav-last" href="//pokemonshowdown.com/forums/">Forum</a></li>
			<li><a class="button greenbutton nav-first nav-last" href="//play.pokemonshowdown.com/">Play</a></li>
		</ul></div>
	</header>

	<div class="main" id="main">

		<noscript><section class="section">You need to enable JavaScript to use this page; sorry!</section></noscript>

	</div>

</div>

<script defer nomodule src="//play.pokemonshowdown.com/js/lib/ps-polyfill.js"></script>
<script defer src="//play.pokemonshowdown.com/js/lib/preact.min.js"></script>

<script defer src="//play.pokemonshowdown.com/config/config.js?2bddbc15"></script>
<script defer src="//play.pokemonshowdown.com/js/lib/jquery-1.11.0.min.js"></script>
<script defer src="//play.pokemonshowdown.com/js/lib/html-sanitizer-minified.js"></script>
<script defer src="//play.pokemonshowdown.com/js/battle-sound.js"></script>
<script defer src="//play.pokemonshowdown.com/js/battledata.js?0.7209276989879541"></script>
<script defer src="//play.pokemonshowdown.com/data/pokedex-mini.js?0.6111056340867951"></script>
<script defer src="//play.pokemonshowdown.com/data/pokedex-mini-bw.js?0.3532142036491459"></script>
<script defer src="//play.pokemonshowdown.com/data/graphics.js?0.24223875632456182"></script>
<script defer src="//play.pokemonshowdown.com/data/pokedex.js?0.38839984266356864"></script>
<script defer src="//play.pokemonshowdown.com/data/moves.js?0.21866028504024015"></script>
<script defer src="//play.pokemonshowdown.com/data/abilities.js?0.2005157953846628"></script>
<script defer src="//play.pokemonshowdown.com/data/items.js?0.9894211263848525"></script>
<script defer src="//play.pokemonshowdown.com/data/teambuilder-tables.js?0.6008791140282215"></script>
<script defer src="//play.pokemonshowdown.com/js/battle-tooltips.js?0.7580118955022959"></script>
<script defer src="//play.pokemonshowdown.com/js/battle.js?0.6057722274234274"></script>

<script defer src="js/utils.js?e31f9a17"></script>
<script defer src="js/replays-battle.js?7008c182"></script>

<!-- don't scrape this data! just add .json or .log after the URL!
Full API docs: https://github.com/smogon/pokemon-showdown-client/blob/master/WEB-API.md -->
<script type="text/plain" class="log" id="replaylog-gen3ou-2222257341-oupo9p54aoobde6lregaajp0hore4ekpw">
|j|☆lemoncholy
|j|‽shadowtime2000
|t:|1728854551
|gametype|singles
|player|p1|lemoncholy|will|
|player|p2|shadowtime2000|101|
|teamsize|p1|6
|teamsize|p2|6
|gen|3
|tier|[Gen 3] OU
|rule|Sleep Clause Mod: Limit one foe put to sleep
|rule|Switch Priority Clause Mod: Faster Pokémon switch first
|rule|Species Clause: Limit one of each Pokémon
|rule|OHKO Clause: OHKO moves are banned
|rule|Evasion Items Clause: Evasion items are banned
|rule|Evasion Moves Clause: Evasion moves are banned
|rule|Endless Battle Clause: Forcing endless battles is banned
|rule|HP Percentage Mod: HP is shown in percentages
|rule|One Boost Passer Clause: Limit one Baton Passer that has a way to boost its stats
|rule|Freeze Clause Mod: Limit one foe frozen
|
|t:|1728854551
|start
|switch|p1a: Hariyama|Hariyama, F|100/100
|switch|p2a: Zapdos|Zapdos|100/100
|turn|1
|inactive|Battle timer is ON: inactive players will automatically lose when time's up. (requested by lemoncholy)
|c|‽shadowtime2000|/log shadowtime2000 hid the replay of this battle.
|inactive|lemoncholy has 270 seconds left.
|
|t:|1728854593
|move|p2a: Zapdos|Substitute|p2a: Zapdos
|-start|p2a: Zapdos|Substitute
|-damage|p2a: Zapdos|76/100
|move|p1a: Hariyama|Hidden Power|p2a: Zapdos
|-supereffective|p2a: Zapdos
|-end|p2a: Zapdos|Substitute
|
|-heal|p2a: Zapdos|82/100|[from] item: Leftovers
|upkeep
|turn|2
|
|t:|1728854606
|move|p2a: Zapdos|Substitute|p2a: Zapdos
|-start|p2a: Zapdos|Substitute
|-damage|p2a: Zapdos|57/100
|move|p1a: Hariyama|Hidden Power|p2a: Zapdos
|-supereffective|p2a: Zapdos
|-end|p2a: Zapdos|Substitute
|
|-heal|p2a: Zapdos|63/100|[from] item: Leftovers
|upkeep
|turn|3
|
|t:|1728854614
|move|p2a: Zapdos|Baton Pass|p2a: Zapdos
|
|t:|1728854615
|switch|p2a: Breloom|Breloom, M|100/100|[from] Baton Pass
|move|p1a: Hariyama|Hidden Power|p2a: Breloom
|-resisted|p2a: Breloom
|-damage|p2a: Breloom|83/100
|
|upkeep
|turn|4
|inactive|lemoncholy has 270 seconds left.
|
|t:|1728854654
|move|p2a: Breloom|Spore|p1a: Hariyama
|-status|p1a: Hariyama|slp|[from] move: Spore
|cant|p1a: Hariyama|slp
|
|upkeep
|turn|5
|
|t:|1728854661
|-singleturn|p2a: Breloom|move: Focus Punch
|switch|p1a: Salamence|Salamence, F|100/100
|-ability|p1a: Salamence|Intimidate|boost
|-unboost|p2a: Breloom|atk|1
|move|p2a: Breloom|Focus Punch|p1a: Salamence
|-resisted|p1a: Salamence
|-damage|p1a: Salamence|65/100
|
|-heal|p1a: Salamence|71/100|[from] item: Leftovers
|upkeep
|turn|6
|
|t:|1728854675
|switch|p2a: Tyranitar|Tyranitar, M|100/100
|-weather|Sandstorm|[from] ability: Sand Stream|[of] p2a: Tyranitar
|move|p1a: Salamence|Roar|p2a: Tyranitar
|drag|p2a: Zapdos|Zapdos|63/100
|
|-weather|Sandstorm|[upkeep]
|-damage|p2a: Zapdos|57/100|[from] Sandstorm
|-damage|p1a: Salamence|65/100|[from] Sandstorm
|-heal|p2a: Zapdos|63/100|[from] item: Leftovers
|-heal|p1a: Salamence|71/100|[from] item: Leftovers
|upkeep
|turn|7
|inactive|lemoncholy has 270 seconds left.
|
|t:|1728854708
|switch|p1a: Blissey|Blissey, F|100/100
|move|p2a: Zapdos|Hidden Power|p1a: Blissey
|-damage|p1a: Blissey|93/100
|
|-weather|Sandstorm|[upkeep]
|-damage|p2a: Zapdos|57/100|[from] Sandstorm
|-damage|p1a: Blissey|86/100|[from] Sandstorm
|-heal|p2a: Zapdos|63/100|[from] item: Leftovers
|-heal|p1a: Blissey|93/100|[from] item: Leftovers
|upkeep
|turn|8
|
|t:|1728854723
|move|p2a: Zapdos|Baton Pass|p2a: Zapdos
|
|t:|1728854725
|switch|p2a: Metagross|Metagross|100/100|[from] Baton Pass
|move|p1a: Blissey|Seismic Toss|p2a: Metagross
|-damage|p2a: Metagross|70/100
|
|-weather|Sandstorm|[upkeep]
|-damage|p1a: Blissey|86/100|[from] Sandstorm
|-heal|p2a: Metagross|76/100|[from] item: Leftovers
|-heal|p1a: Blissey|93/100|[from] item: Leftovers
|upkeep
|turn|9
|inactive|shadowtime2000 has 270 seconds left.
|
|t:|1728854751
|switch|p2a: Tyranitar|Tyranitar, M|100/100
|switch|p1a: Skarmory|Skarmory, F|100/100
|
|-weather|Sandstorm|[upkeep]
|upkeep
|turn|10
|inactive|lemoncholy has 270 seconds left.
|
|t:|1728854759
|move|p2a: Tyranitar|Fire Blast|p1a: Skarmory
|-supereffective|p1a: Skarmory
|-damage|p1a: Skarmory|37/100
|move|p1a: Skarmory|Spikes|p2a: Tyranitar
|-sidestart|p2: shadowtime2000|Spikes
|
|-weather|Sandstorm|[upkeep]
|-heal|p1a: Skarmory|43/100|[from] item: Leftovers
|upkeep
|turn|11
|
|t:|1728854775
|switch|p1a: Blissey|Blissey, F|93/100
|move|p2a: Tyranitar|Fire Blast|p1a: Blissey|[miss]
|-miss|p2a: Tyranitar|p1a: Blissey
|
|-weather|Sandstorm|[upkeep]
|-damage|p1a: Blissey|86/100|[from] Sandstorm
|-heal|p1a: Blissey|93/100|[from] item: Leftovers
|upkeep
|turn|12
|inactive|shadowtime2000 has 270 seconds left.
|
|t:|1728854797
|switch|p2a: Metagross|Metagross|76/100
|-damage|p2a: Metagross|64/100|[from] Spikes
|move|p1a: Blissey|Thunder Wave|p2a: Metagross
|-status|p2a: Metagross|par
|
|-weather|Sandstorm|[upkeep]
|-damage|p1a: Blissey|86/100|[from] Sandstorm
|-heal|p1a: Blissey|93/100|[from] item: Leftovers
|-heal|p2a: Metagross|70/100 par|[from] item: Leftovers
|upkeep
|turn|13
|inactive|shadowtime2000 has 270 seconds left.
|inactive|lemoncholy has 270 seconds left.
|
|t:|1728854824
|switch|p1a: Skarmory|Skarmory, F|43/100
|switch|p2a: Salamence|Salamence, M|100/100
|-ability|p2a: Salamence|Intimidate|boost
|-unboost|p1a: Skarmory|atk|1
|
|-weather|Sandstorm|[upkeep]
|-damage|p2a: Salamence|94/100|[from] Sandstorm
|-heal|p2a: Salamence|100/100|[from] item: Leftovers
|-heal|p1a: Skarmory|49/100|[from] item: Leftovers
|upkeep
|turn|14
|inactive|lemoncholy has 270 seconds left.
|
|t:|1728854838
|switch|p1a: Swampert|Swampert, M|100/100
|move|p2a: Salamence|Brick Break|p1a: Swampert
|-damage|p1a: Swampert|86/100
|
|-weather|Sandstorm|[upkeep]
|-damage|p2a: Salamence|94/100|[from] Sandstorm
|-heal|p2a: Salamence|100/100|[from] item: Leftovers
|-heal|p1a: Swampert|92/100|[from] item: Leftovers
|upkeep
|turn|15
|inactive|lemoncholy has 270 seconds left.
|
|t:|1728854873
|move|p2a: Salamence|Hidden Power|p1a: Swampert
|-supereffective|p1a: Swampert
|-damage|p1a: Swampert|12/100
|move|p1a: Swampert|Ice Beam|p2a: Salamence
|-supereffective|p2a: Salamence
|-damage|p2a: Salamence|7/100
|
|-weather|Sandstorm|[upkeep]
|-damage|p2a: Salamence|1/100|[from] Sandstorm
|-heal|p2a: Salamence|7/100|[from] item: Leftovers
|-heal|p1a: Swampert|18/100|[from] item: Leftovers
|upkeep
|turn|16
|
|t:|1728854884
|move|p1a: Swampert|Protect|p1a: Swampert
|-singleturn|p1a: Swampert|Protect
|move|p2a: Salamence|Dragon Claw|p1a: Swampert
|-activate|p1a: Swampert|Protect
|
|-weather|Sandstorm|[upkeep]
|-damage|p2a: Salamence|1/100|[from] Sandstorm
|-heal|p2a: Salamence|7/100|[from] item: Leftovers
|-heal|p1a: Swampert|25/100|[from] item: Leftovers
|upkeep
|turn|17
|
|t:|1728854901
|switch|p1a: Blissey|Blissey, F|93/100
|move|p2a: Salamence|Dragon Claw|p1a: Blissey
|-damage|p1a: Blissey|77/100
|
|-weather|Sandstorm|[upkeep]
|-damage|p2a: Salamence|1/100|[from] Sandstorm
|-damage|p1a: Blissey|71/100|[from] Sandstorm
|-heal|p2a: Salamence|7/100|[from] item: Leftovers
|-heal|p1a: Blissey|77/100|[from] item: Leftovers
|upkeep
|turn|18
|
|t:|1728854911
|move|p2a: Salamence|Brick Break|p1a: Blissey
|-supereffective|p1a: Blissey
|-damage|p1a: Blissey|40/100
|move|p1a: Blissey|Wish|p1a: Blissey
|
|-weather|Sandstorm|[upkeep]
|-damage|p2a: Salamence|1/100|[from] Sandstorm
|-damage|p1a: Blissey|33/100|[from] Sandstorm
|-heal|p2a: Salamence|7/100|[from] item: Leftovers
|-heal|p1a: Blissey|40/100|[from] item: Leftovers
|upkeep
|turn|19
|inactive|shadowtime2000 has 240 seconds left.
|
|t:|1728854936
|move|p2a: Salamence|Fire Blast|p1a: Blissey|[miss]
|-miss|p2a: Salamence|p1a: Blissey
|move|p1a: Blissey|Soft-Boiled|p1a: Blissey
|-heal|p1a: Blissey|90/100
|
|-heal|p1a: Blissey|100/100|[from] move: Wish|[wisher] Blissey
|-weather|Sandstorm|[upkeep]
|-damage|p2a: Salamence|1/100|[from] Sandstorm
|-damage|p1a: Blissey|94/100|[from] Sandstorm
|-heal|p2a: Salamence|7/100|[from] item: Leftovers
|-heal|p1a: Blissey|100/100|[from] item: Leftovers
|upkeep
|turn|20
|inactive|shadowtime2000 has 240 seconds left.
|
|t:|1728854951
|move|p2a: Salamence|Brick Break|p1a: Blissey
|-supereffective|p1a: Blissey
|-damage|p1a: Blissey|62/100
|move|p1a: Blissey|Wish|p1a: Blissey
|
|-weather|Sandstorm|[upkeep]
|-damage|p2a: Salamence|1/100|[from] Sandstorm
|-damage|p1a: Blissey|56/100|[from] Sandstorm
|-heal|p2a: Salamence|7/100|[from] item: Leftovers
|-heal|p1a: Blissey|62/100|[from] item: Leftovers
|upkeep
|turn|21
|
|t:|1728854954
|move|p2a: Salamence|Brick Break|p1a: Blissey
|-supereffective|p1a: Blissey
|-damage|p1a: Blissey|23/100
|move|p1a: Blissey|Seismic Toss|p2a: Salamence
|-damage|p2a: Salamence|0 fnt
|faint|p2a: Salamence
|
|t:|1728854957
|switch|p2a: Breloom|Breloom, M|83/100
|-damage|p2a: Breloom|71/100|[from] Spikes
|
|-heal|p1a: Blissey|73/100|[from] move: Wish|[wisher] Blissey
|-weather|Sandstorm|[upkeep]
|-damage|p2a: Breloom|65/100|[from] Sandstorm
|-damage|p1a: Blissey|67/100|[from] Sandstorm
|-heal|p1a: Blissey|73/100|[from] item: Leftovers
|upkeep
|turn|22
|
|t:|1728854968
|-singleturn|p2a: Breloom|move: Focus Punch
|switch|p1a: Claydol|Claydol|100/100
|move|p2a: Breloom|Focus Punch|p1a: Claydol
|-resisted|p1a: Claydol
|-crit|p1a: Claydol
|-damage|p1a: Claydol|2/100
|
|-weather|Sandstorm|[upkeep]
|-damage|p2a: Breloom|59/100|[from] Sandstorm
|-heal|p1a: Claydol|8/100|[from] item: Leftovers
|upkeep
|turn|23
|
|t:|1728854980
|move|p2a: Breloom|Mach Punch|p1a: Claydol
|-resisted|p1a: Claydol
|-damage|p1a: Claydol|0 fnt
|faint|p1a: Claydol
|
|t:|1728854982
|switch|p1a: Salamence|Salamence, F|71/100
|-ability|p1a: Salamence|Intimidate|boost
|-unboost|p2a: Breloom|atk|1
|
|-weather|Sandstorm|[upkeep]
|-damage|p1a: Salamence|65/100|[from] Sandstorm
|-damage|p2a: Breloom|53/100|[from] Sandstorm
|-heal|p1a: Salamence|71/100|[from] item: Leftovers
|upkeep
|turn|24
|inactive|shadowtime2000 has 270 seconds left.
|
|t:|1728854997
|switch|p2a: Zapdos|Zapdos|63/100
|move|p1a: Salamence|Dragon Claw|p2a: Zapdos
|-damage|p2a: Zapdos|15/100
|
|-weather|Sandstorm|[upkeep]
|-damage|p2a: Zapdos|9/100|[from] Sandstorm
|-damage|p1a: Salamence|65/100|[from] Sandstorm
|-heal|p2a: Zapdos|15/100|[from] item: Leftovers
|-heal|p1a: Salamence|71/100|[from] item: Leftovers
|upkeep
|turn|25
|inactive|lemoncholy has 270 seconds left.
|inactive|shadowtime2000 has 240 seconds left.
|
|t:|1728855046
|switch|p1a: Blissey|Blissey, F|73/100
|move|p2a: Zapdos|Baton Pass|p2a: Zapdos
|
|t:|1728855049
|switch|p2a: Breloom|Breloom, M|53/100|[from] Baton Pass
|-damage|p2a: Breloom|41/100|[from] Spikes
|
|-weather|Sandstorm|[upkeep]
|-damage|p2a: Breloom|35/100|[from] Sandstorm
|-damage|p1a: Blissey|67/100|[from] Sandstorm
|-heal|p1a: Blissey|73/100|[from] item: Leftovers
|upkeep
|turn|26
|inactive|shadowtime2000 has 240 seconds left.
|inactive|lemoncholy has 270 seconds left.
|
|t:|1728855063
|move|p2a: Breloom|Sky Uppercut|p1a: Blissey
|-supereffective|p1a: Blissey
|-damage|p1a: Blissey|0 fnt
|faint|p1a: Blissey
|inactive|lemoncholy has 270 seconds left.
|
|t:|1728855071
|switch|p1a: Salamence|Salamence, F|71/100
|-ability|p1a: Salamence|Intimidate|boost
|-unboost|p2a: Breloom|atk|1
|
|-weather|Sandstorm|[upkeep]
|-damage|p1a: Salamence|65/100|[from] Sandstorm
|-damage|p2a: Breloom|29/100|[from] Sandstorm
|-heal|p1a: Salamence|71/100|[from] item: Leftovers
|upkeep
|turn|27
|
|t:|1728855076
|-singleturn|p2a: Breloom|move: Focus Punch
|move|p1a: Salamence|Dragon Claw|p2a: Breloom
|-damage|p2a: Breloom|0 fnt
|faint|p2a: Breloom
|
|t:|1728855079
|switch|p2a: Zapdos|Zapdos|15/100
|
|-weather|Sandstorm|[upkeep]
|-damage|p2a: Zapdos|9/100|[from] Sandstorm
|-damage|p1a: Salamence|65/100|[from] Sandstorm
|-heal|p2a: Zapdos|15/100|[from] item: Leftovers
|-heal|p1a: Salamence|71/100|[from] item: Leftovers
|upkeep
|turn|28
|
|t:|1728855086
|switch|p1a: Swampert|Swampert, M|25/100
|move|p2a: Zapdos|Hidden Power|p1a: Swampert
|-damage|p1a: Swampert|2/100
|
|-weather|Sandstorm|[upkeep]
|-damage|p2a: Zapdos|9/100|[from] Sandstorm
|-heal|p2a: Zapdos|15/100|[from] item: Leftovers
|-heal|p1a: Swampert|9/100|[from] item: Leftovers
|upkeep
|turn|29
|
|t:|1728855093
|move|p1a: Swampert|Protect|p1a: Swampert
|-singleturn|p1a: Swampert|Protect
|move|p2a: Zapdos|Hidden Power|p1a: Swampert
|-activate|p1a: Swampert|Protect
|
|-weather|Sandstorm|[upkeep]
|-damage|p2a: Zapdos|9/100|[from] Sandstorm
|-heal|p2a: Zapdos|15/100|[from] item: Leftovers
|-heal|p1a: Swampert|15/100|[from] item: Leftovers
|upkeep
|turn|30
|
|t:|1728855108
|switch|p1a: Skarmory|Skarmory, F|49/100
|move|p2a: Zapdos|Hidden Power|p1a: Skarmory
|-damage|p1a: Skarmory|25/100
|
|-weather|Sandstorm|[upkeep]
|-damage|p2a: Zapdos|9/100|[from] Sandstorm
|-heal|p2a: Zapdos|15/100|[from] item: Leftovers
|-heal|p1a: Skarmory|31/100|[from] item: Leftovers
|upkeep
|turn|31
|
|t:|1728855114
|move|p1a: Skarmory|Protect|p1a: Skarmory
|-singleturn|p1a: Skarmory|Protect
|move|p2a: Zapdos|Thunderbolt|p1a: Skarmory
|-activate|p1a: Skarmory|Protect
|
|-weather|Sandstorm|[upkeep]
|-damage|p2a: Zapdos|9/100|[from] Sandstorm
|-heal|p2a: Zapdos|15/100|[from] item: Leftovers
|-heal|p1a: Skarmory|37/100|[from] item: Leftovers
|upkeep
|turn|32
|
|t:|1728855120
|move|p2a: Zapdos|Hidden Power|p1a: Skarmory
|-damage|p1a: Skarmory|17/100
|move|p1a: Skarmory|Toxic|p2a: Zapdos
|-status|p2a: Zapdos|tox
|
|-weather|Sandstorm|[upkeep]
|-damage|p2a: Zapdos|9/100 tox|[from] Sandstorm
|-heal|p2a: Zapdos|15/100 tox|[from] item: Leftovers
|-damage|p2a: Zapdos|9/100 tox|[from] psn
|-heal|p1a: Skarmory|23/100|[from] item: Leftovers
|upkeep
|turn|33
|
|t:|1728855134
|move|p2a: Zapdos|Hidden Power|p1a: Skarmory
|-damage|p1a: Skarmory|0 fnt
|faint|p1a: Skarmory
|
|t:|1728855137
|switch|p1a: Swampert|Swampert, M|15/100
|
|-weather|Sandstorm|[upkeep]
|-damage|p2a: Zapdos|2/100 tox|[from] Sandstorm
|-heal|p2a: Zapdos|9/100 tox|[from] item: Leftovers
|-damage|p2a: Zapdos|0 fnt|[from] psn
|faint|p2a: Zapdos
|-heal|p1a: Swampert|21/100|[from] item: Leftovers
|upkeep
|
|t:|1728855146
|switch|p2a: Tyranitar|Tyranitar, M|100/100
|-damage|p2a: Tyranitar|88/100|[from] Spikes
|turn|34
|
|t:|1728855168
|move|p1a: Swampert|Protect|p1a: Swampert
|-singleturn|p1a: Swampert|Protect
|move|p2a: Tyranitar|Crunch|p1a: Swampert
|-activate|p1a: Swampert|Protect
|
|-weather|Sandstorm|[upkeep]
|-heal|p1a: Swampert|27/100|[from] item: Leftovers
|upkeep
|turn|35
|inactive|shadowtime2000 has 270 seconds left.
|inactive|lemoncholy has 270 seconds left.
|
|t:|1728855202
|switch|p1a: Hariyama|Hariyama, F|100/100 slp
|move|p2a: Tyranitar|Crunch|p1a: Hariyama
|-resisted|p1a: Hariyama
|-damage|p1a: Hariyama|82/100 slp
|
|-weather|Sandstorm|[upkeep]
|-damage|p1a: Hariyama|76/100 slp|[from] Sandstorm
|-heal|p1a: Hariyama|82/100 slp|[from] item: Leftovers
|upkeep
|turn|36
|
|t:|1728855206
|switch|p2a: Heracross|Heracross, F|100/100
|-damage|p2a: Heracross|88/100|[from] Spikes
|-curestatus|p1a: Hariyama|slp|[msg]
|move|p1a: Hariyama|Brick Break|p2a: Heracross
|-resisted|p2a: Heracross
|-damage|p2a: Heracross|62/100
|
|-weather|Sandstorm|[upkeep]
|-damage|p2a: Heracross|56/100|[from] Sandstorm
|-damage|p1a: Hariyama|76/100|[from] Sandstorm
|-heal|p2a: Heracross|62/100|[from] item: Leftovers
|-heal|p1a: Hariyama|82/100|[from] item: Leftovers
|upkeep
|turn|37
|inactive|shadowtime2000 has 270 seconds left.
|
|t:|1728855225
|switch|p1a: Salamence|Salamence, F|71/100
|-ability|p1a: Salamence|Intimidate|boost
|-unboost|p2a: Heracross|atk|1
|move|p2a: Heracross|Swords Dance|p2a: Heracross
|-boost|p2a: Heracross|atk|2
|
|-weather|Sandstorm|[upkeep]
|-damage|p2a: Heracross|56/100|[from] Sandstorm
|-damage|p1a: Salamence|65/100|[from] Sandstorm
|-heal|p2a: Heracross|62/100|[from] item: Leftovers
|-heal|p1a: Salamence|71/100|[from] item: Leftovers
|upkeep
|turn|38
|
|t:|1728855235
|move|p2a: Heracross|Rock Slide|p1a: Salamence
|-supereffective|p1a: Salamence
|-damage|p1a: Salamence|0 fnt
|faint|p1a: Salamence
|inactive|lemoncholy has 270 seconds left.
|
|t:|1728855262
|switch|p1a: Hariyama|Hariyama, F|82/100
|
|-weather|Sandstorm|[upkeep]
|-damage|p2a: Heracross|56/100|[from] Sandstorm
|-damage|p1a: Hariyama|76/100|[from] Sandstorm
|-heal|p2a: Heracross|62/100|[from] item: Leftovers
|-heal|p1a: Hariyama|82/100|[from] item: Leftovers
|upkeep
|turn|39
|inactive|lemoncholy has 270 seconds left.
|
|t:|1728855278
|move|p2a: Heracross|Brick Break|p1a: Hariyama
|-damage|p1a: Hariyama|28/100
|move|p1a: Hariyama|Brick Break|p2a: Heracross
|-resisted|p2a: Heracross
|-damage|p2a: Heracross|35/100
|
|-weather|Sandstorm|[upkeep]
|-damage|p2a: Heracross|29/100|[from] Sandstorm
|-damage|p1a: Hariyama|21/100|[from] Sandstorm
|-heal|p2a: Heracross|35/100|[from] item: Leftovers
|-heal|p1a: Hariyama|28/100|[from] item: Leftovers
|upkeep
|turn|40
|
|t:|1728855283
|move|p2a: Heracross|Brick Break|p1a: Hariyama
|-damage|p1a: Hariyama|0 fnt
|faint|p1a: Hariyama
|
|t:|1728855285
|switch|p1a: Swampert|Swampert, M|27/100
|
|-weather|Sandstorm|[upkeep]
|-damage|p2a: Heracross|29/100|[from] Sandstorm
|-heal|p2a: Heracross|35/100|[from] item: Leftovers
|-heal|p1a: Swampert|34/100|[from] item: Leftovers
|upkeep
|turn|41
|
|t:|1728855291
|move|p2a: Heracross|Brick Break|p1a: Swampert
|-damage|p1a: Swampert|0 fnt
|faint|p1a: Swampert
|
|win|shadowtime2000

</script>
<script type="application/json" class="data" id="replaydata-gen3ou-2222257341-oupo9p54aoobde6lregaajp0hore4ekpw">
{"id":"gen3ou-2222257341","format":"[Gen 3] OU","players":["lemoncholy","shadowtime2000"],"uploadtime":1728855294,"views":70,"formatid":"gen3ou","rating":null,"private":1,"password":"oupo9p54aoobde6lregaajp0hore4ek"}
</script>

<script defer src="js/replays.js?9d40a366"></script>
