<!DOCTYPE html>
<meta charset="utf-8" />
<meta name="viewport" content="width=device-width" />

<title>[Gen 3] OU: Scurrying Snail vs. Girls See Ghosts - Replays - Pok&eacute;mon Showdown!</title>

<meta name="description" content="Watch a replay of a Pok&eacute;mon battle between Scurrying Snail and Girls See Ghosts! Format: [Gen 3] OU; Date: Oct 5, 2024" />
<!--

Hey, you! Looking in the source for the replay log?

You can find them in JSON format, just add `.json` at the end of a replay URL.

https://replay.pokemonshowdown.com/gen7randomdoublesbattle-865046831.json

Or, if you only need the log itself, add `.log` instead:

https://replay.pokemonshowdown.com/gen7randomdoublesbattle-865046831.log

-->

<link rel="stylesheet" href="//pokemonshowdown.com/style/global.css?0.767286132409787" />
<link rel="stylesheet" href="//play.pokemonshowdown.com/style/font-awesome.css?0.9266228007934947" />
<link rel="stylesheet" href="//play.pokemonshowdown.com/style/battle.css?0.7924700842790926" />
<link rel="stylesheet" href="//play.pokemonshowdown.com/style/utilichart.css?0.8777417872839479" />

<!-- Global site tag (gtag.js) - Google Analytics -->
<script async src="https://www.googletagmanager.com/gtag/js?id=UA-26211653-1"></script>
<script>
  window.dataLayer = window.dataLayer || [];
  function gtag(){dataLayer.push(arguments);}
  gtag('js', new Date());

  gtag('config', 'UA-26211653-1');
</script>
<!-- End Google Analytics -->
<!-- Venatus Ad Manager - Install in <HEAD> of page -->
	<script src="https://hb.vntsm.com/v3/live/ad-manager.min.js" type="text/javascript" data-site-id="642aba63ec9a7b11c3c9c1be" data-mode="scan" async></script>
<!-- / Venatus Ad Manager -->

<style>
	@media (max-width:820px) {
		.battle {
			margin: 0 auto;
		}
		.battle-log {
			margin: 7px auto 0;
			max-width: 640px;
			height: 300px;
			position: static;
		}
	}
	.optgroup {
		display: inline-block;
		line-height: 22px;
		font-size: 10pt;
	}
	.optgroup .button {
		height: 25px;
		padding-top: 0;
		padding-bottom: 0;
	}
	.optgroup button.button {
		padding-left: 12px;
		padding-right: 12px;
	}
	.linklist {
		list-style: none;
		margin: 0.5em 0;
		padding: 0;
	}
	.linklist li {
		padding: 2px 0;
	}
	.sidebar {
		float: left;
		width: 320px;
	}
	.bar-wrapper {
		max-width: 1100px;
		margin: 0 auto;
	}
	.bar-wrapper.has-sidebar {
		max-width: 1430px;
	}
	.mainbar {
		margin: 0;
		padding-right: 1px;
	}
	.mainbar.has-sidebar {
		margin-left: 330px;
	}
	@media (min-width: 1511px) {
		.sidebar {
			width: 400px;
		}
		.bar-wrapper.has-sidebar {
			max-width: 1510px;
		}
		.mainbar.has-sidebar {
			margin-left: 410px;
		}
	}
	.section.first-section {
		margin-top: 9px;
	}
	.blocklink small {
		white-space: normal;
	}
	.button {
		vertical-align: middle;
	}
	.replay-controls {
		padding-top: 10px;
	}
	.replay-controls h1 {
		font-size: 16pt;
		font-weight: normal;
		color: #CCC;
	}
	.pagelink {
		text-align: center;
	}
	.pagelink a {
		width: 150px;
	}
	.textbox, .button {
		font-size: 11pt;
		vertical-align: middle;
	}
	@media (max-width: 450px) {
		.button {
			font-size: 9pt;
		}
	}
</style>

<div>

	<header>
		<div class="nav-wrapper"><ul class="nav">
			<li><a class="button nav-first" href="//pokemonshowdown.com/"><img src="//pokemonshowdown.com/images/pokemonshowdownbeta.png" srcset="//pokemonshowdown.com/images/pokemonshowdownbeta.png 1x, //pokemonshowdown.com/images/pokemonshowdownbeta@2x.png 2x" alt="Pok&eacute;mon Showdown" width="146" height="44" /> Home</a></li>
			<li><a class="button" href="//pokemonshowdown.com/dex/">Pok&eacute;dex</a></li>
			<li><a class="button cur" href="/">Replays</a></li>
			<li><a class="button" href="//pokemonshowdown.com/ladder/">Ladder</a></li>
			<li><a class="button nav-last" href="//pokemonshowdown.com/forums/">Forum</a></li>
			<li><a class="button greenbutton nav-first nav-last" href="//play.pokemonshowdown.com/">Play</a></li>
		</ul></div>
	</header>

	<div class="main" id="main">

		<noscript><section class="section">You need to enable JavaScript to use this page; sorry!</section></noscript>

	</div>

</div>

<script defer nomodule src="//play.pokemonshowdown.com/js/lib/ps-polyfill.js"></script>
<script defer src="//play.pokemonshowdown.com/js/lib/preact.min.js"></script>

<script defer src="//play.pokemonshowdown.com/config/config.js?6dec07f6"></script>
<script defer src="//play.pokemonshowdown.com/js/lib/jquery-1.11.0.min.js"></script>
<script defer src="//play.pokemonshowdown.com/js/lib/html-sanitizer-minified.js"></script>
<script defer src="//play.pokemonshowdown.com/js/battle-sound.js"></script>
<script defer src="//play.pokemonshowdown.com/js/battledata.js?0.6315294753075389"></script>
<script defer src="//play.pokemonshowdown.com/data/pokedex-mini.js?0.7603743185311358"></script>
<script defer src="//play.pokemonshowdown.com/data/pokedex-mini-bw.js?0.030888842834281283"></script>
<script defer src="//play.pokemonshowdown.com/data/graphics.js?0.05593094747507488"></script>
<script defer src="//play.pokemonshowdown.com/data/pokedex.js?0.47064822249611904"></script>
<script defer src="//play.pokemonshowdown.com/data/moves.js?0.8583693120512459"></script>
<script defer src="//play.pokemonshowdown.com/data/abilities.js?0.16017181182386842"></script>
<script defer src="//play.pokemonshowdown.com/data/items.js?0.4163379185673943"></script>
<script defer src="//play.pokemonshowdown.com/data/teambuilder-tables.js?0.31075597372830477"></script>
<script defer src="//play.pokemonshowdown.com/js/battle-tooltips.js?0.6536193500708172"></script>
<script defer src="//play.pokemonshowdown.com/js/battle.js?0.1916591943277901"></script>

<script defer src="js/utils.js?e31f9a17"></script>
<script defer src="js/replays-battle.js?7008c182"></script>

<!-- don't scrape this data! just add .json or .log after the URL!
Full API docs: https://github.com/smogon/pokemon-showdown-client/blob/master/WEB-API.md -->
<script type="text/plain" class="log" id="replaylog-smogtours-gen3ou-795200">
|inactive|Battle timer is ON: inactive players will automatically lose when time's up.
|t:|1728161939
|gametype|singles
|player|p1|Scurrying Snail|101|
|player|p2|Girls See Ghosts|phoebe-gen6|
|teamsize|p1|6
|teamsize|p2|6
|gen|3
|tier|[Gen 3] OU
|rule|Sleep Clause Mod: Limit one foe put to sleep
|rule|Switch Priority Clause Mod: Faster Pokémon switch first
|rule|Species Clause: Limit one of each Pokémon
|rule|OHKO Clause: OHKO moves are banned
|rule|Evasion Items Clause: Evasion items are banned
|rule|Evasion Moves Clause: Evasion moves are banned
|rule|Endless Battle Clause: Forcing endless battles is banned
|rule|HP Percentage Mod: HP is shown in percentages
|rule|One Boost Passer Clause: Limit one Baton Passer that has a way to boost its stats
|rule|Freeze Clause Mod: Limit one foe frozen
|
|t:|1728161939
|start
|switch|p1a: FBI|Zapdos|100/100
|switch|p2a: Metagross|Metagross|100/100
|turn|1
|c|☆Girls See Ghosts|glhf
|c|☆Scurrying Snail|gl
|
|t:|1728161968
|switch|p1a: Do it in the Dirt|Swampert, F|100/100
|move|p2a: Metagross|Rock Slide|p1a: Do it in the Dirt
|-resisted|p1a: Do it in the Dirt
|-damage|p1a: Do it in the Dirt|85/100
|
|-heal|p1a: Do it in the Dirt|92/100|[from] item: Leftovers
|upkeep
|turn|2
|
|t:|1728161978
|switch|p2a: Celebi|Celebi|100/100
|move|p1a: Do it in the Dirt|Protect||[still]
|-fail|p1a: Do it in the Dirt
|
|-heal|p1a: Do it in the Dirt|98/100|[from] item: Leftovers
|upkeep
|turn|3
|
|t:|1728161989
|move|p1a: Do it in the Dirt|Protect|p1a: Do it in the Dirt
|-singleturn|p1a: Do it in the Dirt|Protect
|move|p2a: Celebi|Leech Seed|p1a: Do it in the Dirt
|-activate|p1a: Do it in the Dirt|Protect
|
|-heal|p1a: Do it in the Dirt|100/100|[from] item: Leftovers
|upkeep
|turn|4
|
|t:|1728161996
|switch|p1a: Chromo-Zone|Celebi|100/100
|move|p2a: Celebi|Baton Pass|p2a: Celebi
|inactive|Girls See Ghosts has 270 seconds left.
|
|t:|1728162048
|switch|p2a: Metagross|Metagross|100/100|[from] Baton Pass
|
|upkeep
|turn|5
|
|t:|1728162061
|move|p1a: Chromo-Zone|Leech Seed|p2a: Metagross
|-start|p2a: Metagross|move: Leech Seed
|move|p2a: Metagross|Earthquake|p1a: Chromo-Zone
|-resisted|p1a: Chromo-Zone
|-crit|p1a: Chromo-Zone
|-damage|p1a: Chromo-Zone|53/100
|
|-heal|p1a: Chromo-Zone|59/100|[from] item: Leftovers
|-damage|p2a: Metagross|88/100|[from] Leech Seed|[of] p1a: Chromo-Zone
|-heal|p1a: Chromo-Zone|70/100|[silent]
|upkeep
|turn|6
|
|t:|1728162065
|switch|p1a: Do it in the Dirt|Swampert, F|100/100
|switch|p2a: Celebi|Celebi|100/100
|
|upkeep
|turn|7
|inactive|Girls See Ghosts has 270 seconds left.
|
|t:|1728162070
|move|p1a: Do it in the Dirt|Protect|p1a: Do it in the Dirt
|-singleturn|p1a: Do it in the Dirt|Protect
|move|p2a: Celebi|Psychic|p1a: Do it in the Dirt
|-activate|p1a: Do it in the Dirt|Protect
|
|upkeep
|turn|8
|
|t:|1728162077
|switch|p1a: Bad Habit|Starmie|100/100
|move|p2a: Celebi|Leech Seed|p1a: Bad Habit
|-start|p1a: Bad Habit|move: Leech Seed
|
|-damage|p1a: Bad Habit|88/100|[from] Leech Seed|[of] p2a: Celebi
|upkeep
|turn|9
|
|t:|1728162083
|move|p1a: Bad Habit|Rapid Spin|p2a: Celebi
|-damage|p2a: Celebi|98/100
|-end|p1a: Bad Habit|Leech Seed|[from] move: Rapid Spin|[of] p1a: Bad Habit
|move|p2a: Celebi|Baton Pass|p2a: Celebi
|inactive|Girls See Ghosts has 270 seconds left.
|
|t:|1728162105
|switch|p2a: Snorlax|Snorlax, M|100/100|[from] Baton Pass
|
|-heal|p1a: Bad Habit|94/100|[from] item: Leftovers
|upkeep
|turn|10
|
|t:|1728162121
|switch|p1a: Rock Phone|Tyranitar, F|100/100
|-weather|Sandstorm|[from] ability: Sand Stream|[of] p1a: Rock Phone
|move|p2a: Snorlax|Body Slam|p1a: Rock Phone
|-resisted|p1a: Rock Phone
|-crit|p1a: Rock Phone
|-damage|p1a: Rock Phone|69/100
|
|-weather|Sandstorm|[upkeep]
|-damage|p2a: Snorlax|94/100|[from] Sandstorm
|-heal|p1a: Rock Phone|76/100|[from] item: Leftovers
|-heal|p2a: Snorlax|100/100|[from] item: Leftovers
|upkeep
|turn|11
|inactive|Girls See Ghosts has 270 seconds left.
|
|t:|1728162138
|switch|p2a: Swampert|Swampert, F|100/100
|move|p1a: Rock Phone|Rock Slide|p2a: Swampert
|-resisted|p2a: Swampert
|-damage|p2a: Swampert|78/100
|
|-weather|Sandstorm|[upkeep]
|-heal|p2a: Swampert|84/100|[from] item: Leftovers
|-heal|p1a: Rock Phone|82/100|[from] item: Leftovers
|upkeep
|turn|12
|inactive|Girls See Ghosts has 270 seconds left.
|
|t:|1728162153
|switch|p1a: Chromo-Zone|Celebi|70/100
|move|p2a: Swampert|Ice Beam|p1a: Chromo-Zone
|-supereffective|p1a: Chromo-Zone
|-crit|p1a: Chromo-Zone
|-damage|p1a: Chromo-Zone|0 fnt
|faint|p1a: Chromo-Zone
|
|t:|1728162162
|switch|p1a: FBI|Zapdos|100/100
|
|-weather|Sandstorm|[upkeep]
|-damage|p1a: FBI|94/100|[from] Sandstorm
|-heal|p1a: FBI|100/100|[from] item: Leftovers
|-heal|p2a: Swampert|91/100|[from] item: Leftovers
|upkeep
|turn|13
|
|t:|1728162171
|switch|p2a: Celebi|Celebi|98/100
|move|p1a: FBI|Baton Pass|p1a: FBI
|
|t:|1728162173
|switch|p1a: Dudes in da Valley|Dugtrio, M|100/100|[from] Baton Pass
|
|-weather|Sandstorm|[upkeep]
|-damage|p2a: Celebi|92/100|[from] Sandstorm
|-heal|p2a: Celebi|98/100|[from] item: Leftovers
|upkeep
|turn|14
|inactive|Girls See Ghosts has 270 seconds left.
|
|t:|1728162217
|move|p1a: Dudes in da Valley|Hidden Power|p2a: Celebi
|-supereffective|p2a: Celebi
|-damage|p2a: Celebi|5/100
|move|p2a: Celebi|Psychic|p1a: Dudes in da Valley
|-damage|p1a: Dudes in da Valley|48/100
|-unboost|p1a: Dudes in da Valley|spd|1
|
|-weather|Sandstorm|[upkeep]
|-damage|p2a: Celebi|0 fnt|[from] Sandstorm
|faint|p2a: Celebi
|upkeep
|
|t:|1728162224
|switch|p2a: Snorlax|Snorlax, M|100/100
|turn|15
|
|t:|1728162227
|-singleturn|p2a: Snorlax|move: Focus Punch
|move|p1a: Dudes in da Valley|Hidden Power|p2a: Snorlax
|-damage|p2a: Snorlax|77/100
|move|p2a: Snorlax|Focus Punch||[still]
|cant|p2a: Snorlax|Focus Punch|Focus Punch
|
|-weather|Sandstorm|[upkeep]
|-damage|p2a: Snorlax|71/100|[from] Sandstorm
|-heal|p2a: Snorlax|77/100|[from] item: Leftovers
|upkeep
|turn|16
|
|t:|1728162232
|switch|p1a: Rock Phone|Tyranitar, F|82/100
|move|p2a: Snorlax|Body Slam|p1a: Rock Phone
|-resisted|p1a: Rock Phone
|-damage|p1a: Rock Phone|66/100
|
|-weather|Sandstorm|[upkeep]
|-damage|p2a: Snorlax|71/100|[from] Sandstorm
|-heal|p1a: Rock Phone|72/100|[from] item: Leftovers
|-heal|p2a: Snorlax|77/100|[from] item: Leftovers
|upkeep
|turn|17
|c|☆Girls See Ghosts|wp
|inactive|Girls See Ghosts has 270 seconds left.
|
|t:|1728162247
|-singleturn|p1a: Rock Phone|move: Focus Punch
|switch|p2a: Swampert|Swampert, F|91/100
|move|p1a: Rock Phone|Focus Punch|p2a: Swampert
|-damage|p2a: Swampert|35/100
|
|-weather|Sandstorm|[upkeep]
|-heal|p2a: Swampert|41/100|[from] item: Leftovers
|-heal|p1a: Rock Phone|78/100|[from] item: Leftovers
|upkeep
|turn|18
|
|t:|1728162258
|switch|p1a: Bad Habit|Starmie|94/100
|move|p2a: Swampert|Ice Beam|p1a: Bad Habit
|-resisted|p1a: Bad Habit
|-damage|p1a: Bad Habit|75/100
|
|-weather|Sandstorm|[upkeep]
|-damage|p1a: Bad Habit|68/100|[from] Sandstorm
|-heal|p1a: Bad Habit|75/100|[from] item: Leftovers
|-heal|p2a: Swampert|47/100|[from] item: Leftovers
|upkeep
|turn|19
|
|t:|1728162264
|move|p2a: Swampert|Protect|p2a: Swampert
|-singleturn|p2a: Swampert|Protect
|move|p1a: Bad Habit|Hydro Pump|p2a: Swampert
|-activate|p2a: Swampert|Protect
|
|-weather|Sandstorm|[upkeep]
|-damage|p1a: Bad Habit|68/100|[from] Sandstorm
|-heal|p1a: Bad Habit|75/100|[from] item: Leftovers
|-heal|p2a: Swampert|54/100|[from] item: Leftovers
|upkeep
|turn|20
|
|t:|1728162274
|switch|p2a: Snorlax|Snorlax, M|77/100
|move|p1a: Bad Habit|Hydro Pump|p2a: Snorlax
|-damage|p2a: Snorlax|46/100
|
|-weather|Sandstorm|[upkeep]
|-damage|p1a: Bad Habit|68/100|[from] Sandstorm
|-damage|p2a: Snorlax|40/100|[from] Sandstorm
|-heal|p1a: Bad Habit|75/100|[from] item: Leftovers
|-heal|p2a: Snorlax|46/100|[from] item: Leftovers
|upkeep
|turn|21
|
|t:|1728162284
|switch|p1a: Do it in the Dirt|Swampert, F|100/100
|move|p2a: Snorlax|Body Slam|p1a: Do it in the Dirt
|-damage|p1a: Do it in the Dirt|74/100
|
|-weather|Sandstorm|[upkeep]
|-damage|p2a: Snorlax|40/100|[from] Sandstorm
|-heal|p1a: Do it in the Dirt|80/100|[from] item: Leftovers
|-heal|p2a: Snorlax|46/100|[from] item: Leftovers
|upkeep
|turn|22
|
|t:|1728162289
|move|p1a: Do it in the Dirt|Protect|p1a: Do it in the Dirt
|-singleturn|p1a: Do it in the Dirt|Protect
|move|p2a: Snorlax|Self-Destruct|p1a: Do it in the Dirt
|-activate|p1a: Do it in the Dirt|Protect
|faint|p2a: Snorlax
|
|t:|1728162294
|switch|p2a: Swampert|Swampert, F|54/100
|
|-weather|Sandstorm|[upkeep]
|-heal|p2a: Swampert|60/100|[from] item: Leftovers
|-heal|p1a: Do it in the Dirt|87/100|[from] item: Leftovers
|upkeep
|turn|23
|
|t:|1728162305
|move|p2a: Swampert|Hydro Pump|p1a: Do it in the Dirt
|-damage|p1a: Do it in the Dirt|39/100
|move|p1a: Do it in the Dirt|Earthquake|p2a: Swampert
|-damage|p2a: Swampert|25/100
|
|-weather|Sandstorm|[upkeep]
|-heal|p2a: Swampert|32/100|[from] item: Leftovers
|-heal|p1a: Do it in the Dirt|45/100|[from] item: Leftovers
|upkeep
|turn|24
|
|t:|1728162312
|move|p1a: Do it in the Dirt|Protect|p1a: Do it in the Dirt
|-singleturn|p1a: Do it in the Dirt|Protect
|move|p2a: Swampert|Hydro Pump|p1a: Do it in the Dirt
|-activate|p1a: Do it in the Dirt|Protect
|
|-weather|Sandstorm|[upkeep]
|-heal|p2a: Swampert|38/100|[from] item: Leftovers
|-heal|p1a: Do it in the Dirt|51/100|[from] item: Leftovers
|upkeep
|turn|25
|
|t:|1728162322
|move|p2a: Swampert|Hydro Pump|p1a: Do it in the Dirt
|-damage|p1a: Do it in the Dirt|3/100
|move|p1a: Do it in the Dirt|Hydro Pump|p2a: Swampert
|-damage|p2a: Swampert|0 fnt
|faint|p2a: Swampert
|
|t:|1728162348
|switch|p2a: Aerodactyl|Aerodactyl, M|100/100
|
|-weather|Sandstorm|[upkeep]
|-heal|p1a: Do it in the Dirt|9/100|[from] item: Leftovers
|upkeep
|turn|26
|
|t:|1728162353
|move|p1a: Do it in the Dirt|Protect|p1a: Do it in the Dirt
|-singleturn|p1a: Do it in the Dirt|Protect
|move|p2a: Aerodactyl|Rock Slide|p1a: Do it in the Dirt|[miss]
|-miss|p2a: Aerodactyl|p1a: Do it in the Dirt
|
|-weather|Sandstorm|[upkeep]
|-heal|p1a: Do it in the Dirt|15/100|[from] item: Leftovers
|upkeep
|turn|27
|
|t:|1728162367
|move|p2a: Aerodactyl|Rock Slide|p1a: Do it in the Dirt
|-resisted|p1a: Do it in the Dirt
|-damage|p1a: Do it in the Dirt|0 fnt
|faint|p1a: Do it in the Dirt
|
|t:|1728162369
|switch|p1a: Rock Phone|Tyranitar, F|78/100
|
|-weather|Sandstorm|[upkeep]
|-heal|p1a: Rock Phone|84/100|[from] item: Leftovers
|upkeep
|turn|28
|
|t:|1728162378
|switch|p2a: Magneton|Magneton|100/100
|move|p1a: Rock Phone|Rock Slide|p2a: Magneton
|-resisted|p2a: Magneton
|-damage|p2a: Magneton|66/100
|
|-weather|Sandstorm|[upkeep]
|-heal|p1a: Rock Phone|91/100|[from] item: Leftovers
|upkeep
|turn|29
|
|t:|1728162387
|move|p2a: Magneton|Toxic|p1a: Rock Phone|[miss]
|-miss|p2a: Magneton|p1a: Rock Phone
|move|p1a: Rock Phone|Earthquake|p2a: Magneton
|-supereffective|p2a: Magneton
|-damage|p2a: Magneton|0 fnt
|faint|p2a: Magneton
|
|t:|1728162405
|switch|p2a: Metagross|Metagross|88/100
|
|-weather|Sandstorm|[upkeep]
|-heal|p1a: Rock Phone|97/100|[from] item: Leftovers
|upkeep
|turn|30
|
|t:|1728162414
|switch|p1a: Bad Habit|Starmie|75/100
|move|p2a: Metagross|Meteor Mash|p1a: Bad Habit
|-resisted|p1a: Bad Habit
|-damage|p1a: Bad Habit|5/100
|
|-weather|Sandstorm|[upkeep]
|-damage|p1a: Bad Habit|0 fnt|[from] Sandstorm
|faint|p1a: Bad Habit
|upkeep
|
|t:|1728162416
|switch|p1a: FBI|Zapdos|100/100
|turn|31
|
|t:|1728162421
|move|p1a: FBI|Thunderbolt|p2a: Metagross
|-crit|p2a: Metagross
|-damage|p2a: Metagross|0 fnt
|faint|p2a: Metagross
|
|t:|1728162424
|switch|p2a: Aerodactyl|Aerodactyl, M|100/100
|
|-weather|Sandstorm|[upkeep]
|-damage|p1a: FBI|94/100|[from] Sandstorm
|-heal|p1a: FBI|100/100|[from] item: Leftovers
|upkeep
|turn|32
|c|☆Scurrying Snail|oof sorry
|
|t:|1728162432
|move|p2a: Aerodactyl|Rock Slide|p1a: FBI
|-supereffective|p1a: FBI
|-damage|p1a: FBI|0 fnt
|faint|p1a: FBI
|
|t:|1728162437
|switch|p1a: Dudes in da Valley|Dugtrio, M|48/100
|
|-weather|Sandstorm|[upkeep]
|upkeep
|turn|33
|
|t:|1728162443
|move|p2a: Aerodactyl|Rock Slide|p1a: Dudes in da Valley
|-resisted|p1a: Dudes in da Valley
|-damage|p1a: Dudes in da Valley|0 fnt
|faint|p1a: Dudes in da Valley
|
|t:|1728162445
|switch|p1a: Rock Phone|Tyranitar, F|97/100
|
|-weather|Sandstorm|[upkeep]
|-heal|p1a: Rock Phone|100/100|[from] item: Leftovers
|upkeep
|turn|34
|
|t:|1728162448
|move|p2a: Aerodactyl|Rock Slide|p1a: Rock Phone|[miss]
|-miss|p2a: Aerodactyl|p1a: Rock Phone
|move|p1a: Rock Phone|Rock Slide|p2a: Aerodactyl
|-supereffective|p2a: Aerodactyl
|-damage|p2a: Aerodactyl|0 fnt
|faint|p2a: Aerodactyl
|
|win|Scurrying Snail
|c|☆Girls See Ghosts|gg
|c|☆Scurrying Snail|gg sorry on the luck at the end
|c|☆Scurrying Snail|so i download and post to the chat?

</script>
<script type="application/json" class="data" id="replaydata-smogtours-gen3ou-795200">
{"id":"smogtours-gen3ou-795200","format":"[Gen 3] OU","players":["Scurrying Snail","Girls See Ghosts"],"uploadtime":1728162448,"views":117,"formatid":"gen3ou","rating":null,"private":0,"password":null}
</script>

<script defer src="js/replays.js?9d40a366"></script>
