<!DOCTYPE html>
<meta charset="utf-8" />
<meta name="viewport" content="width=device-width" />

<title>[Gen 3] OU: the band pet vs. JoJ707 - Replays - Pok&eacute;mon Showdown!</title>

<meta name="description" content="Watch a replay of a Pok&eacute;mon battle between the band pet and JoJ707! Format: [Gen 3] OU; Date: Oct 24, 2024" />
<!--

Hey, you! Looking in the source for the replay log?

You can find them in JSON format, just add `.json` at the end of a replay URL.

https://replay.pokemonshowdown.com/gen7randomdoublesbattle-865046831.json

Or, if you only need the log itself, add `.log` instead:

https://replay.pokemonshowdown.com/gen7randomdoublesbattle-865046831.log

-->

<link rel="stylesheet" href="//pokemonshowdown.com/style/global.css?0.767286132409787" />
<link rel="stylesheet" href="//play.pokemonshowdown.com/style/font-awesome.css?0.9266228007934947" />
<link rel="stylesheet" href="//play.pokemonshowdown.com/style/battle.css?0.7924700842790926" />
<link rel="stylesheet" href="//play.pokemonshowdown.com/style/utilichart.css?0.8777417872839479" />

<!-- Global site tag (gtag.js) - Google Analytics -->
<script async src="https://www.googletagmanager.com/gtag/js?id=UA-26211653-1"></script>
<script>
  window.dataLayer = window.dataLayer || [];
  function gtag(){dataLayer.push(arguments);}
  gtag('js', new Date());

  gtag('config', 'UA-26211653-1');
</script>
<!-- End Google Analytics -->
<!-- Venatus Ad Manager - Install in <HEAD> of page -->
	<script src="https://hb.vntsm.com/v3/live/ad-manager.min.js" type="text/javascript" data-site-id="642aba63ec9a7b11c3c9c1be" data-mode="scan" async></script>
<!-- / Venatus Ad Manager -->

<style>
	@media (max-width:820px) {
		.battle {
			margin: 0 auto;
		}
		.battle-log {
			margin: 7px auto 0;
			max-width: 640px;
			height: 300px;
			position: static;
		}
	}
	.optgroup {
		display: inline-block;
		line-height: 22px;
		font-size: 10pt;
	}
	.optgroup .button {
		height: 25px;
		padding-top: 0;
		padding-bottom: 0;
	}
	.optgroup button.button {
		padding-left: 12px;
		padding-right: 12px;
	}
	.linklist {
		list-style: none;
		margin: 0.5em 0;
		padding: 0;
	}
	.linklist li {
		padding: 2px 0;
	}
	.sidebar {
		float: left;
		width: 320px;
	}
	.bar-wrapper {
		max-width: 1100px;
		margin: 0 auto;
	}
	.bar-wrapper.has-sidebar {
		max-width: 1430px;
	}
	.mainbar {
		margin: 0;
		padding-right: 1px;
	}
	.mainbar.has-sidebar {
		margin-left: 330px;
	}
	@media (min-width: 1511px) {
		.sidebar {
			width: 400px;
		}
		.bar-wrapper.has-sidebar {
			max-width: 1510px;
		}
		.mainbar.has-sidebar {
			margin-left: 410px;
		}
	}
	.section.first-section {
		margin-top: 9px;
	}
	.blocklink small {
		white-space: normal;
	}
	.button {
		vertical-align: middle;
	}
	.replay-controls {
		padding-top: 10px;
	}
	.replay-controls h1 {
		font-size: 16pt;
		font-weight: normal;
		color: #CCC;
	}
	.pagelink {
		text-align: center;
	}
	.pagelink a {
		width: 150px;
	}
	.textbox, .button {
		font-size: 11pt;
		vertical-align: middle;
	}
	@media (max-width: 450px) {
		.button {
			font-size: 9pt;
		}
	}
</style>

<div>

	<header>
		<div class="nav-wrapper"><ul class="nav">
			<li><a class="button nav-first" href="//pokemonshowdown.com/"><img src="//pokemonshowdown.com/images/pokemonshowdownbeta.png" srcset="//pokemonshowdown.com/images/pokemonshowdownbeta.png 1x, //pokemonshowdown.com/images/pokemonshowdownbeta@2x.png 2x" alt="Pok&eacute;mon Showdown" width="146" height="44" /> Home</a></li>
			<li><a class="button" href="//pokemonshowdown.com/dex/">Pok&eacute;dex</a></li>
			<li><a class="button cur" href="/">Replays</a></li>
			<li><a class="button" href="//pokemonshowdown.com/ladder/">Ladder</a></li>
			<li><a class="button nav-last" href="//pokemonshowdown.com/forums/">Forum</a></li>
			<li><a class="button greenbutton nav-first nav-last" href="//play.pokemonshowdown.com/">Play</a></li>
		</ul></div>
	</header>

	<div class="main" id="main">

		<noscript><section class="section">You need to enable JavaScript to use this page; sorry!</section></noscript>

	</div>

</div>

<script defer nomodule src="//play.pokemonshowdown.com/js/lib/ps-polyfill.js"></script>
<script defer src="//play.pokemonshowdown.com/js/lib/preact.min.js"></script>

<script defer src="//play.pokemonshowdown.com/config/config.js?6dec07f6"></script>
<script defer src="//play.pokemonshowdown.com/js/lib/jquery-1.11.0.min.js"></script>
<script defer src="//play.pokemonshowdown.com/js/lib/html-sanitizer-minified.js"></script>
<script defer src="//play.pokemonshowdown.com/js/battle-sound.js"></script>
<script defer src="//play.pokemonshowdown.com/js/battledata.js?0.6315294753075389"></script>
<script defer src="//play.pokemonshowdown.com/data/pokedex-mini.js?0.7603743185311358"></script>
<script defer src="//play.pokemonshowdown.com/data/pokedex-mini-bw.js?0.030888842834281283"></script>
<script defer src="//play.pokemonshowdown.com/data/graphics.js?0.05593094747507488"></script>
<script defer src="//play.pokemonshowdown.com/data/pokedex.js?0.47064822249611904"></script>
<script defer src="//play.pokemonshowdown.com/data/moves.js?0.8583693120512459"></script>
<script defer src="//play.pokemonshowdown.com/data/abilities.js?0.16017181182386842"></script>
<script defer src="//play.pokemonshowdown.com/data/items.js?0.4163379185673943"></script>
<script defer src="//play.pokemonshowdown.com/data/teambuilder-tables.js?0.31075597372830477"></script>
<script defer src="//play.pokemonshowdown.com/js/battle-tooltips.js?0.6536193500708172"></script>
<script defer src="//play.pokemonshowdown.com/js/battle.js?0.1916591943277901"></script>

<script defer src="js/utils.js?e31f9a17"></script>
<script defer src="js/replays-battle.js?7008c182"></script>

<!-- don't scrape this data! just add .json or .log after the URL!
Full API docs: https://github.com/smogon/pokemon-showdown-client/blob/master/WEB-API.md -->
<script type="text/plain" class="log" id="replaylog-smogtours-gen3ou-801692">
|inactive|Battle timer is ON: inactive players will automatically lose when time's up.
|t:|1729810922
|gametype|singles
|player|p1|the band pet|2|
|player|p2|JoJ707|#advpliv|
|teamsize|p1|6
|teamsize|p2|6
|gen|3
|tier|[Gen 3] OU
|rule|Sleep Clause Mod: Limit one foe put to sleep
|rule|Switch Priority Clause Mod: Faster Pokémon switch first
|rule|Species Clause: Limit one of each Pokémon
|rule|OHKO Clause: OHKO moves are banned
|rule|Evasion Items Clause: Evasion items are banned
|rule|Evasion Moves Clause: Evasion moves are banned
|rule|Endless Battle Clause: Forcing endless battles is banned
|rule|HP Percentage Mod: HP is shown in percentages
|rule|One Boost Passer Clause: Limit one Baton Passer that has a way to boost its stats
|rule|Freeze Clause Mod: Limit one foe frozen
|
|t:|1729810922
|start
|switch|p1a: Guston|Tyranitar, F|100/100
|switch|p2a: Venusaur|Venusaur, M|100/100
|-weather|Sandstorm|[from] ability: Sand Stream|[of] p1a: Guston
|turn|1
|c|☆JoJ707|hf
|c|☆the band pet|glhf
|
|t:|1729810941
|move|p1a: Guston|Fire Blast|p2a: Venusaur
|-supereffective|p2a: Venusaur
|-damage|p2a: Venusaur|39/100
|move|p2a: Venusaur|Giga Drain|p1a: Guston
|-supereffective|p1a: Guston
|-damage|p1a: Guston|47/100
|-heal|p2a: Venusaur|66/100|[from] drain|[of] p1a: Guston
|
|-weather|Sandstorm|[upkeep]
|-damage|p2a: Venusaur|60/100|[from] Sandstorm
|-heal|p1a: Guston|53/100|[from] item: Leftovers
|-heal|p2a: Venusaur|66/100|[from] item: Leftovers
|upkeep
|turn|2
|
|t:|1729810968
|switch|p1a: Martin|Forretress, M|100/100
|switch|p2a: Suicune|Suicune|100/100
|
|-weather|Sandstorm|[upkeep]
|-damage|p2a: Suicune|94/100|[from] Sandstorm
|-heal|p2a: Suicune|100/100|[from] item: Leftovers
|upkeep
|turn|3
|
|t:|1729810982
|move|p2a: Suicune|Surf|p1a: Martin
|-damage|p1a: Martin|60/100
|move|p1a: Martin|Spikes|p2a: Suicune
|-sidestart|p2: JoJ707|Spikes
|
|-weather|Sandstorm|[upkeep]
|-damage|p2a: Suicune|94/100|[from] Sandstorm
|-heal|p2a: Suicune|100/100|[from] item: Leftovers
|-heal|p1a: Martin|66/100|[from] item: Leftovers
|upkeep
|turn|4
|
|t:|1729810991
|switch|p1a: Af Klimt|Venusaur, F|100/100
|move|p2a: Suicune|Surf|p1a: Af Klimt
|-resisted|p1a: Af Klimt
|-damage|p1a: Af Klimt|80/100
|
|-weather|Sandstorm|[upkeep]
|-damage|p1a: Af Klimt|74/100|[from] Sandstorm
|-damage|p2a: Suicune|94/100|[from] Sandstorm
|-heal|p1a: Af Klimt|80/100|[from] item: Leftovers
|-heal|p2a: Suicune|100/100|[from] item: Leftovers
|upkeep
|turn|5
|c|☆JoJ707|brother!
|c|☆the band pet|hehehe
|
|t:|1729811007
|switch|p2a: Charizard|Charizard, F|100/100
|move|p1a: Af Klimt|Sleep Powder|p2a: Charizard|[miss]
|-miss|p1a: Af Klimt|p2a: Charizard
|
|-weather|Sandstorm|[upkeep]
|-damage|p2a: Charizard|94/100|[from] Sandstorm
|-damage|p1a: Af Klimt|74/100|[from] Sandstorm
|-heal|p2a: Charizard|100/100|[from] item: Leftovers
|-heal|p1a: Af Klimt|80/100|[from] item: Leftovers
|upkeep
|turn|6
|c|☆JoJ707|ah mb
|c|☆JoJ707|classic venu
|c|☆the band pet|occupational hazard
|c|☆JoJ707|lol
|
|t:|1729811032
|switch|p1a: Guston|Tyranitar, F|53/100
|move|p2a: Charizard|Substitute|p2a: Charizard
|-start|p2a: Charizard|Substitute
|-damage|p2a: Charizard|76/100
|
|-weather|Sandstorm|[upkeep]
|-damage|p2a: Charizard|70/100|[from] Sandstorm
|-heal|p2a: Charizard|76/100|[from] item: Leftovers
|-heal|p1a: Guston|59/100|[from] item: Leftovers
|upkeep
|turn|7
|inactive|the band pet has 270 seconds left.
|
|t:|1729811052
|-singleturn|p2a: Charizard|move: Focus Punch
|move|p1a: Guston|Brick Break|p2a: Charizard
|-resisted|p2a: Charizard
|-activate|p2a: Charizard|Substitute|[damage]
|move|p2a: Charizard|Focus Punch|p1a: Guston
|-supereffective|p1a: Guston
|-damage|p1a: Guston|0 fnt
|faint|p1a: Guston
|
|t:|1729811059
|switch|p1a: Gris|Swampert, F|100/100
|
|-weather|Sandstorm|[upkeep]
|-damage|p2a: Charizard|70/100|[from] Sandstorm
|-heal|p2a: Charizard|76/100|[from] item: Leftovers
|upkeep
|turn|8
|
|t:|1729811064
|move|p1a: Gris|Protect|p1a: Gris
|-singleturn|p1a: Gris|Protect
|move|p2a: Charizard|Hidden Power|p1a: Gris
|-activate|p1a: Gris|Protect
|
|-weather|Sandstorm|[upkeep]
|-damage|p2a: Charizard|70/100|[from] Sandstorm
|-heal|p2a: Charizard|76/100|[from] item: Leftovers
|upkeep
|turn|9
|
|t:|1729811069
|switch|p1a: Bomberg|Zapdos|100/100
|move|p2a: Charizard|Hidden Power|p1a: Bomberg
|-resisted|p1a: Bomberg
|-damage|p1a: Bomberg|93/100
|
|-weather|Sandstorm|[upkeep]
|-damage|p2a: Charizard|70/100|[from] Sandstorm
|-damage|p1a: Bomberg|87/100|[from] Sandstorm
|-heal|p2a: Charizard|76/100|[from] item: Leftovers
|-heal|p1a: Bomberg|93/100|[from] item: Leftovers
|upkeep
|turn|10
|
|t:|1729811074
|move|p2a: Charizard|Flamethrower|p1a: Bomberg
|-damage|p1a: Bomberg|63/100
|move|p1a: Bomberg|Roar|p2a: Charizard
|drag|p2a: Claydol|Claydol|100/100
|
|-weather|Sandstorm|[upkeep]
|-damage|p1a: Bomberg|57/100|[from] Sandstorm
|-heal|p1a: Bomberg|63/100|[from] item: Leftovers
|upkeep
|turn|11
|
|t:|1729811087
|switch|p1a: Martin|Forretress, M|66/100
|move|p2a: Claydol|Rapid Spin|p1a: Martin
|-resisted|p1a: Martin
|-damage|p1a: Martin|64/100
|-sideend|p2: JoJ707|Spikes|[from] move: Rapid Spin|[of] p2a: Claydol
|
|-weather|Sandstorm|[upkeep]
|-heal|p1a: Martin|70/100|[from] item: Leftovers
|upkeep
|turn|12
|
|t:|1729811094
|switch|p2a: Charizard|Charizard, F|76/100
|move|p1a: Martin|Hidden Power|p2a: Charizard
|-resisted|p2a: Charizard
|-damage|p2a: Charizard|68/100
|
|-weather|Sandstorm|[upkeep]
|-damage|p2a: Charizard|61/100|[from] Sandstorm
|-heal|p2a: Charizard|68/100|[from] item: Leftovers
|-heal|p1a: Martin|76/100|[from] item: Leftovers
|upkeep
|turn|13
|
|t:|1729811102
|switch|p1a: Bomberg|Zapdos|63/100
|move|p2a: Charizard|Flamethrower|p1a: Bomberg
|-crit|p1a: Bomberg
|-damage|p1a: Bomberg|1/100
|-status|p1a: Bomberg|brn
|
|-weather|Sandstorm|[upkeep]
|-damage|p2a: Charizard|61/100|[from] Sandstorm
|-damage|p1a: Bomberg|0 fnt|[from] Sandstorm
|faint|p1a: Bomberg
|-heal|p2a: Charizard|68/100|[from] item: Leftovers
|upkeep
|c|☆JoJ707|ah geez, sorry
|
|t:|1729811112
|switch|p1a: Kossoff|Aerodactyl, M|100/100
|turn|14
|c|☆the band pet|dw
|
|t:|1729811119
|switch|p2a: Claydol|Claydol|100/100
|move|p1a: Kossoff|Rock Slide|p2a: Claydol
|-resisted|p2a: Claydol
|-damage|p2a: Claydol|69/100
|
|-weather|Sandstorm|[upkeep]
|-heal|p2a: Claydol|75/100|[from] item: Leftovers
|upkeep
|turn|15
|
|t:|1729811129
|switch|p1a: Martin|Forretress, M|76/100
|move|p2a: Claydol|Earthquake|p1a: Martin
|-damage|p1a: Martin|49/100
|
|-weather|Sandstorm|[upkeep]
|-heal|p2a: Claydol|81/100|[from] item: Leftovers
|-heal|p1a: Martin|55/100|[from] item: Leftovers
|upkeep
|turn|16
|
|t:|1729811143
|switch|p2a: Venusaur|Venusaur, M|66/100
|switch|p1a: Kossoff|Aerodactyl, M|100/100
|
|-weather|Sandstorm|[upkeep]
|-damage|p2a: Venusaur|60/100|[from] Sandstorm
|-heal|p2a: Venusaur|66/100|[from] item: Leftovers
|upkeep
|turn|17
|
|t:|1729811151
|switch|p1a: Martin|Forretress, M|55/100
|switch|p2a: Metagross|Metagross|100/100
|
|-weather|Sandstorm|[upkeep]
|-heal|p1a: Martin|62/100|[from] item: Leftovers
|upkeep
|turn|18
|
|t:|1729811161
|switch|p2a: Venusaur|Venusaur, M|66/100
|move|p1a: Martin|Spikes|p2a: Venusaur
|-sidestart|p2: JoJ707|Spikes
|
|-weather|Sandstorm|[upkeep]
|-damage|p2a: Venusaur|60/100|[from] Sandstorm
|-heal|p2a: Venusaur|66/100|[from] item: Leftovers
|-heal|p1a: Martin|68/100|[from] item: Leftovers
|upkeep
|turn|19
|
|t:|1729811171
|move|p2a: Venusaur|Sleep Powder|p1a: Martin|[miss]
|-miss|p2a: Venusaur|p1a: Martin
|move|p1a: Martin|Spikes|p2a: Venusaur
|-sidestart|p2: JoJ707|Spikes
|
|-weather|Sandstorm|[upkeep]
|-damage|p2a: Venusaur|60/100|[from] Sandstorm
|-heal|p2a: Venusaur|66/100|[from] item: Leftovers
|-heal|p1a: Martin|74/100|[from] item: Leftovers
|upkeep
|turn|20
|
|t:|1729811178
|move|p2a: Venusaur|Sleep Powder|p1a: Martin|[miss]
|-miss|p2a: Venusaur|p1a: Martin
|move|p1a: Martin|Hidden Power|p2a: Venusaur
|-damage|p2a: Venusaur|39/100
|
|-weather|Sandstorm|[upkeep]
|-damage|p2a: Venusaur|33/100|[from] Sandstorm
|-heal|p2a: Venusaur|39/100|[from] item: Leftovers
|-heal|p1a: Martin|80/100|[from] item: Leftovers
|upkeep
|turn|21
|
|t:|1729811184
|move|p2a: Venusaur|Sleep Powder|p1a: Martin|[miss]
|-miss|p2a: Venusaur|p1a: Martin
|move|p1a: Martin|Hidden Power|p2a: Venusaur
|-damage|p2a: Venusaur|15/100
|
|-weather|Sandstorm|[upkeep]
|-damage|p2a: Venusaur|9/100|[from] Sandstorm
|-heal|p2a: Venusaur|15/100|[from] item: Leftovers
|-heal|p1a: Martin|86/100|[from] item: Leftovers
|upkeep
|turn|22
|c|☆the band pet|wow
|
|t:|1729811194
|move|p2a: Venusaur|Sleep Powder|p1a: Martin
|-status|p1a: Martin|slp|[from] move: Sleep Powder
|cant|p1a: Martin|slp
|
|-weather|Sandstorm|[upkeep]
|-damage|p2a: Venusaur|9/100|[from] Sandstorm
|-heal|p2a: Venusaur|15/100|[from] item: Leftovers
|-heal|p1a: Martin|93/100 slp|[from] item: Leftovers
|upkeep
|turn|23
|c|☆JoJ707|yours is the better frog
|
|t:|1729811207
|switch|p1a: Af Klimt|Venusaur, F|80/100
|move|p2a: Venusaur|Leech Seed|p1a: Af Klimt
|-immune|p1a: Af Klimt
|
|-weather|Sandstorm|[upkeep]
|-damage|p1a: Af Klimt|74/100|[from] Sandstorm
|-damage|p2a: Venusaur|9/100|[from] Sandstorm
|-heal|p1a: Af Klimt|80/100|[from] item: Leftovers
|-heal|p2a: Venusaur|15/100|[from] item: Leftovers
|upkeep
|turn|24
|
|t:|1729811212
|move|p1a: Af Klimt|Hidden Power|p2a: Venusaur
|-supereffective|p2a: Venusaur
|-damage|p2a: Venusaur|0 fnt
|faint|p2a: Venusaur
|
|t:|1729811217
|switch|p2a: Charizard|Charizard, F|68/100
|
|-weather|Sandstorm|[upkeep]
|-damage|p2a: Charizard|61/100|[from] Sandstorm
|-damage|p1a: Af Klimt|74/100|[from] Sandstorm
|-heal|p2a: Charizard|68/100|[from] item: Leftovers
|-heal|p1a: Af Klimt|80/100|[from] item: Leftovers
|upkeep
|turn|25
|inactive|the band pet has 270 seconds left.
|
|t:|1729811251
|switch|p1a: Gris|Swampert, F|100/100
|move|p2a: Charizard|Flamethrower|p1a: Gris
|-resisted|p1a: Gris
|-damage|p1a: Gris|81/100
|
|-weather|Sandstorm|[upkeep]
|-damage|p2a: Charizard|61/100|[from] Sandstorm
|-heal|p2a: Charizard|68/100|[from] item: Leftovers
|-heal|p1a: Gris|87/100|[from] item: Leftovers
|upkeep
|turn|26
|
|t:|1729811261
|switch|p2a: Suicune|Suicune|100/100
|-damage|p2a: Suicune|84/100|[from] Spikes
|move|p1a: Gris|Hydro Pump|p2a: Suicune|[miss]
|-miss|p1a: Gris|p2a: Suicune
|
|-weather|Sandstorm|[upkeep]
|-damage|p2a: Suicune|78/100|[from] Sandstorm
|-heal|p2a: Suicune|84/100|[from] item: Leftovers
|-heal|p1a: Gris|94/100|[from] item: Leftovers
|upkeep
|turn|27
|
|t:|1729811269
|switch|p1a: Af Klimt|Venusaur, F|80/100
|move|p2a: Suicune|Ice Beam|p1a: Af Klimt
|-supereffective|p1a: Af Klimt
|-damage|p1a: Af Klimt|24/100
|-status|p1a: Af Klimt|frz
|
|-weather|Sandstorm|[upkeep]
|-damage|p1a: Af Klimt|18/100 frz|[from] Sandstorm
|-damage|p2a: Suicune|78/100|[from] Sandstorm
|-heal|p1a: Af Klimt|24/100 frz|[from] item: Leftovers
|-heal|p2a: Suicune|84/100|[from] item: Leftovers
|upkeep
|turn|28
|c|☆JoJ707|mb
|
|t:|1729811280
|cant|p1a: Af Klimt|frz
|move|p2a: Suicune|Ice Beam|p1a: Af Klimt
|-supereffective|p1a: Af Klimt
|-damage|p1a: Af Klimt|0 fnt
|faint|p1a: Af Klimt
|
|t:|1729811288
|switch|p1a: Martin|Forretress, M|93/100 slp
|
|-weather|Sandstorm|[upkeep]
|-damage|p2a: Suicune|78/100|[from] Sandstorm
|-heal|p2a: Suicune|84/100|[from] item: Leftovers
|-heal|p1a: Martin|99/100 slp|[from] item: Leftovers
|upkeep
|turn|29
|
|t:|1729811294
|switch|p2a: Charizard|Charizard, F|68/100
|cant|p1a: Martin|slp
|
|-weather|Sandstorm|[upkeep]
|-damage|p2a: Charizard|61/100|[from] Sandstorm
|-heal|p2a: Charizard|68/100|[from] item: Leftovers
|-heal|p1a: Martin|100/100 slp|[from] item: Leftovers
|upkeep
|turn|30
|
|t:|1729811304
|switch|p2a: Claydol|Claydol|81/100
|-curestatus|p1a: Martin|slp|[msg]
|move|p1a: Martin|Explosion|p2a: Claydol
|-damage|p2a: Claydol|0 fnt
|faint|p1a: Martin
|faint|p2a: Claydol
|
|t:|1729811315
|switch|p2a: Suicune|Suicune|84/100
|switch|p1a: Gris|Swampert, F|94/100
|-damage|p2a: Suicune|68/100|[from] Spikes
|
|-weather|Sandstorm|[upkeep]
|-damage|p2a: Suicune|61/100|[from] Sandstorm
|-heal|p2a: Suicune|68/100|[from] item: Leftovers
|-heal|p1a: Gris|99/100|[from] item: Leftovers
|upkeep
|turn|31
|
|t:|1729811324
|move|p2a: Suicune|Surf|p1a: Gris
|-damage|p1a: Gris|66/100
|move|p1a: Gris|Earthquake|p2a: Suicune
|-damage|p2a: Suicune|40/100
|
|-weather|Sandstorm|[upkeep]
|-damage|p2a: Suicune|34/100|[from] Sandstorm
|-heal|p2a: Suicune|40/100|[from] item: Leftovers
|-heal|p1a: Gris|72/100|[from] item: Leftovers
|upkeep
|turn|32
|
|t:|1729811334
|move|p2a: Suicune|Rest|p2a: Suicune
|-status|p2a: Suicune|slp|[from] move: Rest
|-heal|p2a: Suicune|100/100 slp|[silent]
|move|p1a: Gris|Earthquake|p2a: Suicune
|-damage|p2a: Suicune|72/100 slp
|
|-weather|Sandstorm|[upkeep]
|-damage|p2a: Suicune|65/100 slp|[from] Sandstorm
|-heal|p2a: Suicune|72/100 slp|[from] item: Leftovers
|-heal|p1a: Gris|78/100|[from] item: Leftovers
|upkeep
|turn|33
|
|t:|1729811337
|switch|p1a: Kossoff|Aerodactyl, M|100/100
|cant|p2a: Suicune|slp
|
|-weather|Sandstorm|[upkeep]
|-damage|p2a: Suicune|65/100 slp|[from] Sandstorm
|-heal|p2a: Suicune|72/100 slp|[from] item: Leftovers
|upkeep
|turn|34
|
|t:|1729811344
|move|p1a: Kossoff|Rock Slide|p2a: Suicune
|-damage|p2a: Suicune|34/100 slp
|cant|p2a: Suicune|slp
|
|-weather|Sandstorm|[upkeep]
|-damage|p2a: Suicune|28/100 slp|[from] Sandstorm
|-heal|p2a: Suicune|34/100 slp|[from] item: Leftovers
|upkeep
|turn|35
|
|t:|1729811349
|switch|p2a: Metagross|Metagross|100/100
|-damage|p2a: Metagross|84/100|[from] Spikes
|move|p1a: Kossoff|Rock Slide|p2a: Metagross
|-resisted|p2a: Metagross
|-damage|p2a: Metagross|64/100
|
|-weather|Sandstorm|[upkeep]
|-heal|p2a: Metagross|70/100|[from] item: Leftovers
|upkeep
|turn|36
|
|t:|1729811359
|switch|p1a: Gris|Swampert, F|78/100
|switch|p2a: Charizard|Charizard, F|68/100
|
|-weather|Sandstorm|[upkeep]
|-damage|p2a: Charizard|61/100|[from] Sandstorm
|-heal|p2a: Charizard|68/100|[from] item: Leftovers
|-heal|p1a: Gris|84/100|[from] item: Leftovers
|upkeep
|turn|37
|
|t:|1729811364
|move|p2a: Charizard|Hidden Power|p1a: Gris
|-supereffective|p1a: Gris
|-damage|p1a: Gris|4/100
|move|p1a: Gris|Hydro Pump|p2a: Charizard
|-supereffective|p2a: Charizard
|-damage|p2a: Charizard|0 fnt
|faint|p2a: Charizard
|
|t:|1729811377
|switch|p2a: Suicune|Suicune|34/100 slp
|-damage|p2a: Suicune|17/100 slp|[from] Spikes
|
|-weather|Sandstorm|[upkeep]
|-damage|p2a: Suicune|11/100 slp|[from] Sandstorm
|-heal|p2a: Suicune|17/100 slp|[from] item: Leftovers
|-heal|p1a: Gris|10/100|[from] item: Leftovers
|upkeep
|turn|38
|
|t:|1729811384
|-curestatus|p2a: Suicune|slp|[msg]
|move|p2a: Suicune|Surf|p1a: Gris
|-damage|p1a: Gris|0 fnt
|faint|p1a: Gris
|
|t:|1729811391
|switch|p1a: Kossoff|Aerodactyl, M|100/100
|
|-weather|Sandstorm|[upkeep]
|-damage|p2a: Suicune|11/100|[from] Sandstorm
|-heal|p2a: Suicune|17/100|[from] item: Leftovers
|upkeep
|turn|39
|
|t:|1729811393
|move|p1a: Kossoff|Earthquake|p2a: Suicune
|-damage|p2a: Suicune|0 fnt
|faint|p2a: Suicune
|
|t:|1729811396
|switch|p2a: Snorlax|Snorlax, F|100/100
|-damage|p2a: Snorlax|84/100|[from] Spikes
|
|-weather|Sandstorm|[upkeep]
|-damage|p2a: Snorlax|78/100|[from] Sandstorm
|-heal|p2a: Snorlax|84/100|[from] item: Leftovers
|upkeep
|turn|40
|
|t:|1729811403
|move|p1a: Kossoff|Earthquake|p2a: Snorlax
|-damage|p2a: Snorlax|43/100
|move|p2a: Snorlax|Curse|p2a: Snorlax
|-unboost|p2a: Snorlax|spe|1
|-boost|p2a: Snorlax|atk|1
|-boost|p2a: Snorlax|def|1
|
|-weather|Sandstorm|[upkeep]
|-damage|p2a: Snorlax|37/100|[from] Sandstorm
|-heal|p2a: Snorlax|43/100|[from] item: Leftovers
|upkeep
|turn|41
|
|t:|1729811408
|move|p1a: Kossoff|Earthquake|p2a: Snorlax
|-damage|p2a: Snorlax|17/100
|move|p2a: Snorlax|Shadow Ball|p1a: Kossoff
|-damage|p1a: Kossoff|31/100
|
|-weather|Sandstorm|[upkeep]
|-damage|p2a: Snorlax|11/100|[from] Sandstorm
|-heal|p2a: Snorlax|17/100|[from] item: Leftovers
|upkeep
|turn|42
|
|t:|1729811414
|move|p1a: Kossoff|Earthquake|p2a: Snorlax
|-damage|p2a: Snorlax|0 fnt
|faint|p2a: Snorlax
|
|t:|1729811416
|switch|p2a: Metagross|Metagross|70/100
|-damage|p2a: Metagross|53/100|[from] Spikes
|
|-weather|Sandstorm|[upkeep]
|-heal|p2a: Metagross|59/100|[from] item: Leftovers
|upkeep
|turn|43
|
|t:|1729811418
|move|p1a: Kossoff|Earthquake|p2a: Metagross
|-supereffective|p2a: Metagross
|-damage|p2a: Metagross|0 fnt
|faint|p2a: Metagross
|
|win|the band pet
|c|☆JoJ707|gg, wp
|c|☆the band pet|gg
|player|p2|

</script>
<script type="application/json" class="data" id="replaydata-smogtours-gen3ou-801692">
{"id":"smogtours-gen3ou-801692","format":"[Gen 3] OU","players":["the band pet","JoJ707"],"uploadtime":1729811418,"views":102,"formatid":"gen3ou","rating":null,"private":0,"password":null}
</script>

<script defer src="js/replays.js?9d40a366"></script>
