<!DOCTYPE html>
<meta charset="utf-8" />
<meta name="viewport" content="width=device-width" />

<title>[Gen 3] OU: Ktools vs. Cakeconnesseur - Replays - Pok&eacute;mon Showdown!</title>

<meta name="description" content="Watch a replay of a Pok&eacute;mon battle between Ktools and Cakeconnesseur! Format: [Gen 3] OU; Date: Oct 1, 2024" />
<!--

Hey, you! Looking in the source for the replay log?

You can find them in JSON format, just add `.json` at the end of a replay URL.

https://replay.pokemonshowdown.com/gen7randomdoublesbattle-865046831.json

Or, if you only need the log itself, add `.log` instead:

https://replay.pokemonshowdown.com/gen7randomdoublesbattle-865046831.log

-->

<link rel="stylesheet" href="//pokemonshowdown.com/style/global.css?0.767286132409787" />
<link rel="stylesheet" href="//play.pokemonshowdown.com/style/font-awesome.css?0.9266228007934947" />
<link rel="stylesheet" href="//play.pokemonshowdown.com/style/battle.css?0.7924700842790926" />
<link rel="stylesheet" href="//play.pokemonshowdown.com/style/utilichart.css?0.8777417872839479" />

<!-- Global site tag (gtag.js) - Google Analytics -->
<script async src="https://www.googletagmanager.com/gtag/js?id=UA-26211653-1"></script>
<script>
  window.dataLayer = window.dataLayer || [];
  function gtag(){dataLayer.push(arguments);}
  gtag('js', new Date());

  gtag('config', 'UA-26211653-1');
</script>
<!-- End Google Analytics -->
<!-- Venatus Ad Manager - Install in <HEAD> of page -->
	<script src="https://hb.vntsm.com/v3/live/ad-manager.min.js" type="text/javascript" data-site-id="642aba63ec9a7b11c3c9c1be" data-mode="scan" async></script>
<!-- / Venatus Ad Manager -->

<style>
	@media (max-width:820px) {
		.battle {
			margin: 0 auto;
		}
		.battle-log {
			margin: 7px auto 0;
			max-width: 640px;
			height: 300px;
			position: static;
		}
	}
	.optgroup {
		display: inline-block;
		line-height: 22px;
		font-size: 10pt;
	}
	.optgroup .button {
		height: 25px;
		padding-top: 0;
		padding-bottom: 0;
	}
	.optgroup button.button {
		padding-left: 12px;
		padding-right: 12px;
	}
	.linklist {
		list-style: none;
		margin: 0.5em 0;
		padding: 0;
	}
	.linklist li {
		padding: 2px 0;
	}
	.sidebar {
		float: left;
		width: 320px;
	}
	.bar-wrapper {
		max-width: 1100px;
		margin: 0 auto;
	}
	.bar-wrapper.has-sidebar {
		max-width: 1430px;
	}
	.mainbar {
		margin: 0;
		padding-right: 1px;
	}
	.mainbar.has-sidebar {
		margin-left: 330px;
	}
	@media (min-width: 1511px) {
		.sidebar {
			width: 400px;
		}
		.bar-wrapper.has-sidebar {
			max-width: 1510px;
		}
		.mainbar.has-sidebar {
			margin-left: 410px;
		}
	}
	.section.first-section {
		margin-top: 9px;
	}
	.blocklink small {
		white-space: normal;
	}
	.button {
		vertical-align: middle;
	}
	.replay-controls {
		padding-top: 10px;
	}
	.replay-controls h1 {
		font-size: 16pt;
		font-weight: normal;
		color: #CCC;
	}
	.pagelink {
		text-align: center;
	}
	.pagelink a {
		width: 150px;
	}
	.textbox, .button {
		font-size: 11pt;
		vertical-align: middle;
	}
	@media (max-width: 450px) {
		.button {
			font-size: 9pt;
		}
	}
</style>

<div>

	<header>
		<div class="nav-wrapper"><ul class="nav">
			<li><a class="button nav-first" href="//pokemonshowdown.com/"><img src="//pokemonshowdown.com/images/pokemonshowdownbeta.png" srcset="//pokemonshowdown.com/images/pokemonshowdownbeta.png 1x, //pokemonshowdown.com/images/pokemonshowdownbeta@2x.png 2x" alt="Pok&eacute;mon Showdown" width="146" height="44" /> Home</a></li>
			<li><a class="button" href="//pokemonshowdown.com/dex/">Pok&eacute;dex</a></li>
			<li><a class="button cur" href="/">Replays</a></li>
			<li><a class="button" href="//pokemonshowdown.com/ladder/">Ladder</a></li>
			<li><a class="button nav-last" href="//pokemonshowdown.com/forums/">Forum</a></li>
			<li><a class="button greenbutton nav-first nav-last" href="//play.pokemonshowdown.com/">Play</a></li>
		</ul></div>
	</header>

	<div class="main" id="main">

		<noscript><section class="section">You need to enable JavaScript to use this page; sorry!</section></noscript>

	</div>

</div>

<script defer nomodule src="//play.pokemonshowdown.com/js/lib/ps-polyfill.js"></script>
<script defer src="//play.pokemonshowdown.com/js/lib/preact.min.js"></script>

<script defer src="//play.pokemonshowdown.com/config/config.js?6dec07f6"></script>
<script defer src="//play.pokemonshowdown.com/js/lib/jquery-1.11.0.min.js"></script>
<script defer src="//play.pokemonshowdown.com/js/lib/html-sanitizer-minified.js"></script>
<script defer src="//play.pokemonshowdown.com/js/battle-sound.js"></script>
<script defer src="//play.pokemonshowdown.com/js/battledata.js?0.6315294753075389"></script>
<script defer src="//play.pokemonshowdown.com/data/pokedex-mini.js?0.7603743185311358"></script>
<script defer src="//play.pokemonshowdown.com/data/pokedex-mini-bw.js?0.030888842834281283"></script>
<script defer src="//play.pokemonshowdown.com/data/graphics.js?0.05593094747507488"></script>
<script defer src="//play.pokemonshowdown.com/data/pokedex.js?0.47064822249611904"></script>
<script defer src="//play.pokemonshowdown.com/data/moves.js?0.8583693120512459"></script>
<script defer src="//play.pokemonshowdown.com/data/abilities.js?0.16017181182386842"></script>
<script defer src="//play.pokemonshowdown.com/data/items.js?0.4163379185673943"></script>
<script defer src="//play.pokemonshowdown.com/data/teambuilder-tables.js?0.31075597372830477"></script>
<script defer src="//play.pokemonshowdown.com/js/battle-tooltips.js?0.6536193500708172"></script>
<script defer src="//play.pokemonshowdown.com/js/battle.js?0.1916591943277901"></script>

<script defer src="js/utils.js?e31f9a17"></script>
<script defer src="js/replays-battle.js?7008c182"></script>

<!-- don't scrape this data! just add .json or .log after the URL!
Full API docs: https://github.com/smogon/pokemon-showdown-client/blob/master/WEB-API.md -->
<script type="text/plain" class="log" id="replaylog-smogtours-gen3ou-793818">
|inactive|Battle timer is ON: inactive players will automatically lose when time's up.
|t:|1727810510
|gametype|singles
|player|p1|Ktools|2|
|player|p2|Cakeconnesseur|lass-gen7|
|teamsize|p1|6
|teamsize|p2|6
|gen|3
|tier|[Gen 3] OU
|rule|Sleep Clause Mod: Limit one foe put to sleep
|rule|Switch Priority Clause Mod: Faster Pokémon switch first
|rule|Species Clause: Limit one of each Pokémon
|rule|OHKO Clause: OHKO moves are banned
|rule|Evasion Items Clause: Evasion items are banned
|rule|Evasion Moves Clause: Evasion moves are banned
|rule|Endless Battle Clause: Forcing endless battles is banned
|rule|HP Percentage Mod: HP is shown in percentages
|rule|One Boost Passer Clause: Limit one Baton Passer that has a way to boost its stats
|rule|Freeze Clause Mod: Limit one foe frozen
|
|t:|1727810510
|start
|switch|p1a: Medicham|Medicham, F|100/100
|switch|p2a: Skarmory|Skarmory, F|100/100
|turn|1
|inactive|Cakeconnesseur also wants the timer to be on.
|c|☆Cakeconnesseur|hf
|
|t:|1727810528
|-singleturn|p1a: Medicham|move: Focus Punch
|move|p2a: Skarmory|Protect|p2a: Skarmory
|-singleturn|p2a: Skarmory|Protect
|move|p1a: Medicham|Focus Punch|p2a: Skarmory
|-activate|p2a: Skarmory|Protect
|
|upkeep
|turn|2
|
|t:|1727810536
|switch|p1a: Magneton|Magneton|100/100
|switch|p2a: Gengar|Gengar, F|100/100
|
|upkeep
|turn|3
|
|t:|1727810561
|switch|p1a: Snorlax|Snorlax, F|100/100
|move|p2a: Gengar|Fire Punch|p1a: Snorlax
|-damage|p1a: Snorlax|89/100
|-status|p1a: Snorlax|brn
|
|-heal|p1a: Snorlax|95/100 brn|[from] item: Leftovers
|-damage|p1a: Snorlax|82/100 brn|[from] brn
|upkeep
|turn|4
|
|t:|1727810575
|switch|p2a: Skarmory|Skarmory, F|100/100
|move|p1a: Snorlax|Shadow Ball|p2a: Skarmory
|-resisted|p2a: Skarmory
|-damage|p2a: Skarmory|96/100
|
|-heal|p2a: Skarmory|100/100|[from] item: Leftovers
|-heal|p1a: Snorlax|89/100 brn|[from] item: Leftovers
|-damage|p1a: Snorlax|76/100 brn|[from] brn
|upkeep
|turn|5
|
|t:|1727810587
|switch|p2a: Swampert|Swampert, F|100/100
|switch|p1a: Medicham|Medicham, F|100/100
|
|upkeep
|turn|6
|
|t:|1727810607
|switch|p1a: Suicune|Suicune|100/100
|move|p2a: Swampert|Earthquake|p1a: Suicune
|-damage|p1a: Suicune|69/100
|
|-heal|p1a: Suicune|75/100|[from] item: Leftovers
|upkeep
|turn|7
|
|t:|1727810622
|switch|p2a: Starmie|Starmie|100/100
|move|p1a: Suicune|Calm Mind|p1a: Suicune
|-boost|p1a: Suicune|spa|1
|-boost|p1a: Suicune|spd|1
|
|-heal|p1a: Suicune|81/100|[from] item: Leftovers
|upkeep
|turn|8
|
|t:|1727810643
|switch|p1a: Snorlax|Snorlax, F|76/100 brn
|move|p2a: Starmie|Thunderbolt|p1a: Snorlax
|-damage|p1a: Snorlax|60/100 brn
|
|-heal|p1a: Snorlax|66/100 brn|[from] item: Leftovers
|-damage|p1a: Snorlax|54/100 brn|[from] brn
|upkeep
|turn|9
|
|t:|1727810657
|switch|p2a: Swampert|Swampert, F|100/100
|move|p1a: Snorlax|Shadow Ball|p2a: Swampert
|-damage|p2a: Swampert|91/100
|-unboost|p2a: Swampert|spd|1
|
|-heal|p2a: Swampert|97/100|[from] item: Leftovers
|-heal|p1a: Snorlax|60/100 brn|[from] item: Leftovers
|-damage|p1a: Snorlax|47/100 brn|[from] brn
|upkeep
|turn|10
|
|t:|1727810666
|move|p2a: Swampert|Earthquake|p1a: Snorlax
|-damage|p1a: Snorlax|16/100 brn
|move|p1a: Snorlax|Self-Destruct|p2a: Swampert
|-damage|p2a: Swampert|27/100
|faint|p1a: Snorlax
|
|t:|1727810678
|switch|p1a: Metagross|Metagross|100/100
|
|-heal|p2a: Swampert|33/100|[from] item: Leftovers
|upkeep
|turn|11
|
|t:|1727810692
|switch|p2a: Skarmory|Skarmory, F|100/100
|move|p1a: Metagross|Earthquake|p2a: Skarmory
|-immune|p2a: Skarmory
|
|upkeep
|turn|12
|
|t:|1727810699
|switch|p1a: Magneton|Magneton|100/100
|move|p2a: Skarmory|Whirlwind|p1a: Magneton
|drag|p1a: Suicune|Suicune|81/100
|
|-heal|p1a: Suicune|87/100|[from] item: Leftovers
|upkeep
|turn|13
|
|t:|1727810708
|switch|p1a: Metagross|Metagross|100/100
|switch|p2a: Starmie|Starmie|100/100
|
|upkeep
|turn|14
|
|t:|1727810730
|switch|p1a: Magneton|Magneton|100/100
|move|p2a: Starmie|Hydro Pump|p1a: Magneton
|-damage|p1a: Magneton|0 fnt
|faint|p1a: Magneton
|
|t:|1727810738
|switch|p1a: Metagross|Metagross|100/100
|
|upkeep
|turn|15
|
|t:|1727810742
|switch|p2a: Skarmory|Skarmory, F|100/100
|move|p1a: Metagross|Agility|p1a: Metagross
|-boost|p1a: Metagross|spe|2
|
|upkeep
|turn|16
|
|t:|1727810749
|move|p1a: Metagross|Meteor Mash|p2a: Skarmory
|-resisted|p2a: Skarmory
|-damage|p2a: Skarmory|81/100
|move|p2a: Skarmory|Whirlwind|p1a: Metagross
|drag|p1a: Medicham|Medicham, F|100/100
|
|-heal|p2a: Skarmory|87/100|[from] item: Leftovers
|upkeep
|turn|17
|
|t:|1727810757
|-singleturn|p1a: Medicham|move: Focus Punch
|move|p2a: Skarmory|Protect|p2a: Skarmory
|-singleturn|p2a: Skarmory|Protect
|move|p1a: Medicham|Focus Punch|p2a: Skarmory
|-activate|p2a: Skarmory|Protect
|
|-heal|p2a: Skarmory|93/100|[from] item: Leftovers
|upkeep
|turn|18
|
|t:|1727810760
|-singleturn|p1a: Medicham|move: Focus Punch
|switch|p2a: Gengar|Gengar, F|100/100
|move|p1a: Medicham|Focus Punch|p2a: Gengar
|-immune|p2a: Gengar
|
|upkeep
|turn|19
|
|t:|1727810768
|move|p2a: Gengar|Will-O-Wisp|p1a: Medicham|[miss]
|-miss|p2a: Gengar|p1a: Medicham
|move|p1a: Medicham|Shadow Ball|p2a: Gengar
|-supereffective|p2a: Gengar
|-damage|p2a: Gengar|7/100
|
|-heal|p2a: Gengar|13/100|[from] item: Leftovers
|upkeep
|turn|20
|
|t:|1727810774
|move|p2a: Gengar|Explosion|p1a: Medicham
|-damage|p1a: Medicham|0 fnt
|faint|p2a: Gengar
|faint|p1a: Medicham
|
|t:|1727810784
|switch|p2a: Starmie|Starmie|100/100
|switch|p1a: Suicune|Suicune|87/100
|
|-heal|p1a: Suicune|94/100|[from] item: Leftovers
|upkeep
|turn|21
|
|t:|1727810789
|move|p2a: Starmie|Thunderbolt|p1a: Suicune
|-supereffective|p1a: Suicune
|-damage|p1a: Suicune|57/100
|move|p1a: Suicune|Calm Mind|p1a: Suicune
|-boost|p1a: Suicune|spa|1
|-boost|p1a: Suicune|spd|1
|
|-heal|p1a: Suicune|64/100|[from] item: Leftovers
|upkeep
|turn|22
|
|t:|1727810794
|move|p2a: Starmie|Thunderbolt|p1a: Suicune
|-supereffective|p1a: Suicune
|-damage|p1a: Suicune|38/100
|move|p1a: Suicune|Calm Mind|p1a: Suicune
|-boost|p1a: Suicune|spa|1
|-boost|p1a: Suicune|spd|1
|
|-heal|p1a: Suicune|44/100|[from] item: Leftovers
|upkeep
|turn|23
|
|t:|1727810797
|move|p2a: Starmie|Thunderbolt|p1a: Suicune
|-supereffective|p1a: Suicune
|-damage|p1a: Suicune|25/100
|move|p1a: Suicune|Surf|p2a: Starmie
|-resisted|p2a: Starmie
|-damage|p2a: Starmie|55/100
|
|-heal|p2a: Starmie|61/100|[from] item: Leftovers
|-heal|p1a: Suicune|31/100|[from] item: Leftovers
|upkeep
|turn|24
|
|t:|1727810805
|move|p2a: Starmie|Thunderbolt|p1a: Suicune
|-supereffective|p1a: Suicune
|-damage|p1a: Suicune|13/100
|move|p1a: Suicune|Surf|p2a: Starmie
|-resisted|p2a: Starmie
|-damage|p2a: Starmie|18/100
|
|-heal|p2a: Starmie|24/100|[from] item: Leftovers
|-heal|p1a: Suicune|19/100|[from] item: Leftovers
|upkeep
|turn|25
|
|t:|1727810810
|move|p2a: Starmie|Thunderbolt|p1a: Suicune
|-supereffective|p1a: Suicune
|-damage|p1a: Suicune|2/100
|move|p1a: Suicune|Surf|p2a: Starmie
|-resisted|p2a: Starmie
|-damage|p2a: Starmie|0 fnt
|faint|p2a: Starmie
|inactive|Cakeconnesseur has 270 seconds left.
|
|t:|1727810841
|switch|p2a: Blissey|Blissey, F|100/100
|
|-heal|p1a: Suicune|8/100|[from] item: Leftovers
|upkeep
|turn|26
|inactive|Cakeconnesseur has 270 seconds left.
|
|t:|1727810860
|move|p1a: Suicune|Surf|p2a: Blissey
|-damage|p2a: Blissey|76/100
|move|p2a: Blissey|Toxic|p1a: Suicune
|-status|p1a: Suicune|tox
|
|-heal|p1a: Suicune|14/100 tox|[from] item: Leftovers
|-damage|p1a: Suicune|8/100 tox|[from] psn
|-heal|p2a: Blissey|82/100|[from] item: Leftovers
|upkeep
|turn|27
|
|t:|1727810866
|move|p1a: Suicune|Surf|p2a: Blissey
|-damage|p2a: Blissey|57/100
|move|p2a: Blissey|Soft-Boiled|p2a: Blissey
|-heal|p2a: Blissey|100/100
|
|-heal|p1a: Suicune|14/100 tox|[from] item: Leftovers
|-damage|p1a: Suicune|2/100 tox|[from] psn
|upkeep
|turn|28
|
|t:|1727810870
|move|p2a: Blissey|Soft-Boiled||[still]
|-fail|p2a: Blissey|heal
|move|p1a: Suicune|Roar|p2a: Blissey
|drag|p2a: Swampert|Swampert, F|33/100
|
|-heal|p1a: Suicune|8/100 tox|[from] item: Leftovers
|-damage|p1a: Suicune|0 fnt|[from] psn
|faint|p1a: Suicune
|-heal|p2a: Swampert|39/100|[from] item: Leftovers
|upkeep
|
|t:|1727810874
|switch|p1a: Salamence|Salamence, M|100/100
|-ability|p1a: Salamence|Intimidate|boost
|-unboost|p2a: Swampert|atk|1
|turn|29
|
|t:|1727810884
|move|p1a: Salamence|Dragon Dance|p1a: Salamence
|-boost|p1a: Salamence|atk|1
|-boost|p1a: Salamence|spe|1
|move|p2a: Swampert|Ice Beam|p1a: Salamence
|-supereffective|p1a: Salamence
|-damage|p1a: Salamence|23/100
|
|-heal|p1a: Salamence|29/100|[from] item: Leftovers
|-heal|p2a: Swampert|45/100|[from] item: Leftovers
|upkeep
|turn|30
|
|t:|1727810894
|move|p1a: Salamence|Hidden Power|p2a: Swampert
|-damage|p2a: Swampert|0 fnt
|faint|p2a: Swampert
|
|t:|1727810902
|switch|p2a: Skarmory|Skarmory, F|93/100
|
|-heal|p1a: Salamence|35/100|[from] item: Leftovers
|-heal|p2a: Skarmory|99/100|[from] item: Leftovers
|upkeep
|turn|31
|
|t:|1727810911
|move|p1a: Salamence|Rock Slide|p2a: Skarmory
|-damage|p2a: Skarmory|65/100
|cant|p2a: Skarmory|flinch
|
|-heal|p1a: Salamence|41/100|[from] item: Leftovers
|-heal|p2a: Skarmory|71/100|[from] item: Leftovers
|upkeep
|turn|32
|
|t:|1727810916
|move|p1a: Salamence|Rock Slide|p2a: Skarmory
|-damage|p2a: Skarmory|40/100
|move|p2a: Skarmory|Whirlwind|p1a: Salamence
|drag|p1a: Metagross|Metagross|100/100
|
|-heal|p2a: Skarmory|46/100|[from] item: Leftovers
|upkeep
|turn|33
|
|t:|1727810921
|move|p2a: Skarmory|Protect|p2a: Skarmory
|-singleturn|p2a: Skarmory|Protect
|move|p1a: Metagross|Meteor Mash|p2a: Skarmory
|-activate|p2a: Skarmory|Protect
|
|-heal|p2a: Skarmory|52/100|[from] item: Leftovers
|upkeep
|turn|34
|
|t:|1727810949
|move|p1a: Metagross|Meteor Mash|p2a: Skarmory
|-resisted|p2a: Skarmory
|-damage|p2a: Skarmory|32/100
|move|p2a: Skarmory|Whirlwind|p1a: Metagross
|drag|p1a: Salamence|Salamence, M|41/100
|-ability|p1a: Salamence|Intimidate|boost
|-unboost|p2a: Skarmory|atk|1
|
|-heal|p1a: Salamence|47/100|[from] item: Leftovers
|-heal|p2a: Skarmory|38/100|[from] item: Leftovers
|upkeep
|turn|35
|
|t:|1727810960
|switch|p1a: Metagross|Metagross|100/100
|move|p2a: Skarmory|Whirlwind|p1a: Metagross
|drag|p1a: Salamence|Salamence, M|47/100
|-ability|p1a: Salamence|Intimidate|boost
|-unboost|p2a: Skarmory|atk|1
|
|-heal|p1a: Salamence|53/100|[from] item: Leftovers
|-heal|p2a: Skarmory|44/100|[from] item: Leftovers
|upkeep
|turn|36
|
|t:|1727810964
|move|p1a: Salamence|Rock Slide|p2a: Skarmory
|-damage|p2a: Skarmory|24/100
|move|p2a: Skarmory|Toxic|p1a: Salamence
|-status|p1a: Salamence|tox
|
|-heal|p1a: Salamence|59/100 tox|[from] item: Leftovers
|-damage|p1a: Salamence|53/100 tox|[from] psn
|-heal|p2a: Skarmory|30/100|[from] item: Leftovers
|upkeep
|turn|37
|
|t:|1727810968
|switch|p1a: Metagross|Metagross|100/100
|move|p2a: Skarmory|Whirlwind|p1a: Metagross
|drag|p1a: Salamence|Salamence, M|53/100 tox
|-ability|p1a: Salamence|Intimidate|boost
|-unboost|p2a: Skarmory|atk|1
|
|-heal|p1a: Salamence|59/100 tox|[from] item: Leftovers
|-damage|p1a: Salamence|53/100 tox|[from] psn
|-heal|p2a: Skarmory|36/100|[from] item: Leftovers
|upkeep
|turn|38
|
|t:|1727810972
|switch|p1a: Metagross|Metagross|100/100
|move|p2a: Skarmory|Protect||[still]
|-fail|p2a: Skarmory
|
|-heal|p2a: Skarmory|42/100|[from] item: Leftovers
|upkeep
|turn|39
|
|t:|1727810976
|move|p2a: Skarmory|Protect|p2a: Skarmory
|-singleturn|p2a: Skarmory|Protect
|move|p1a: Metagross|Meteor Mash|p2a: Skarmory|[miss]
|-miss|p1a: Metagross|p2a: Skarmory
|
|-heal|p2a: Skarmory|48/100|[from] item: Leftovers
|upkeep
|turn|40
|
|t:|1727810983
|move|p1a: Metagross|Meteor Mash|p2a: Skarmory
|-resisted|p2a: Skarmory
|-damage|p2a: Skarmory|28/100
|move|p2a: Skarmory|Whirlwind|p1a: Metagross
|drag|p1a: Salamence|Salamence, M|53/100 tox
|-ability|p1a: Salamence|Intimidate|boost
|-unboost|p2a: Skarmory|atk|1
|
|-heal|p1a: Salamence|59/100 tox|[from] item: Leftovers
|-damage|p1a: Salamence|53/100 tox|[from] psn
|-heal|p2a: Skarmory|34/100|[from] item: Leftovers
|upkeep
|turn|41
|
|t:|1727810989
|switch|p1a: Metagross|Metagross|100/100
|move|p2a: Skarmory|Whirlwind|p1a: Metagross
|drag|p1a: Salamence|Salamence, M|53/100 tox
|-ability|p1a: Salamence|Intimidate|boost
|-unboost|p2a: Skarmory|atk|1
|
|-heal|p1a: Salamence|59/100 tox|[from] item: Leftovers
|-damage|p1a: Salamence|53/100 tox|[from] psn
|-heal|p2a: Skarmory|40/100|[from] item: Leftovers
|upkeep
|turn|42
|
|t:|1727810995
|move|p2a: Skarmory|Protect|p2a: Skarmory
|-singleturn|p2a: Skarmory|Protect
|move|p1a: Salamence|Rock Slide|p2a: Skarmory
|-activate|p2a: Skarmory|Protect
|
|-heal|p1a: Salamence|59/100 tox|[from] item: Leftovers
|-damage|p1a: Salamence|47/100 tox|[from] psn
|-heal|p2a: Skarmory|46/100|[from] item: Leftovers
|upkeep
|turn|43
|
|t:|1727810997
|switch|p1a: Metagross|Metagross|100/100
|move|p2a: Skarmory|Whirlwind|p1a: Metagross
|drag|p1a: Salamence|Salamence, M|47/100 tox
|-ability|p1a: Salamence|Intimidate|boost
|-unboost|p2a: Skarmory|atk|1
|
|-heal|p1a: Salamence|53/100 tox|[from] item: Leftovers
|-damage|p1a: Salamence|47/100 tox|[from] psn
|-heal|p2a: Skarmory|52/100|[from] item: Leftovers
|upkeep
|turn|44
|
|t:|1727811001
|move|p1a: Salamence|Rock Slide|p2a: Skarmory
|-damage|p2a: Skarmory|30/100
|move|p2a: Skarmory|Whirlwind|p1a: Salamence
|drag|p1a: Metagross|Metagross|100/100
|
|-heal|p2a: Skarmory|36/100|[from] item: Leftovers
|upkeep
|turn|45
|
|t:|1727811005
|move|p2a: Skarmory|Protect|p2a: Skarmory
|-singleturn|p2a: Skarmory|Protect
|move|p1a: Metagross|Agility|p1a: Metagross
|-boost|p1a: Metagross|spe|2
|
|-heal|p2a: Skarmory|42/100|[from] item: Leftovers
|upkeep
|turn|46
|
|t:|1727811010
|move|p1a: Metagross|Meteor Mash|p2a: Skarmory
|-resisted|p2a: Skarmory
|-damage|p2a: Skarmory|21/100
|move|p2a: Skarmory|Whirlwind|p1a: Metagross
|drag|p1a: Salamence|Salamence, M|47/100 tox
|-ability|p1a: Salamence|Intimidate|boost
|-unboost|p2a: Skarmory|atk|0
|
|-heal|p1a: Salamence|53/100 tox|[from] item: Leftovers
|-damage|p1a: Salamence|47/100 tox|[from] psn
|-heal|p2a: Skarmory|27/100|[from] item: Leftovers
|upkeep
|turn|47
|
|t:|1727811016
|switch|p1a: Metagross|Metagross|100/100
|move|p2a: Skarmory|Whirlwind|p1a: Metagross
|drag|p1a: Salamence|Salamence, M|47/100 tox
|-ability|p1a: Salamence|Intimidate|boost
|-unboost|p2a: Skarmory|atk|0
|
|-heal|p1a: Salamence|53/100 tox|[from] item: Leftovers
|-damage|p1a: Salamence|47/100 tox|[from] psn
|-heal|p2a: Skarmory|33/100|[from] item: Leftovers
|upkeep
|turn|48
|
|t:|1727811021
|switch|p1a: Metagross|Metagross|100/100
|move|p2a: Skarmory|Whirlwind|p1a: Metagross
|drag|p1a: Salamence|Salamence, M|47/100 tox
|-ability|p1a: Salamence|Intimidate|boost
|-unboost|p2a: Skarmory|atk|0
|
|-heal|p1a: Salamence|53/100 tox|[from] item: Leftovers
|-damage|p1a: Salamence|47/100 tox|[from] psn
|-heal|p2a: Skarmory|39/100|[from] item: Leftovers
|upkeep
|turn|49
|
|t:|1727811025
|switch|p1a: Metagross|Metagross|100/100
|move|p2a: Skarmory|Protect||[still]
|-fail|p2a: Skarmory
|
|-heal|p2a: Skarmory|45/100|[from] item: Leftovers
|upkeep
|turn|50
|
|t:|1727811029
|move|p2a: Skarmory|Protect|p2a: Skarmory
|-singleturn|p2a: Skarmory|Protect
|move|p1a: Metagross|Meteor Mash|p2a: Skarmory
|-activate|p2a: Skarmory|Protect
|
|-heal|p2a: Skarmory|50/100|[from] item: Leftovers
|upkeep
|turn|51
|
|t:|1727811033
|move|p1a: Metagross|Meteor Mash|p2a: Skarmory
|-resisted|p2a: Skarmory
|-damage|p2a: Skarmory|29/100
|move|p2a: Skarmory|Whirlwind|p1a: Metagross
|drag|p1a: Salamence|Salamence, M|47/100 tox
|-ability|p1a: Salamence|Intimidate|boost
|-unboost|p2a: Skarmory|atk|0
|
|-heal|p1a: Salamence|53/100 tox|[from] item: Leftovers
|-damage|p1a: Salamence|47/100 tox|[from] psn
|-heal|p2a: Skarmory|35/100|[from] item: Leftovers
|upkeep
|turn|52
|
|t:|1727811045
|move|p2a: Skarmory|Protect|p2a: Skarmory
|-singleturn|p2a: Skarmory|Protect
|move|p1a: Salamence|Dragon Dance|p1a: Salamence
|-boost|p1a: Salamence|atk|1
|-boost|p1a: Salamence|spe|1
|
|-heal|p1a: Salamence|53/100 tox|[from] item: Leftovers
|-damage|p1a: Salamence|41/100 tox|[from] psn
|-heal|p2a: Skarmory|41/100|[from] item: Leftovers
|upkeep
|turn|53
|
|t:|1727811051
|move|p1a: Salamence|Rock Slide|p2a: Skarmory
|-damage|p2a: Skarmory|11/100
|move|p2a: Skarmory|Whirlwind|p1a: Salamence
|drag|p1a: Metagross|Metagross|100/100
|
|-heal|p2a: Skarmory|17/100|[from] item: Leftovers
|upkeep
|turn|54
|
|t:|1727811057
|move|p2a: Skarmory|Protect|p2a: Skarmory
|-singleturn|p2a: Skarmory|Protect
|move|p1a: Metagross|Meteor Mash|p2a: Skarmory
|-activate|p2a: Skarmory|Protect
|
|-heal|p2a: Skarmory|23/100|[from] item: Leftovers
|upkeep
|turn|55
|
|t:|1727811063
|move|p1a: Metagross|Meteor Mash|p2a: Skarmory
|-resisted|p2a: Skarmory
|-damage|p2a: Skarmory|1/100
|move|p2a: Skarmory|Whirlwind|p1a: Metagross
|drag|p1a: Salamence|Salamence, M|41/100 tox
|-ability|p1a: Salamence|Intimidate|boost
|-unboost|p2a: Skarmory|atk|0
|
|-heal|p1a: Salamence|47/100 tox|[from] item: Leftovers
|-damage|p1a: Salamence|41/100 tox|[from] psn
|-heal|p2a: Skarmory|7/100|[from] item: Leftovers
|upkeep
|turn|56
|
|t:|1727811070
|move|p1a: Salamence|Dragon Dance|p1a: Salamence
|-boost|p1a: Salamence|atk|1
|-boost|p1a: Salamence|spe|1
|move|p2a: Skarmory|Whirlwind|p1a: Salamence
|drag|p1a: Metagross|Metagross|100/100
|
|-heal|p2a: Skarmory|13/100|[from] item: Leftovers
|upkeep
|turn|57
|
|t:|1727811078
|move|p1a: Metagross|Agility|p1a: Metagross
|-boost|p1a: Metagross|spe|2
|move|p2a: Skarmory|Whirlwind|p1a: Metagross
|drag|p1a: Salamence|Salamence, M|41/100 tox
|-ability|p1a: Salamence|Intimidate|boost
|-unboost|p2a: Skarmory|atk|0
|
|-heal|p1a: Salamence|47/100 tox|[from] item: Leftovers
|-damage|p1a: Salamence|41/100 tox|[from] psn
|-heal|p2a: Skarmory|19/100|[from] item: Leftovers
|upkeep
|turn|58
|
|t:|1727811084
|move|p1a: Salamence|Rock Slide|p2a: Skarmory
|-damage|p2a: Skarmory|0 fnt
|faint|p2a: Skarmory
|
|t:|1727811096
|switch|p2a: Tyranitar|Tyranitar, F|100/100
|-weather|Sandstorm|[from] ability: Sand Stream|[of] p2a: Tyranitar
|
|-weather|Sandstorm|[upkeep]
|-damage|p1a: Salamence|35/100 tox|[from] Sandstorm
|-heal|p1a: Salamence|41/100 tox|[from] item: Leftovers
|-damage|p1a: Salamence|29/100 tox|[from] psn
|upkeep
|turn|59
|
|t:|1727811113
|move|p1a: Salamence|Dragon Dance|p1a: Salamence
|-boost|p1a: Salamence|atk|1
|-boost|p1a: Salamence|spe|1
|move|p2a: Tyranitar|Dragon Dance|p2a: Tyranitar
|-boost|p2a: Tyranitar|atk|1
|-boost|p2a: Tyranitar|spe|1
|
|-weather|Sandstorm|[upkeep]
|-damage|p1a: Salamence|23/100 tox|[from] Sandstorm
|-heal|p1a: Salamence|29/100 tox|[from] item: Leftovers
|-damage|p1a: Salamence|10/100 tox|[from] psn
|upkeep
|turn|60
|
|t:|1727811123
|move|p1a: Salamence|Earthquake|p2a: Tyranitar
|-supereffective|p2a: Tyranitar
|-damage|p2a: Tyranitar|22/100
|move|p2a: Tyranitar|Dragon Dance|p2a: Tyranitar
|-boost|p2a: Tyranitar|atk|1
|-boost|p2a: Tyranitar|spe|1
|
|-weather|Sandstorm|[upkeep]
|-damage|p1a: Salamence|4/100 tox|[from] Sandstorm
|-heal|p1a: Salamence|10/100 tox|[from] item: Leftovers
|-damage|p1a: Salamence|0 fnt|[from] psn
|faint|p1a: Salamence
|-heal|p2a: Tyranitar|28/100|[from] item: Leftovers
|upkeep
|
|t:|1727811132
|switch|p1a: Metagross|Metagross|100/100
|turn|61
|
|t:|1727811138
|move|p2a: Tyranitar|Earthquake|p1a: Metagross
|-supereffective|p1a: Metagross
|-crit|p1a: Metagross
|-damage|p1a: Metagross|0 fnt
|faint|p1a: Metagross
|
|win|Cakeconnesseur
|c|☆Cakeconnesseur|gg
|c|☆Ktools|gg

</script>
<script type="application/json" class="data" id="replaydata-smogtours-gen3ou-793818">
{"id":"smogtours-gen3ou-793818","format":"[Gen 3] OU","players":["Ktools","Cakeconnesseur"],"uploadtime":1727811138,"views":136,"formatid":"gen3ou","rating":null,"private":0,"password":null}
</script>

<script defer src="js/replays.js?9d40a366"></script>
