<!DOCTYPE html>
<meta charset="utf-8" />
<meta name="viewport" content="width=device-width" />

<title>[Gen 3] OU: corvid_queen vs. grillkinggaming - Replays - Pok&eacute;mon Showdown!</title>

<meta name="description" content="Watch a replay of a Pok&eacute;mon battle between corvid_queen and grillkinggaming! Format: [Gen 3] OU; Date: Oct 16, 2024" />
<!--

Hey, you! Looking in the source for the replay log?

You can find them in JSON format, just add `.json` at the end of a replay URL.

https://replay.pokemonshowdown.com/gen7randomdoublesbattle-865046831.json

Or, if you only need the log itself, add `.log` instead:

https://replay.pokemonshowdown.com/gen7randomdoublesbattle-865046831.log

-->

<link rel="stylesheet" href="//pokemonshowdown.com/style/global.css?0.023195364461161105" />
<link rel="stylesheet" href="//play.pokemonshowdown.com/style/font-awesome.css?0.13261647063804238" />
<link rel="stylesheet" href="//play.pokemonshowdown.com/style/battle.css?0.8753245789963631" />
<link rel="stylesheet" href="//play.pokemonshowdown.com/style/utilichart.css?0.8627959624976733" />

<!-- Global site tag (gtag.js) - Google Analytics -->
<script async src="https://www.googletagmanager.com/gtag/js?id=UA-26211653-1"></script>
<script>
  window.dataLayer = window.dataLayer || [];
  function gtag(){dataLayer.push(arguments);}
  gtag('js', new Date());

  gtag('config', 'UA-26211653-1');
</script>
<!-- End Google Analytics -->
<!-- Venatus Ad Manager - Install in <HEAD> of page -->
	<script src="https://hb.vntsm.com/v3/live/ad-manager.min.js" type="text/javascript" data-site-id="642aba63ec9a7b11c3c9c1be" data-mode="scan" async></script>
<!-- / Venatus Ad Manager -->

<style>
	@media (max-width:820px) {
		.battle {
			margin: 0 auto;
		}
		.battle-log {
			margin: 7px auto 0;
			max-width: 640px;
			height: 300px;
			position: static;
		}
	}
	.optgroup {
		display: inline-block;
		line-height: 22px;
		font-size: 10pt;
	}
	.optgroup .button {
		height: 25px;
		padding-top: 0;
		padding-bottom: 0;
	}
	.optgroup button.button {
		padding-left: 12px;
		padding-right: 12px;
	}
	.linklist {
		list-style: none;
		margin: 0.5em 0;
		padding: 0;
	}
	.linklist li {
		padding: 2px 0;
	}
	.sidebar {
		float: left;
		width: 320px;
	}
	.bar-wrapper {
		max-width: 1100px;
		margin: 0 auto;
	}
	.bar-wrapper.has-sidebar {
		max-width: 1430px;
	}
	.mainbar {
		margin: 0;
		padding-right: 1px;
	}
	.mainbar.has-sidebar {
		margin-left: 330px;
	}
	@media (min-width: 1511px) {
		.sidebar {
			width: 400px;
		}
		.bar-wrapper.has-sidebar {
			max-width: 1510px;
		}
		.mainbar.has-sidebar {
			margin-left: 410px;
		}
	}
	.section.first-section {
		margin-top: 9px;
	}
	.blocklink small {
		white-space: normal;
	}
	.button {
		vertical-align: middle;
	}
	.replay-controls {
		padding-top: 10px;
	}
	.replay-controls h1 {
		font-size: 16pt;
		font-weight: normal;
		color: #CCC;
	}
	.pagelink {
		text-align: center;
	}
	.pagelink a {
		width: 150px;
	}
	.textbox, .button {
		font-size: 11pt;
		vertical-align: middle;
	}
	@media (max-width: 450px) {
		.button {
			font-size: 9pt;
		}
	}
</style>

<div>

	<header>
		<div class="nav-wrapper"><ul class="nav">
			<li><a class="button nav-first" href="//pokemonshowdown.com/"><img src="//pokemonshowdown.com/images/pokemonshowdownbeta.png" srcset="//pokemonshowdown.com/images/pokemonshowdownbeta.png 1x, //pokemonshowdown.com/images/pokemonshowdownbeta@2x.png 2x" alt="Pok&eacute;mon Showdown" width="146" height="44" /> Home</a></li>
			<li><a class="button" href="//pokemonshowdown.com/dex/">Pok&eacute;dex</a></li>
			<li><a class="button cur" href="/">Replays</a></li>
			<li><a class="button" href="//pokemonshowdown.com/ladder/">Ladder</a></li>
			<li><a class="button nav-last" href="//pokemonshowdown.com/forums/">Forum</a></li>
			<li><a class="button greenbutton nav-first nav-last" href="//play.pokemonshowdown.com/">Play</a></li>
		</ul></div>
	</header>

	<div class="main" id="main">

		<noscript><section class="section">You need to enable JavaScript to use this page; sorry!</section></noscript>

	</div>

</div>

<script defer nomodule src="//play.pokemonshowdown.com/js/lib/ps-polyfill.js"></script>
<script defer src="//play.pokemonshowdown.com/js/lib/preact.min.js"></script>

<script defer src="//play.pokemonshowdown.com/config/config.js?2bddbc15"></script>
<script defer src="//play.pokemonshowdown.com/js/lib/jquery-1.11.0.min.js"></script>
<script defer src="//play.pokemonshowdown.com/js/lib/html-sanitizer-minified.js"></script>
<script defer src="//play.pokemonshowdown.com/js/battle-sound.js"></script>
<script defer src="//play.pokemonshowdown.com/js/battledata.js?0.7209276989879541"></script>
<script defer src="//play.pokemonshowdown.com/data/pokedex-mini.js?0.6111056340867951"></script>
<script defer src="//play.pokemonshowdown.com/data/pokedex-mini-bw.js?0.3532142036491459"></script>
<script defer src="//play.pokemonshowdown.com/data/graphics.js?0.24223875632456182"></script>
<script defer src="//play.pokemonshowdown.com/data/pokedex.js?0.38839984266356864"></script>
<script defer src="//play.pokemonshowdown.com/data/moves.js?0.21866028504024015"></script>
<script defer src="//play.pokemonshowdown.com/data/abilities.js?0.2005157953846628"></script>
<script defer src="//play.pokemonshowdown.com/data/items.js?0.9894211263848525"></script>
<script defer src="//play.pokemonshowdown.com/data/teambuilder-tables.js?0.6008791140282215"></script>
<script defer src="//play.pokemonshowdown.com/js/battle-tooltips.js?0.7580118955022959"></script>
<script defer src="//play.pokemonshowdown.com/js/battle.js?0.6057722274234274"></script>

<script defer src="js/utils.js?e31f9a17"></script>
<script defer src="js/replays-battle.js?7008c182"></script>

<!-- don't scrape this data! just add .json or .log after the URL!
Full API docs: https://github.com/smogon/pokemon-showdown-client/blob/master/WEB-API.md -->
<script type="text/plain" class="log" id="replaylog-smogtours-gen3ou-799083">
|inactive|Battle timer is ON: inactive players will automatically lose when time's up.
|t:|1729041380
|gametype|singles
|player|p1|corvid_queen|guitarist|
|player|p2|grillkinggaming|170|
|teamsize|p1|6
|teamsize|p2|6
|gen|3
|tier|[Gen 3] OU
|rule|Sleep Clause Mod: Limit one foe put to sleep
|rule|Switch Priority Clause Mod: Faster Pokémon switch first
|rule|Species Clause: Limit one of each Pokémon
|rule|OHKO Clause: OHKO moves are banned
|rule|Evasion Items Clause: Evasion items are banned
|rule|Evasion Moves Clause: Evasion moves are banned
|rule|Endless Battle Clause: Forcing endless battles is banned
|rule|HP Percentage Mod: HP is shown in percentages
|rule|One Boost Passer Clause: Limit one Baton Passer that has a way to boost its stats
|rule|Freeze Clause Mod: Limit one foe frozen
|
|t:|1729041380
|start
|switch|p1a: disposable heroes|Tyranitar, F|100/100
|switch|p2a: Augustus|Tyranitar, F|100/100
|-weather|Sandstorm|[from] ability: Sand Stream|[of] p2a: Augustus
|turn|1
|c|☆corvid_queen|glhf!!
|c|☆grillkinggaming|glhf
|
|t:|1729041409
|move|p2a: Augustus|Substitute|p2a: Augustus
|-start|p2a: Augustus|Substitute
|-damage|p2a: Augustus|75/100
|move|p1a: disposable heroes|Dragon Dance|p1a: disposable heroes
|-boost|p1a: disposable heroes|atk|1
|-boost|p1a: disposable heroes|spe|1
|
|-weather|Sandstorm|[upkeep]
|-heal|p2a: Augustus|82/100|[from] item: Leftovers
|upkeep
|turn|2
|inactive|corvid_queen has 270 seconds left.
|
|t:|1729041459
|-singleturn|p2a: Augustus|move: Focus Punch
|switch|p1a: liquid smooth|Skarmory, F|100/100
|move|p2a: Augustus|Focus Punch|p1a: liquid smooth
|-damage|p1a: liquid smooth|68/100
|
|-weather|Sandstorm|[upkeep]
|-heal|p2a: Augustus|88/100|[from] item: Leftovers
|-heal|p1a: liquid smooth|74/100|[from] item: Leftovers
|upkeep
|turn|3
|
|t:|1729041477
|move|p1a: liquid smooth|Protect|p1a: liquid smooth
|-singleturn|p1a: liquid smooth|Protect
|move|p2a: Augustus|Fire Blast|p1a: liquid smooth
|-activate|p1a: liquid smooth|Protect
|
|-weather|Sandstorm|[upkeep]
|-heal|p2a: Augustus|94/100|[from] item: Leftovers
|-heal|p1a: liquid smooth|80/100|[from] item: Leftovers
|upkeep
|turn|4
|
|t:|1729041497
|-singleturn|p2a: Augustus|move: Focus Punch
|switch|p1a: of the abyss|Swampert, M|100/100
|move|p2a: Augustus|Focus Punch|p1a: of the abyss
|-damage|p1a: of the abyss|62/100
|
|-weather|Sandstorm|[upkeep]
|-heal|p2a: Augustus|99/100|[from] item: Leftovers
|-heal|p1a: of the abyss|68/100|[from] item: Leftovers
|upkeep
|turn|5
|inactive|corvid_queen has 240 seconds left.
|
|t:|1729041518
|move|p1a: of the abyss|Protect|p1a: of the abyss
|-singleturn|p1a: of the abyss|Protect
|move|p2a: Augustus|Hidden Power|p1a: of the abyss
|-activate|p1a: of the abyss|Protect
|
|-weather|Sandstorm|[upkeep]
|-heal|p2a: Augustus|100/100|[from] item: Leftovers
|-heal|p1a: of the abyss|74/100|[from] item: Leftovers
|upkeep
|turn|6
|inactive|corvid_queen has 240 seconds left.
|inactive|corvid_queen has 210 seconds left.
|
|t:|1729041561
|-singleturn|p2a: Augustus|move: Focus Punch
|move|p2a: Augustus|Focus Punch|p1a: of the abyss
|-damage|p1a: of the abyss|39/100
|move|p1a: of the abyss|Roar|p2a: Augustus
|drag|p2a: Julius|Metagross|100/100
|
|-weather|Sandstorm|[upkeep]
|-heal|p1a: of the abyss|45/100|[from] item: Leftovers
|upkeep
|turn|7
|inactive|corvid_queen has 210 seconds left.
|
|t:|1729041586
|switch|p1a: liquid smooth|Skarmory, F|80/100
|move|p2a: Julius|Meteor Mash|p1a: liquid smooth
|-resisted|p1a: liquid smooth
|-damage|p1a: liquid smooth|60/100
|-boost|p2a: Julius|atk|1
|
|-weather|Sandstorm|[upkeep]
|-heal|p1a: liquid smooth|66/100|[from] item: Leftovers
|upkeep
|turn|8
|
|t:|1729041597
|move|p2a: Julius|Meteor Mash|p1a: liquid smooth
|-resisted|p1a: liquid smooth
|-damage|p1a: liquid smooth|33/100
|move|p1a: liquid smooth|Roar|p2a: Julius
|drag|p2a: Adrian|Skarmory, M|100/100
|
|-weather|Sandstorm|[upkeep]
|-heal|p1a: liquid smooth|39/100|[from] item: Leftovers
|upkeep
|turn|9
|
|t:|1729041607
|switch|p2a: Augustus|Tyranitar, F|100/100
|move|p1a: liquid smooth|Spikes|p2a: Augustus
|-sidestart|p2: grillkinggaming|Spikes
|
|-weather|Sandstorm|[upkeep]
|-heal|p1a: liquid smooth|45/100|[from] item: Leftovers
|upkeep
|turn|10
|inactive|corvid_queen has 210 seconds left.
|
|t:|1729041614
|move|p1a: liquid smooth|Protect|p1a: liquid smooth
|-singleturn|p1a: liquid smooth|Protect
|move|p2a: Augustus|Fire Blast|p1a: liquid smooth
|-activate|p1a: liquid smooth|Protect
|
|-weather|Sandstorm|[upkeep]
|-heal|p1a: liquid smooth|51/100|[from] item: Leftovers
|upkeep
|turn|11
|inactive|corvid_queen has 210 seconds left.
|
|t:|1729041643
|move|p2a: Augustus|Fire Blast|p1a: liquid smooth|[miss]
|-miss|p2a: Augustus|p1a: liquid smooth
|move|p1a: liquid smooth|Roar|p2a: Augustus
|drag|p2a: Adrian|Skarmory, M|100/100
|
|-weather|Sandstorm|[upkeep]
|-heal|p1a: liquid smooth|57/100|[from] item: Leftovers
|upkeep
|turn|12
|inactive|corvid_queen has 180 seconds left.
|
|t:|1729041691
|switch|p1a: ego death|Jirachi|100/100
|move|p2a: Adrian|Spikes|p1a: ego death
|-sidestart|p1: corvid_queen|Spikes
|
|-weather|Sandstorm|[upkeep]
|upkeep
|turn|13
|
|t:|1729041703
|move|p1a: ego death|Fire Punch|p2a: Adrian
|-supereffective|p2a: Adrian
|-damage|p2a: Adrian|59/100
|-status|p2a: Adrian|brn
|move|p2a: Adrian|Roar|p1a: ego death
|drag|p1a: disposable heroes|Tyranitar, F|100/100
|-damage|p1a: disposable heroes|88/100|[from] Spikes
|
|-weather|Sandstorm|[upkeep]
|-heal|p2a: Adrian|65/100 brn|[from] item: Leftovers
|-damage|p2a: Adrian|52/100 brn|[from] brn
|-heal|p1a: disposable heroes|94/100|[from] item: Leftovers
|upkeep
|turn|14
|
|t:|1729041718
|-singleturn|p1a: disposable heroes|move: Focus Punch
|switch|p2a: Caligula|Claydol|100/100
|move|p1a: disposable heroes|Focus Punch|p2a: Caligula
|-resisted|p2a: Caligula
|-damage|p2a: Caligula|72/100
|
|-weather|Sandstorm|[upkeep]
|-heal|p2a: Caligula|78/100|[from] item: Leftovers
|-heal|p1a: disposable heroes|100/100|[from] item: Leftovers
|upkeep
|turn|15
|
|t:|1729041733
|switch|p1a: cotard's solution|Gengar, M|100/100
|move|p2a: Caligula|Earthquake|p1a: cotard's solution
|-immune|p1a: cotard's solution
|
|-weather|Sandstorm|[upkeep]
|-damage|p1a: cotard's solution|95/100|[from] Sandstorm
|-heal|p1a: cotard's solution|100/100|[from] item: Leftovers
|-heal|p2a: Caligula|84/100|[from] item: Leftovers
|upkeep
|turn|16
|inactive|corvid_queen has 150 seconds left.
|
|t:|1729041764
|move|p1a: cotard's solution|Will-O-Wisp|p2a: Caligula
|-status|p2a: Caligula|brn
|move|p2a: Caligula|Shadow Ball|p1a: cotard's solution
|-supereffective|p1a: cotard's solution
|-damage|p1a: cotard's solution|67/100
|
|-weather|Sandstorm|[upkeep]
|-damage|p1a: cotard's solution|61/100|[from] Sandstorm
|-heal|p1a: cotard's solution|67/100|[from] item: Leftovers
|-heal|p2a: Caligula|91/100 brn|[from] item: Leftovers
|-damage|p2a: Caligula|78/100 brn|[from] brn
|upkeep
|turn|17
|inactive|corvid_queen has 120 seconds left.
|
|t:|1729041806
|move|p1a: cotard's solution|Taunt|p2a: Caligula
|-start|p2a: Caligula|move: Taunt
|move|p2a: Caligula|Shadow Ball|p1a: cotard's solution
|-supereffective|p1a: cotard's solution
|-damage|p1a: cotard's solution|36/100
|
|-weather|Sandstorm|[upkeep]
|-damage|p1a: cotard's solution|30/100|[from] Sandstorm
|-heal|p1a: cotard's solution|36/100|[from] item: Leftovers
|-heal|p2a: Caligula|84/100 brn|[from] item: Leftovers
|-damage|p2a: Caligula|72/100 brn|[from] brn
|upkeep
|turn|18
|inactive|corvid_queen has 90 seconds left.
|inactive|grillkinggaming has 270 seconds left.
|inactive|corvid_queen has 60 seconds left.
|
|t:|1729041875
|switch|p1a: of the abyss|Swampert, M|45/100
|-damage|p1a: of the abyss|33/100|[from] Spikes
|move|p2a: Caligula|Shadow Ball|p1a: of the abyss
|-damage|p1a: of the abyss|24/100
|
|-weather|Sandstorm|[upkeep]
|-heal|p2a: Caligula|78/100 brn|[from] item: Leftovers
|-damage|p2a: Caligula|66/100 brn|[from] brn
|-end|p2a: Caligula|move: Taunt|[silent]
|-heal|p1a: of the abyss|31/100|[from] item: Leftovers
|upkeep
|turn|19
|inactive|corvid_queen has 60 seconds left.
|
|t:|1729041884
|switch|p2a: Constantine|Blissey, F|100/100
|-damage|p2a: Constantine|88/100|[from] Spikes
|move|p1a: of the abyss|Surf|p2a: Constantine
|-damage|p2a: Constantine|64/100
|
|-weather|Sandstorm|[upkeep]
|-damage|p2a: Constantine|58/100|[from] Sandstorm
|-heal|p1a: of the abyss|37/100|[from] item: Leftovers
|-heal|p2a: Constantine|64/100|[from] item: Leftovers
|upkeep
|turn|20
|inactive|corvid_queen has 60 seconds left.
|
|t:|1729041901
|switch|p1a: disposable heroes|Tyranitar, F|100/100
|-damage|p1a: disposable heroes|88/100|[from] Spikes
|move|p2a: Constantine|Ice Beam|p1a: disposable heroes
|-damage|p1a: disposable heroes|66/100
|
|-weather|Sandstorm|[upkeep]
|-damage|p2a: Constantine|58/100|[from] Sandstorm
|-heal|p1a: disposable heroes|73/100|[from] item: Leftovers
|-heal|p2a: Constantine|64/100|[from] item: Leftovers
|upkeep
|turn|21
|inactive|corvid_queen has 60 seconds left.
|
|t:|1729041919
|-singleturn|p1a: disposable heroes|move: Focus Punch
|move|p2a: Constantine|Toxic|p1a: disposable heroes
|-status|p1a: disposable heroes|tox
|move|p1a: disposable heroes|Focus Punch|p2a: Constantine
|-supereffective|p2a: Constantine
|-damage|p2a: Constantine|0 fnt
|faint|p2a: Constantine
|
|t:|1729041936
|switch|p2a: Julius|Metagross|100/100
|-damage|p2a: Julius|88/100|[from] Spikes
|
|-weather|Sandstorm|[upkeep]
|-heal|p2a: Julius|94/100|[from] item: Leftovers
|-heal|p1a: disposable heroes|79/100 tox|[from] item: Leftovers
|-damage|p1a: disposable heroes|73/100 tox|[from] psn
|upkeep
|turn|22
|inactive|corvid_queen has 60 seconds left.
|
|t:|1729041958
|switch|p1a: liquid smooth|Skarmory, F|57/100
|move|p2a: Julius|Meteor Mash|p1a: liquid smooth|[miss]
|-miss|p2a: Julius|p1a: liquid smooth
|
|-weather|Sandstorm|[upkeep]
|-heal|p1a: liquid smooth|63/100|[from] item: Leftovers
|-heal|p2a: Julius|99/100|[from] item: Leftovers
|upkeep
|turn|23
|
|t:|1729041982
|switch|p2a: Augustus|Tyranitar, F|100/100
|-damage|p2a: Augustus|88/100|[from] Spikes
|move|p1a: liquid smooth|Spikes|p2a: Augustus
|-sidestart|p2: grillkinggaming|Spikes
|
|-weather|Sandstorm|[upkeep]
|-heal|p2a: Augustus|94/100|[from] item: Leftovers
|-heal|p1a: liquid smooth|69/100|[from] item: Leftovers
|upkeep
|turn|24
|inactive|corvid_queen has 60 seconds left.
|
|t:|1729041994
|move|p1a: liquid smooth|Protect|p1a: liquid smooth
|-singleturn|p1a: liquid smooth|Protect
|move|p2a: Augustus|Substitute|p2a: Augustus
|-start|p2a: Augustus|Substitute
|-damage|p2a: Augustus|69/100
|
|-weather|Sandstorm|[upkeep]
|-heal|p2a: Augustus|75/100|[from] item: Leftovers
|-heal|p1a: liquid smooth|75/100|[from] item: Leftovers
|upkeep
|turn|25
|
|t:|1729041998
|move|p2a: Augustus|Fire Blast|p1a: liquid smooth
|-supereffective|p1a: liquid smooth
|-damage|p1a: liquid smooth|15/100
|move|p1a: liquid smooth|Roar|p2a: Augustus
|drag|p2a: Adrian|Skarmory, M|52/100 brn
|
|-weather|Sandstorm|[upkeep]
|-heal|p2a: Adrian|58/100 brn|[from] item: Leftovers
|-damage|p2a: Adrian|46/100 brn|[from] brn
|-heal|p1a: liquid smooth|21/100|[from] item: Leftovers
|upkeep
|turn|26
|
|t:|1729042006
|move|p2a: Adrian|Spikes|p1a: liquid smooth
|-sidestart|p1: corvid_queen|Spikes
|move|p1a: liquid smooth|Spikes|p2a: Adrian
|-sidestart|p2: grillkinggaming|Spikes
|
|-weather|Sandstorm|[upkeep]
|-heal|p2a: Adrian|52/100 brn|[from] item: Leftovers
|-damage|p2a: Adrian|40/100 brn|[from] brn
|-heal|p1a: liquid smooth|27/100|[from] item: Leftovers
|upkeep
|turn|27
|inactive|corvid_queen has 60 seconds left.
|
|t:|1729042029
|move|p1a: liquid smooth|Protect|p1a: liquid smooth
|-singleturn|p1a: liquid smooth|Protect
|move|p2a: Adrian|Spikes|p1a: liquid smooth
|-sidestart|p1: corvid_queen|Spikes
|
|-weather|Sandstorm|[upkeep]
|-heal|p2a: Adrian|46/100 brn|[from] item: Leftovers
|-damage|p2a: Adrian|33/100 brn|[from] brn
|-heal|p1a: liquid smooth|33/100|[from] item: Leftovers
|upkeep
|turn|28
|
|t:|1729042035
|move|p2a: Adrian|Roar|p1a: liquid smooth
|drag|p1a: ego death|Jirachi|100/100
|-damage|p1a: ego death|75/100|[from] Spikes
|
|-weather|Sandstorm|[upkeep]
|-heal|p1a: ego death|82/100|[from] item: Leftovers
|-heal|p2a: Adrian|39/100 brn|[from] item: Leftovers
|-damage|p2a: Adrian|27/100 brn|[from] brn
|upkeep
|turn|29
|
|t:|1729042046
|move|p1a: ego death|Fire Punch|p2a: Adrian
|-supereffective|p2a: Adrian
|-damage|p2a: Adrian|0 fnt
|faint|p2a: Adrian
|
|t:|1729042060
|switch|p2a: Caligula|Claydol|66/100 brn
|
|-weather|Sandstorm|[upkeep]
|-heal|p1a: ego death|88/100|[from] item: Leftovers
|-heal|p2a: Caligula|72/100 brn|[from] item: Leftovers
|-damage|p2a: Caligula|60/100 brn|[from] brn
|upkeep
|turn|30
|
|t:|1729042076
|switch|p1a: cotard's solution|Gengar, M|36/100
|move|p2a: Caligula|Shadow Ball|p1a: cotard's solution
|-supereffective|p1a: cotard's solution
|-damage|p1a: cotard's solution|3/100
|
|-weather|Sandstorm|[upkeep]
|-damage|p1a: cotard's solution|0 fnt|[from] Sandstorm
|faint|p1a: cotard's solution
|-heal|p2a: Caligula|66/100 brn|[from] item: Leftovers
|-damage|p2a: Caligula|54/100 brn|[from] brn
|upkeep
|inactive|corvid_queen has 60 seconds left.
|
|t:|1729042087
|switch|p1a: are you dead yet|Starmie|100/100
|-damage|p1a: are you dead yet|76/100|[from] Spikes
|turn|31
|
|t:|1729042096
|move|p1a: are you dead yet|Hydro Pump|p2a: Caligula
|-supereffective|p2a: Caligula
|-damage|p2a: Caligula|0 fnt
|faint|p2a: Caligula
|
|t:|1729042113
|switch|p2a: Nero|Aerodactyl, F|100/100
|
|-weather|Sandstorm|[upkeep]
|-damage|p1a: are you dead yet|70/100|[from] Sandstorm
|-heal|p1a: are you dead yet|76/100|[from] item: Leftovers
|upkeep
|turn|32
|inactive|corvid_queen has 60 seconds left.
|
|t:|1729042138
|switch|p1a: of the abyss|Swampert, M|37/100
|-damage|p1a: of the abyss|12/100|[from] Spikes
|move|p2a: Nero|Double-Edge|p1a: of the abyss
|-damage|p1a: of the abyss|0 fnt
|faint|p1a: of the abyss
|
|t:|1729042158
|switch|p1a: ego death|Jirachi|88/100
|-damage|p1a: ego death|63/100|[from] Spikes
|
|-weather|Sandstorm|[upkeep]
|-heal|p1a: ego death|69/100|[from] item: Leftovers
|upkeep
|turn|33
|inactive|corvid_queen has 30 seconds left.
|
|t:|1729042187
|switch|p2a: Julius|Metagross|99/100
|-damage|p2a: Julius|75/100|[from] Spikes
|move|p1a: ego death|Fire Punch|p2a: Julius
|-supereffective|p2a: Julius
|-damage|p2a: Julius|28/100
|
|-weather|Sandstorm|[upkeep]
|-heal|p1a: ego death|75/100|[from] item: Leftovers
|-heal|p2a: Julius|34/100|[from] item: Leftovers
|upkeep
|turn|34
|inactive|corvid_queen has 30 seconds left.
|
|t:|1729042203
|move|p1a: ego death|Fire Punch|p2a: Julius
|-supereffective|p2a: Julius
|-damage|p2a: Julius|0 fnt
|faint|p2a: Julius
|inactive|corvid_queen has 30 seconds left this turn.
|
|t:|1729042207
|switch|p2a: Augustus|Tyranitar, F|75/100
|-damage|p2a: Augustus|50/100|[from] Spikes
|
|-weather|Sandstorm|[upkeep]
|-heal|p1a: ego death|82/100|[from] item: Leftovers
|-heal|p2a: Augustus|57/100|[from] item: Leftovers
|upkeep
|turn|35
|inactive|corvid_queen has 30 seconds left.
|inactive|corvid_queen has 20 seconds left.
|inactive|corvid_queen has 15 seconds left.
|
|t:|1729042235
|move|p1a: ego death|Dynamic Punch|p2a: Augustus
|-supereffective|p2a: Augustus
|-damage|p2a: Augustus|0 fnt
|faint|p2a: Augustus
|inactive|corvid_queen has 20 seconds left this turn.
|
|t:|1729042238
|switch|p2a: Nero|Aerodactyl, F|100/100
|
|-weather|Sandstorm|[upkeep]
|-heal|p1a: ego death|88/100|[from] item: Leftovers
|upkeep
|turn|36
|inactive|corvid_queen has 30 seconds left this turn.
|-message|grillkinggaming forfeited.
|
|win|corvid_queen
|c|☆corvid_queen|gg
|player|p2|

</script>
<script type="application/json" class="data" id="replaydata-smogtours-gen3ou-799083">
{"id":"smogtours-gen3ou-799083","format":"[Gen 3] OU","players":["corvid_queen","grillkinggaming"],"uploadtime":1729042244,"views":90,"formatid":"gen3ou","rating":null,"private":0,"password":null}
</script>

<script defer src="js/replays.js?9d40a366"></script>
