<!DOCTYPE html>
<meta charset="utf-8" />
<meta name="viewport" content="width=device-width" />

<title>[Gen 3] OU: Ooziegib vs. FlappleFan20 - Replays - Pok&eacute;mon Showdown!</title>

<meta name="description" content="Watch a replay of a Pok&eacute;mon battle between Ooziegib and FlappleFan20! Format: [Gen 3] OU; Date: Oct 19, 2024" />
<!--

Hey, you! Looking in the source for the replay log?

You can find them in JSON format, just add `.json` at the end of a replay URL.

https://replay.pokemonshowdown.com/gen7randomdoublesbattle-865046831.json

Or, if you only need the log itself, add `.log` instead:

https://replay.pokemonshowdown.com/gen7randomdoublesbattle-865046831.log

-->

<link rel="stylesheet" href="//pokemonshowdown.com/style/global.css?0.023195364461161105" />
<link rel="stylesheet" href="//play.pokemonshowdown.com/style/font-awesome.css?0.13261647063804238" />
<link rel="stylesheet" href="//play.pokemonshowdown.com/style/battle.css?0.8753245789963631" />
<link rel="stylesheet" href="//play.pokemonshowdown.com/style/utilichart.css?0.8627959624976733" />

<!-- Global site tag (gtag.js) - Google Analytics -->
<script async src="https://www.googletagmanager.com/gtag/js?id=UA-26211653-1"></script>
<script>
  window.dataLayer = window.dataLayer || [];
  function gtag(){dataLayer.push(arguments);}
  gtag('js', new Date());

  gtag('config', 'UA-26211653-1');
</script>
<!-- End Google Analytics -->
<!-- Venatus Ad Manager - Install in <HEAD> of page -->
	<script src="https://hb.vntsm.com/v3/live/ad-manager.min.js" type="text/javascript" data-site-id="642aba63ec9a7b11c3c9c1be" data-mode="scan" async></script>
<!-- / Venatus Ad Manager -->

<style>
	@media (max-width:820px) {
		.battle {
			margin: 0 auto;
		}
		.battle-log {
			margin: 7px auto 0;
			max-width: 640px;
			height: 300px;
			position: static;
		}
	}
	.optgroup {
		display: inline-block;
		line-height: 22px;
		font-size: 10pt;
	}
	.optgroup .button {
		height: 25px;
		padding-top: 0;
		padding-bottom: 0;
	}
	.optgroup button.button {
		padding-left: 12px;
		padding-right: 12px;
	}
	.linklist {
		list-style: none;
		margin: 0.5em 0;
		padding: 0;
	}
	.linklist li {
		padding: 2px 0;
	}
	.sidebar {
		float: left;
		width: 320px;
	}
	.bar-wrapper {
		max-width: 1100px;
		margin: 0 auto;
	}
	.bar-wrapper.has-sidebar {
		max-width: 1430px;
	}
	.mainbar {
		margin: 0;
		padding-right: 1px;
	}
	.mainbar.has-sidebar {
		margin-left: 330px;
	}
	@media (min-width: 1511px) {
		.sidebar {
			width: 400px;
		}
		.bar-wrapper.has-sidebar {
			max-width: 1510px;
		}
		.mainbar.has-sidebar {
			margin-left: 410px;
		}
	}
	.section.first-section {
		margin-top: 9px;
	}
	.blocklink small {
		white-space: normal;
	}
	.button {
		vertical-align: middle;
	}
	.replay-controls {
		padding-top: 10px;
	}
	.replay-controls h1 {
		font-size: 16pt;
		font-weight: normal;
		color: #CCC;
	}
	.pagelink {
		text-align: center;
	}
	.pagelink a {
		width: 150px;
	}
	.textbox, .button {
		font-size: 11pt;
		vertical-align: middle;
	}
	@media (max-width: 450px) {
		.button {
			font-size: 9pt;
		}
	}
</style>

<div>

	<header>
		<div class="nav-wrapper"><ul class="nav">
			<li><a class="button nav-first" href="//pokemonshowdown.com/"><img src="//pokemonshowdown.com/images/pokemonshowdownbeta.png" srcset="//pokemonshowdown.com/images/pokemonshowdownbeta.png 1x, //pokemonshowdown.com/images/pokemonshowdownbeta@2x.png 2x" alt="Pok&eacute;mon Showdown" width="146" height="44" /> Home</a></li>
			<li><a class="button" href="//pokemonshowdown.com/dex/">Pok&eacute;dex</a></li>
			<li><a class="button cur" href="/">Replays</a></li>
			<li><a class="button" href="//pokemonshowdown.com/ladder/">Ladder</a></li>
			<li><a class="button nav-last" href="//pokemonshowdown.com/forums/">Forum</a></li>
			<li><a class="button greenbutton nav-first nav-last" href="//play.pokemonshowdown.com/">Play</a></li>
		</ul></div>
	</header>

	<div class="main" id="main">

		<noscript><section class="section">You need to enable JavaScript to use this page; sorry!</section></noscript>

	</div>

</div>

<script defer nomodule src="//play.pokemonshowdown.com/js/lib/ps-polyfill.js"></script>
<script defer src="//play.pokemonshowdown.com/js/lib/preact.min.js"></script>

<script defer src="//play.pokemonshowdown.com/config/config.js?2bddbc15"></script>
<script defer src="//play.pokemonshowdown.com/js/lib/jquery-1.11.0.min.js"></script>
<script defer src="//play.pokemonshowdown.com/js/lib/html-sanitizer-minified.js"></script>
<script defer src="//play.pokemonshowdown.com/js/battle-sound.js"></script>
<script defer src="//play.pokemonshowdown.com/js/battledata.js?0.7209276989879541"></script>
<script defer src="//play.pokemonshowdown.com/data/pokedex-mini.js?0.6111056340867951"></script>
<script defer src="//play.pokemonshowdown.com/data/pokedex-mini-bw.js?0.3532142036491459"></script>
<script defer src="//play.pokemonshowdown.com/data/graphics.js?0.24223875632456182"></script>
<script defer src="//play.pokemonshowdown.com/data/pokedex.js?0.38839984266356864"></script>
<script defer src="//play.pokemonshowdown.com/data/moves.js?0.21866028504024015"></script>
<script defer src="//play.pokemonshowdown.com/data/abilities.js?0.2005157953846628"></script>
<script defer src="//play.pokemonshowdown.com/data/items.js?0.9894211263848525"></script>
<script defer src="//play.pokemonshowdown.com/data/teambuilder-tables.js?0.6008791140282215"></script>
<script defer src="//play.pokemonshowdown.com/js/battle-tooltips.js?0.7580118955022959"></script>
<script defer src="//play.pokemonshowdown.com/js/battle.js?0.6057722274234274"></script>

<script defer src="js/utils.js?e31f9a17"></script>
<script defer src="js/replays-battle.js?7008c182"></script>

<!-- don't scrape this data! just add .json or .log after the URL!
Full API docs: https://github.com/smogon/pokemon-showdown-client/blob/master/WEB-API.md -->
<script type="text/plain" class="log" id="replaylog-smogtours-gen3ou-800130">
|inactive|Battle timer is ON: inactive players will automatically lose when time's up.
|t:|1729372602
|gametype|singles
|player|p1|Ooziegib|169|
|player|p2|FlappleFan20|swimmer-gen1|
|teamsize|p1|6
|teamsize|p2|6
|gen|3
|tier|[Gen 3] OU
|rule|Sleep Clause Mod: Limit one foe put to sleep
|rule|Switch Priority Clause Mod: Faster Pokémon switch first
|rule|Species Clause: Limit one of each Pokémon
|rule|OHKO Clause: OHKO moves are banned
|rule|Evasion Items Clause: Evasion items are banned
|rule|Evasion Moves Clause: Evasion moves are banned
|rule|Endless Battle Clause: Forcing endless battles is banned
|rule|HP Percentage Mod: HP is shown in percentages
|rule|One Boost Passer Clause: Limit one Baton Passer that has a way to boost its stats
|rule|Freeze Clause Mod: Limit one foe frozen
|
|t:|1729372602
|start
|switch|p1a: Salamence|Salamence, F|100/100
|switch|p2a: Tyranitar|Tyranitar, M|100/100
|-ability|p1a: Salamence|Intimidate|boost
|-unboost|p2a: Tyranitar|atk|1
|-weather|Sandstorm|[from] ability: Sand Stream|[of] p2a: Tyranitar
|turn|1
|
|t:|1729372617
|switch|p1a: Skarmory|Skarmory, F|100/100
|switch|p2a: Milotic|Milotic, M|100/100
|
|-weather|Sandstorm|[upkeep]
|-damage|p2a: Milotic|94/100|[from] Sandstorm
|-heal|p2a: Milotic|100/100|[from] item: Leftovers
|upkeep
|turn|2
|
|t:|1729372626
|move|p2a: Milotic|Surf|p1a: Skarmory
|-damage|p1a: Skarmory|68/100
|move|p1a: Skarmory|Thief|p2a: Milotic
|-crit|p2a: Milotic
|-damage|p2a: Milotic|94/100
|-enditem|p2a: Milotic|Leftovers|[silent]|[from] move: Thief|[of] p1a: Skarmory
|-item|p1a: Skarmory|Leftovers|[from] move: Thief|[of] p2a: Milotic
|
|-weather|Sandstorm|[upkeep]
|-damage|p2a: Milotic|88/100|[from] Sandstorm
|-heal|p1a: Skarmory|74/100|[from] item: Leftovers
|upkeep
|turn|3
|
|t:|1729372638
|move|p2a: Milotic|Surf|p1a: Skarmory
|-damage|p1a: Skarmory|46/100
|move|p1a: Skarmory|Spikes|p2a: Milotic
|-sidestart|p2: FlappleFan20|Spikes
|
|-weather|Sandstorm|[upkeep]
|-damage|p2a: Milotic|81/100|[from] Sandstorm
|-heal|p1a: Skarmory|52/100|[from] item: Leftovers
|upkeep
|turn|4
|
|t:|1729372642
|switch|p1a: Blissey|Blissey, F|100/100
|move|p2a: Milotic|Surf|p1a: Blissey
|-damage|p1a: Blissey|87/100
|
|-weather|Sandstorm|[upkeep]
|-damage|p2a: Milotic|75/100|[from] Sandstorm
|-damage|p1a: Blissey|81/100|[from] Sandstorm
|-heal|p1a: Blissey|87/100|[from] item: Leftovers
|upkeep
|turn|5
|
|t:|1729372650
|switch|p2a: Forretress|Forretress, M|100/100
|-damage|p2a: Forretress|88/100|[from] Spikes
|move|p1a: Blissey|Wish|p1a: Blissey
|
|-weather|Sandstorm|[upkeep]
|-damage|p1a: Blissey|81/100|[from] Sandstorm
|-heal|p1a: Blissey|87/100|[from] item: Leftovers
|-heal|p2a: Forretress|94/100|[from] item: Leftovers
|upkeep
|turn|6
|
|t:|1729372658
|switch|p1a: Salamence|Salamence, F|100/100
|-ability|p1a: Salamence|Intimidate|boost
|-unboost|p2a: Forretress|atk|1
|move|p2a: Forretress|Spikes|p1a: Salamence
|-sidestart|p1: Ooziegib|Spikes
|
|-weather|Sandstorm|[upkeep]
|-damage|p1a: Salamence|94/100|[from] Sandstorm
|-heal|p1a: Salamence|100/100|[from] item: Leftovers
|-heal|p2a: Forretress|100/100|[from] item: Leftovers
|upkeep
|turn|7
|
|t:|1729372675
|switch|p2a: Milotic|Milotic, M|75/100
|-damage|p2a: Milotic|63/100|[from] Spikes
|move|p1a: Salamence|Fire Blast|p2a: Milotic
|-resisted|p2a: Milotic
|-damage|p2a: Milotic|49/100
|
|-weather|Sandstorm|[upkeep]
|-damage|p1a: Salamence|94/100|[from] Sandstorm
|-damage|p2a: Milotic|43/100|[from] Sandstorm
|-heal|p1a: Salamence|100/100|[from] item: Leftovers
|upkeep
|turn|8
|
|t:|1729372699
|move|p1a: Salamence|Hidden Power|p2a: Milotic
|-supereffective|p2a: Milotic
|-damage|p2a: Milotic|10/100
|move|p2a: Milotic|Recover|p2a: Milotic
|-heal|p2a: Milotic|60/100
|
|-weather|Sandstorm|[upkeep]
|-damage|p1a: Salamence|94/100|[from] Sandstorm
|-damage|p2a: Milotic|53/100|[from] Sandstorm
|-heal|p1a: Salamence|100/100|[from] item: Leftovers
|upkeep
|turn|9
|
|t:|1729372706
|switch|p1a: Blissey|Blissey, F|87/100
|-damage|p1a: Blissey|75/100|[from] Spikes
|move|p2a: Milotic|Recover|p2a: Milotic
|-heal|p2a: Milotic|100/100
|
|-weather|Sandstorm|[upkeep]
|-damage|p2a: Milotic|94/100|[from] Sandstorm
|-damage|p1a: Blissey|69/100|[from] Sandstorm
|-heal|p1a: Blissey|75/100|[from] item: Leftovers
|upkeep
|turn|10
|
|t:|1729372712
|switch|p2a: Forretress|Forretress, M|100/100
|-damage|p2a: Forretress|88/100|[from] Spikes
|move|p1a: Blissey|Seismic Toss|p2a: Forretress
|-damage|p2a: Forretress|60/100
|
|-weather|Sandstorm|[upkeep]
|-damage|p1a: Blissey|69/100|[from] Sandstorm
|-heal|p1a: Blissey|75/100|[from] item: Leftovers
|-heal|p2a: Forretress|66/100|[from] item: Leftovers
|upkeep
|turn|11
|
|t:|1729372719
|switch|p1a: Skarmory|Skarmory, F|52/100
|move|p2a: Forretress|Spikes|p1a: Skarmory
|-sidestart|p1: Ooziegib|Spikes
|
|-weather|Sandstorm|[upkeep]
|-heal|p1a: Skarmory|58/100|[from] item: Leftovers
|-heal|p2a: Forretress|72/100|[from] item: Leftovers
|upkeep
|turn|12
|
|t:|1729372724
|move|p1a: Skarmory|Drill Peck|p2a: Forretress
|-damage|p2a: Forretress|56/100
|move|p2a: Forretress|Zap Cannon|p1a: Skarmory|[miss]
|-miss|p2a: Forretress|p1a: Skarmory
|
|-weather|Sandstorm|[upkeep]
|-heal|p1a: Skarmory|64/100|[from] item: Leftovers
|-heal|p2a: Forretress|62/100|[from] item: Leftovers
|upkeep
|turn|13
|
|t:|1729372742
|move|p1a: Skarmory|Spikes|p2a: Forretress
|-sidestart|p2: FlappleFan20|Spikes
|move|p2a: Forretress|Zap Cannon|p1a: Skarmory|[miss]
|-miss|p2a: Forretress|p1a: Skarmory
|
|-weather|Sandstorm|[upkeep]
|-heal|p1a: Skarmory|70/100|[from] item: Leftovers
|-heal|p2a: Forretress|69/100|[from] item: Leftovers
|upkeep
|turn|14
|
|t:|1729372752
|move|p1a: Skarmory|Spikes|p2a: Forretress
|-sidestart|p2: FlappleFan20|Spikes
|move|p2a: Forretress|Spikes|p1a: Skarmory
|-sidestart|p1: Ooziegib|Spikes
|
|-weather|Sandstorm|[upkeep]
|-heal|p1a: Skarmory|76/100|[from] item: Leftovers
|-heal|p2a: Forretress|75/100|[from] item: Leftovers
|upkeep
|turn|15
|
|t:|1729372758
|move|p1a: Skarmory|Drill Peck|p2a: Forretress
|-damage|p2a: Forretress|57/100
|move|p2a: Forretress|Zap Cannon|p1a: Skarmory|[miss]
|-miss|p2a: Forretress|p1a: Skarmory
|
|-weather|Sandstorm|[upkeep]
|-heal|p1a: Skarmory|82/100|[from] item: Leftovers
|-heal|p2a: Forretress|63/100|[from] item: Leftovers
|upkeep
|turn|16
|
|t:|1729372762
|move|p1a: Skarmory|Drill Peck|p2a: Forretress
|-damage|p2a: Forretress|48/100
|move|p2a: Forretress|Zap Cannon|p1a: Skarmory
|-supereffective|p1a: Skarmory
|-damage|p1a: Skarmory|54/100
|-status|p1a: Skarmory|par
|
|-weather|Sandstorm|[upkeep]
|-heal|p2a: Forretress|54/100|[from] item: Leftovers
|-heal|p1a: Skarmory|60/100 par|[from] item: Leftovers
|upkeep
|turn|17
|
|t:|1729372770
|switch|p2a: Claydol|Claydol|100/100
|move|p1a: Skarmory|Drill Peck|p2a: Claydol
|-damage|p2a: Claydol|83/100
|
|-weather|Sandstorm|[upkeep]
|-heal|p2a: Claydol|89/100|[from] item: Leftovers
|-heal|p1a: Skarmory|66/100 par|[from] item: Leftovers
|upkeep
|turn|18
|
|t:|1729372776
|move|p2a: Claydol|Rapid Spin|p1a: Skarmory
|-resisted|p1a: Skarmory
|-damage|p1a: Skarmory|64/100 par
|-sideend|p2: FlappleFan20|Spikes|[from] move: Rapid Spin|[of] p2a: Claydol
|cant|p1a: Skarmory|par
|
|-weather|Sandstorm|[upkeep]
|-heal|p2a: Claydol|96/100|[from] item: Leftovers
|-heal|p1a: Skarmory|70/100 par|[from] item: Leftovers
|upkeep
|turn|19
|
|t:|1729372786
|switch|p2a: Tyranitar|Tyranitar, M|100/100
|move|p1a: Skarmory|Spikes|p2a: Tyranitar
|-sidestart|p2: FlappleFan20|Spikes
|
|-weather|Sandstorm|[upkeep]
|-heal|p1a: Skarmory|76/100 par|[from] item: Leftovers
|upkeep
|turn|20
|
|t:|1729372795
|switch|p1a: Salamence|Salamence, F|100/100
|-ability|p1a: Salamence|Intimidate|boost
|-unboost|p2a: Tyranitar|atk|1
|move|p2a: Tyranitar|Fire Blast|p1a: Salamence
|-resisted|p1a: Salamence
|-damage|p1a: Salamence|75/100
|
|-weather|Sandstorm|[upkeep]
|-damage|p1a: Salamence|69/100|[from] Sandstorm
|-heal|p1a: Salamence|75/100|[from] item: Leftovers
|upkeep
|turn|21
|
|t:|1729372807
|switch|p2a: Milotic|Milotic, M|94/100
|-damage|p2a: Milotic|82/100|[from] Spikes
|move|p1a: Salamence|Hidden Power|p2a: Milotic
|-supereffective|p2a: Milotic
|-damage|p2a: Milotic|46/100
|
|-weather|Sandstorm|[upkeep]
|-damage|p1a: Salamence|69/100|[from] Sandstorm
|-damage|p2a: Milotic|40/100|[from] Sandstorm
|-heal|p1a: Salamence|75/100|[from] item: Leftovers
|upkeep
|turn|22
|
|t:|1729372812
|move|p1a: Salamence|Hidden Power|p2a: Milotic
|-supereffective|p2a: Milotic
|-damage|p2a: Milotic|8/100
|move|p2a: Milotic|Ice Beam|p1a: Salamence
|-supereffective|p1a: Salamence
|-damage|p1a: Salamence|0 fnt
|faint|p1a: Salamence
|
|t:|1729372820
|switch|p1a: Starmie|Starmie|100/100
|-damage|p1a: Starmie|75/100|[from] Spikes
|
|-weather|Sandstorm|[upkeep]
|-damage|p1a: Starmie|69/100|[from] Sandstorm
|-damage|p2a: Milotic|2/100|[from] Sandstorm
|-heal|p1a: Starmie|75/100|[from] item: Leftovers
|upkeep
|turn|23
|
|t:|1729372826
|move|p1a: Starmie|Surf|p2a: Milotic
|-resisted|p2a: Milotic
|-damage|p2a: Milotic|0 fnt
|faint|p2a: Milotic
|
|t:|1729372840
|switch|p2a: Forretress|Forretress, M|54/100
|-damage|p2a: Forretress|42/100|[from] Spikes
|
|-weather|Sandstorm|[upkeep]
|-damage|p1a: Starmie|69/100|[from] Sandstorm
|-heal|p1a: Starmie|75/100|[from] item: Leftovers
|-heal|p2a: Forretress|48/100|[from] item: Leftovers
|upkeep
|turn|24
|
|t:|1729372844
|move|p1a: Starmie|Rapid Spin|p2a: Forretress
|-resisted|p2a: Forretress
|-damage|p2a: Forretress|47/100
|-sideend|p1: Ooziegib|Spikes|[from] move: Rapid Spin|[of] p1a: Starmie
|move|p2a: Forretress|Hidden Power|p1a: Starmie
|-supereffective|p1a: Starmie
|-damage|p1a: Starmie|19/100
|
|-weather|Sandstorm|[upkeep]
|-damage|p1a: Starmie|13/100|[from] Sandstorm
|-heal|p1a: Starmie|19/100|[from] item: Leftovers
|-heal|p2a: Forretress|53/100|[from] item: Leftovers
|upkeep
|turn|25
|
|t:|1729372858
|switch|p1a: Metagross|Metagross|100/100
|move|p2a: Forretress|Hidden Power|p1a: Metagross
|-damage|p1a: Metagross|86/100
|
|-weather|Sandstorm|[upkeep]
|-heal|p1a: Metagross|92/100|[from] item: Leftovers
|-heal|p2a: Forretress|59/100|[from] item: Leftovers
|upkeep
|turn|26
|
|t:|1729372873
|move|p1a: Metagross|Earthquake|p2a: Forretress
|-damage|p2a: Forretress|34/100
|move|p2a: Forretress|Spikes|p1a: Metagross
|-sidestart|p1: Ooziegib|Spikes
|
|-weather|Sandstorm|[upkeep]
|-heal|p1a: Metagross|98/100|[from] item: Leftovers
|-heal|p2a: Forretress|41/100|[from] item: Leftovers
|upkeep
|turn|27
|
|t:|1729372881
|move|p1a: Metagross|Earthquake|p2a: Forretress
|-damage|p2a: Forretress|18/100
|move|p2a: Forretress|Zap Cannon|p1a: Metagross|[miss]
|-miss|p2a: Forretress|p1a: Metagross
|
|-weather|Sandstorm|[upkeep]
|-heal|p1a: Metagross|100/100|[from] item: Leftovers
|-heal|p2a: Forretress|24/100|[from] item: Leftovers
|upkeep
|turn|28
|
|t:|1729372887
|move|p1a: Metagross|Earthquake|p2a: Forretress
|-damage|p2a: Forretress|0 fnt
|faint|p2a: Forretress
|
|t:|1729372899
|switch|p2a: Claydol|Claydol|96/100
|
|-weather|Sandstorm|[upkeep]
|-heal|p2a: Claydol|100/100|[from] item: Leftovers
|upkeep
|turn|29
|
|t:|1729372904
|move|p1a: Metagross|Meteor Mash|p2a: Claydol
|-damage|p2a: Claydol|56/100
|move|p2a: Claydol|Earthquake|p1a: Metagross
|-supereffective|p1a: Metagross
|-damage|p1a: Metagross|64/100
|
|-weather|Sandstorm|[upkeep]
|-heal|p1a: Metagross|70/100|[from] item: Leftovers
|-heal|p2a: Claydol|62/100|[from] item: Leftovers
|upkeep
|turn|30
|
|t:|1729372921
|move|p1a: Metagross|Meteor Mash|p2a: Claydol
|-damage|p2a: Claydol|22/100
|move|p2a: Claydol|Earthquake|p1a: Metagross
|-supereffective|p1a: Metagross
|-damage|p1a: Metagross|32/100
|
|-weather|Sandstorm|[upkeep]
|-heal|p1a: Metagross|38/100|[from] item: Leftovers
|-heal|p2a: Claydol|28/100|[from] item: Leftovers
|upkeep
|turn|31
|
|t:|1729372939
|move|p1a: Metagross|Protect|p1a: Metagross
|-singleturn|p1a: Metagross|Protect
|move|p2a: Claydol|Rapid Spin|p1a: Metagross
|-activate|p1a: Metagross|Protect
|
|-weather|Sandstorm|[upkeep]
|-heal|p1a: Metagross|44/100|[from] item: Leftovers
|-heal|p2a: Claydol|34/100|[from] item: Leftovers
|upkeep
|turn|32
|
|t:|1729372949
|move|p1a: Metagross|Meteor Mash|p2a: Claydol
|-damage|p2a: Claydol|0 fnt
|faint|p2a: Claydol
|
|t:|1729372953
|switch|p2a: Aerodactyl|Aerodactyl, F|100/100
|
|-weather|Sandstorm|[upkeep]
|-heal|p1a: Metagross|50/100|[from] item: Leftovers
|upkeep
|turn|33
|
|t:|1729372956
|move|p1a: Metagross|Protect|p1a: Metagross
|-singleturn|p1a: Metagross|Protect
|move|p2a: Aerodactyl|Earthquake|p1a: Metagross
|-activate|p1a: Metagross|Protect
|
|-weather|Sandstorm|[upkeep]
|-heal|p1a: Metagross|56/100|[from] item: Leftovers
|upkeep
|turn|34
|
|t:|1729372968
|switch|p2a: Tyranitar|Tyranitar, M|100/100
|-damage|p2a: Tyranitar|88/100|[from] Spikes
|switch|p1a: Skarmory|Skarmory, F|76/100 par
|
|-weather|Sandstorm|[upkeep]
|-heal|p2a: Tyranitar|94/100|[from] item: Leftovers
|-heal|p1a: Skarmory|82/100 par|[from] item: Leftovers
|upkeep
|turn|35
|inactive|Ooziegib has 270 seconds left.
|
|t:|1729373000
|move|p2a: Tyranitar|Fire Blast|p1a: Skarmory|[miss]
|-miss|p2a: Tyranitar|p1a: Skarmory
|cant|p1a: Skarmory|par
|
|-weather|Sandstorm|[upkeep]
|-heal|p2a: Tyranitar|100/100|[from] item: Leftovers
|-heal|p1a: Skarmory|88/100 par|[from] item: Leftovers
|upkeep
|turn|36
|
|t:|1729373006
|move|p2a: Tyranitar|Fire Blast|p1a: Skarmory
|-supereffective|p1a: Skarmory
|-damage|p1a: Skarmory|18/100 par
|move|p1a: Skarmory|Roar|p2a: Tyranitar
|drag|p2a: Aerodactyl|Aerodactyl, F|100/100
|
|-weather|Sandstorm|[upkeep]
|-heal|p1a: Skarmory|24/100 par|[from] item: Leftovers
|upkeep
|turn|37
|
|t:|1729373014
|switch|p1a: Celebi|Celebi|100/100
|-damage|p1a: Celebi|88/100|[from] Spikes
|move|p2a: Aerodactyl|Rock Slide|p1a: Celebi
|-damage|p1a: Celebi|55/100
|
|-weather|Sandstorm|[upkeep]
|-damage|p1a: Celebi|49/100|[from] Sandstorm
|-heal|p1a: Celebi|55/100|[from] item: Leftovers
|upkeep
|turn|38
|
|t:|1729373027
|switch|p2a: Tyranitar|Tyranitar, M|100/100
|-damage|p2a: Tyranitar|88/100|[from] Spikes
|switch|p1a: Metagross|Metagross|56/100
|-damage|p1a: Metagross|44/100|[from] Spikes
|
|-weather|Sandstorm|[upkeep]
|-heal|p1a: Metagross|50/100|[from] item: Leftovers
|-heal|p2a: Tyranitar|94/100|[from] item: Leftovers
|upkeep
|turn|39
|
|t:|1729373033
|move|p1a: Metagross|Protect|p1a: Metagross
|-singleturn|p1a: Metagross|Protect
|move|p2a: Tyranitar|Fire Blast|p1a: Metagross
|-activate|p1a: Metagross|Protect
|
|-weather|Sandstorm|[upkeep]
|-heal|p1a: Metagross|56/100|[from] item: Leftovers
|-heal|p2a: Tyranitar|100/100|[from] item: Leftovers
|upkeep
|turn|40
|
|t:|1729373058
|switch|p1a: Skarmory|Skarmory, F|24/100 par
|move|p2a: Tyranitar|Fire Blast|p1a: Skarmory|[miss]
|-miss|p2a: Tyranitar|p1a: Skarmory
|
|-weather|Sandstorm|[upkeep]
|-heal|p1a: Skarmory|30/100 par|[from] item: Leftovers
|upkeep
|turn|41
|
|t:|1729373064
|move|p2a: Tyranitar|Fire Blast|p1a: Skarmory
|-supereffective|p1a: Skarmory
|-damage|p1a: Skarmory|0 fnt
|faint|p1a: Skarmory
|
|t:|1729373066
|switch|p1a: Starmie|Starmie|19/100
|-damage|p1a: Starmie|6/100|[from] Spikes
|
|-weather|Sandstorm|[upkeep]
|-damage|p1a: Starmie|0 fnt|[from] Sandstorm
|faint|p1a: Starmie
|upkeep
|
|t:|1729373069
|switch|p1a: Blissey|Blissey, F|75/100
|-damage|p1a: Blissey|62/100|[from] Spikes
|turn|42
|
|t:|1729373076
|move|p2a: Tyranitar|Brick Break|p1a: Blissey
|-supereffective|p1a: Blissey
|-damage|p1a: Blissey|20/100
|move|p1a: Blissey|Soft-Boiled|p1a: Blissey
|-heal|p1a: Blissey|70/100
|
|-weather|Sandstorm|[upkeep]
|-damage|p1a: Blissey|64/100|[from] Sandstorm
|-heal|p1a: Blissey|70/100|[from] item: Leftovers
|upkeep
|turn|43
|
|t:|1729373080
|move|p2a: Tyranitar|Brick Break|p1a: Blissey
|-supereffective|p1a: Blissey
|-damage|p1a: Blissey|30/100
|move|p1a: Blissey|Soft-Boiled|p1a: Blissey
|-heal|p1a: Blissey|80/100
|
|-weather|Sandstorm|[upkeep]
|-damage|p1a: Blissey|74/100|[from] Sandstorm
|-heal|p1a: Blissey|80/100|[from] item: Leftovers
|upkeep
|turn|44
|
|t:|1729373088
|switch|p2a: Breloom|Breloom, F|100/100
|-damage|p2a: Breloom|88/100|[from] Spikes
|move|p1a: Blissey|Seismic Toss|p2a: Breloom
|-damage|p2a: Breloom|45/100
|
|-weather|Sandstorm|[upkeep]
|-damage|p2a: Breloom|39/100|[from] Sandstorm
|-damage|p1a: Blissey|74/100|[from] Sandstorm
|-heal|p2a: Breloom|45/100|[from] item: Leftovers
|-heal|p1a: Blissey|80/100|[from] item: Leftovers
|upkeep
|turn|45
|
|t:|1729373107
|switch|p1a: Metagross|Metagross|56/100
|-damage|p1a: Metagross|43/100|[from] Spikes
|move|p2a: Breloom|Spore|p1a: Metagross
|-status|p1a: Metagross|slp|[from] move: Spore
|
|-weather|Sandstorm|[upkeep]
|-damage|p2a: Breloom|39/100|[from] Sandstorm
|-heal|p2a: Breloom|45/100|[from] item: Leftovers
|-heal|p1a: Metagross|49/100 slp|[from] item: Leftovers
|upkeep
|turn|46
|
|t:|1729373113
|switch|p1a: Celebi|Celebi|55/100
|-damage|p1a: Celebi|43/100|[from] Spikes
|move|p2a: Breloom|Leech Seed|p1a: Celebi
|-immune|p1a: Celebi
|
|-weather|Sandstorm|[upkeep]
|-damage|p2a: Breloom|39/100|[from] Sandstorm
|-damage|p1a: Celebi|37/100|[from] Sandstorm
|-heal|p2a: Breloom|45/100|[from] item: Leftovers
|-heal|p1a: Celebi|43/100|[from] item: Leftovers
|upkeep
|turn|47
|
|t:|1729373121
|switch|p2a: Tyranitar|Tyranitar, M|100/100
|-damage|p2a: Tyranitar|88/100|[from] Spikes
|move|p1a: Celebi|Recover|p1a: Celebi
|-heal|p1a: Celebi|93/100
|
|-weather|Sandstorm|[upkeep]
|-damage|p1a: Celebi|87/100|[from] Sandstorm
|-heal|p1a: Celebi|93/100|[from] item: Leftovers
|-heal|p2a: Tyranitar|94/100|[from] item: Leftovers
|upkeep
|turn|48
|
|t:|1729373129
|switch|p1a: Blissey|Blissey, F|80/100
|-damage|p1a: Blissey|68/100|[from] Spikes
|move|p2a: Tyranitar|Crunch|p1a: Blissey
|-damage|p1a: Blissey|54/100
|
|-weather|Sandstorm|[upkeep]
|-damage|p1a: Blissey|48/100|[from] Sandstorm
|-heal|p2a: Tyranitar|100/100|[from] item: Leftovers
|-heal|p1a: Blissey|54/100|[from] item: Leftovers
|upkeep
|turn|49
|
|t:|1729373135
|move|p2a: Tyranitar|Brick Break|p1a: Blissey
|-supereffective|p1a: Blissey
|-damage|p1a: Blissey|13/100
|move|p1a: Blissey|Soft-Boiled|p1a: Blissey
|-heal|p1a: Blissey|63/100
|
|-weather|Sandstorm|[upkeep]
|-damage|p1a: Blissey|57/100|[from] Sandstorm
|-heal|p1a: Blissey|63/100|[from] item: Leftovers
|upkeep
|turn|50
|
|t:|1729373142
|move|p2a: Tyranitar|Brick Break|p1a: Blissey
|-supereffective|p1a: Blissey
|-damage|p1a: Blissey|25/100
|move|p1a: Blissey|Soft-Boiled|p1a: Blissey
|-heal|p1a: Blissey|75/100
|
|-weather|Sandstorm|[upkeep]
|-damage|p1a: Blissey|68/100|[from] Sandstorm
|-heal|p1a: Blissey|75/100|[from] item: Leftovers
|upkeep
|turn|51
|
|t:|1729373147
|move|p2a: Tyranitar|Brick Break|p1a: Blissey
|-supereffective|p1a: Blissey
|-damage|p1a: Blissey|31/100
|move|p1a: Blissey|Soft-Boiled|p1a: Blissey
|-heal|p1a: Blissey|81/100
|
|-weather|Sandstorm|[upkeep]
|-damage|p1a: Blissey|74/100|[from] Sandstorm
|-heal|p1a: Blissey|81/100|[from] item: Leftovers
|upkeep
|turn|52
|
|t:|1729373150
|move|p2a: Tyranitar|Brick Break|p1a: Blissey
|-supereffective|p1a: Blissey
|-crit|p1a: Blissey
|-damage|p1a: Blissey|0 fnt
|faint|p1a: Blissey
|
|t:|1729373154
|switch|p1a: Celebi|Celebi|93/100
|-damage|p1a: Celebi|81/100|[from] Spikes
|
|-weather|Sandstorm|[upkeep]
|-damage|p1a: Celebi|75/100|[from] Sandstorm
|-heal|p1a: Celebi|81/100|[from] item: Leftovers
|upkeep
|turn|53
|
|t:|1729373159
|move|p1a: Celebi|Hidden Power|p2a: Tyranitar
|-supereffective|p2a: Tyranitar
|-damage|p2a: Tyranitar|58/100
|move|p2a: Tyranitar|Crunch|p1a: Celebi
|-supereffective|p1a: Celebi
|-damage|p1a: Celebi|23/100
|-unboost|p1a: Celebi|spd|1
|
|-weather|Sandstorm|[upkeep]
|-damage|p1a: Celebi|17/100|[from] Sandstorm
|-heal|p1a: Celebi|23/100|[from] item: Leftovers
|-heal|p2a: Tyranitar|64/100|[from] item: Leftovers
|upkeep
|turn|54
|
|t:|1729373166
|move|p1a: Celebi|Hidden Power|p2a: Tyranitar
|-supereffective|p2a: Tyranitar
|-damage|p2a: Tyranitar|17/100
|move|p2a: Tyranitar|Pursuit|p1a: Celebi
|-supereffective|p1a: Celebi
|-damage|p1a: Celebi|0 fnt
|faint|p1a: Celebi
|
|t:|1729373171
|switch|p1a: Metagross|Metagross|49/100 slp
|-damage|p1a: Metagross|37/100 slp|[from] Spikes
|
|-weather|Sandstorm|[upkeep]
|-heal|p1a: Metagross|43/100 slp|[from] item: Leftovers
|-heal|p2a: Tyranitar|23/100|[from] item: Leftovers
|upkeep
|turn|55
|
|t:|1729373176
|cant|p1a: Metagross|slp
|move|p2a: Tyranitar|Fire Blast|p1a: Metagross
|-supereffective|p1a: Metagross
|-damage|p1a: Metagross|0 fnt
|faint|p1a: Metagross
|
|win|FlappleFan20
|c|☆Ooziegib|gg
|c|☆FlappleFan20|gg

</script>
<script type="application/json" class="data" id="replaydata-smogtours-gen3ou-800130">
{"id":"smogtours-gen3ou-800130","format":"[Gen 3] OU","players":["Ooziegib","FlappleFan20"],"uploadtime":1729373176,"views":117,"formatid":"gen3ou","rating":null,"private":0,"password":null}
</script>

<script defer src="js/replays.js?9d40a366"></script>
