<!DOCTYPE html>
<meta charset="utf-8" />
<meta name="viewport" content="width=device-width" />

<title>[Gen 3] OU: ilikeeatingcrayons vs. WombatBaby - Replays - Pok&eacute;mon Showdown!</title>

<meta name="description" content="Watch a replay of a Pok&eacute;mon battle between ilikeeatingcrayons and WombatBaby! Format: [Gen 3] OU; Date: Oct 8, 2024" />
<!--

Hey, you! Looking in the source for the replay log?

You can find them in JSON format, just add `.json` at the end of a replay URL.

https://replay.pokemonshowdown.com/gen7randomdoublesbattle-865046831.json

Or, if you only need the log itself, add `.log` instead:

https://replay.pokemonshowdown.com/gen7randomdoublesbattle-865046831.log

-->

<link rel="stylesheet" href="//pokemonshowdown.com/style/global.css?0.767286132409787" />
<link rel="stylesheet" href="//play.pokemonshowdown.com/style/font-awesome.css?0.9266228007934947" />
<link rel="stylesheet" href="//play.pokemonshowdown.com/style/battle.css?0.7924700842790926" />
<link rel="stylesheet" href="//play.pokemonshowdown.com/style/utilichart.css?0.8777417872839479" />

<!-- Global site tag (gtag.js) - Google Analytics -->
<script async src="https://www.googletagmanager.com/gtag/js?id=UA-26211653-1"></script>
<script>
  window.dataLayer = window.dataLayer || [];
  function gtag(){dataLayer.push(arguments);}
  gtag('js', new Date());

  gtag('config', 'UA-26211653-1');
</script>
<!-- End Google Analytics -->
<!-- Venatus Ad Manager - Install in <HEAD> of page -->
	<script src="https://hb.vntsm.com/v3/live/ad-manager.min.js" type="text/javascript" data-site-id="642aba63ec9a7b11c3c9c1be" data-mode="scan" async></script>
<!-- / Venatus Ad Manager -->

<style>
	@media (max-width:820px) {
		.battle {
			margin: 0 auto;
		}
		.battle-log {
			margin: 7px auto 0;
			max-width: 640px;
			height: 300px;
			position: static;
		}
	}
	.optgroup {
		display: inline-block;
		line-height: 22px;
		font-size: 10pt;
	}
	.optgroup .button {
		height: 25px;
		padding-top: 0;
		padding-bottom: 0;
	}
	.optgroup button.button {
		padding-left: 12px;
		padding-right: 12px;
	}
	.linklist {
		list-style: none;
		margin: 0.5em 0;
		padding: 0;
	}
	.linklist li {
		padding: 2px 0;
	}
	.sidebar {
		float: left;
		width: 320px;
	}
	.bar-wrapper {
		max-width: 1100px;
		margin: 0 auto;
	}
	.bar-wrapper.has-sidebar {
		max-width: 1430px;
	}
	.mainbar {
		margin: 0;
		padding-right: 1px;
	}
	.mainbar.has-sidebar {
		margin-left: 330px;
	}
	@media (min-width: 1511px) {
		.sidebar {
			width: 400px;
		}
		.bar-wrapper.has-sidebar {
			max-width: 1510px;
		}
		.mainbar.has-sidebar {
			margin-left: 410px;
		}
	}
	.section.first-section {
		margin-top: 9px;
	}
	.blocklink small {
		white-space: normal;
	}
	.button {
		vertical-align: middle;
	}
	.replay-controls {
		padding-top: 10px;
	}
	.replay-controls h1 {
		font-size: 16pt;
		font-weight: normal;
		color: #CCC;
	}
	.pagelink {
		text-align: center;
	}
	.pagelink a {
		width: 150px;
	}
	.textbox, .button {
		font-size: 11pt;
		vertical-align: middle;
	}
	@media (max-width: 450px) {
		.button {
			font-size: 9pt;
		}
	}
</style>

<div>

	<header>
		<div class="nav-wrapper"><ul class="nav">
			<li><a class="button nav-first" href="//pokemonshowdown.com/"><img src="//pokemonshowdown.com/images/pokemonshowdownbeta.png" srcset="//pokemonshowdown.com/images/pokemonshowdownbeta.png 1x, //pokemonshowdown.com/images/pokemonshowdownbeta@2x.png 2x" alt="Pok&eacute;mon Showdown" width="146" height="44" /> Home</a></li>
			<li><a class="button" href="//pokemonshowdown.com/dex/">Pok&eacute;dex</a></li>
			<li><a class="button cur" href="/">Replays</a></li>
			<li><a class="button" href="//pokemonshowdown.com/ladder/">Ladder</a></li>
			<li><a class="button nav-last" href="//pokemonshowdown.com/forums/">Forum</a></li>
			<li><a class="button greenbutton nav-first nav-last" href="//play.pokemonshowdown.com/">Play</a></li>
		</ul></div>
	</header>

	<div class="main" id="main">

		<noscript><section class="section">You need to enable JavaScript to use this page; sorry!</section></noscript>

	</div>

</div>

<script defer nomodule src="//play.pokemonshowdown.com/js/lib/ps-polyfill.js"></script>
<script defer src="//play.pokemonshowdown.com/js/lib/preact.min.js"></script>

<script defer src="//play.pokemonshowdown.com/config/config.js?6dec07f6"></script>
<script defer src="//play.pokemonshowdown.com/js/lib/jquery-1.11.0.min.js"></script>
<script defer src="//play.pokemonshowdown.com/js/lib/html-sanitizer-minified.js"></script>
<script defer src="//play.pokemonshowdown.com/js/battle-sound.js"></script>
<script defer src="//play.pokemonshowdown.com/js/battledata.js?0.6315294753075389"></script>
<script defer src="//play.pokemonshowdown.com/data/pokedex-mini.js?0.7603743185311358"></script>
<script defer src="//play.pokemonshowdown.com/data/pokedex-mini-bw.js?0.030888842834281283"></script>
<script defer src="//play.pokemonshowdown.com/data/graphics.js?0.05593094747507488"></script>
<script defer src="//play.pokemonshowdown.com/data/pokedex.js?0.47064822249611904"></script>
<script defer src="//play.pokemonshowdown.com/data/moves.js?0.8583693120512459"></script>
<script defer src="//play.pokemonshowdown.com/data/abilities.js?0.16017181182386842"></script>
<script defer src="//play.pokemonshowdown.com/data/items.js?0.4163379185673943"></script>
<script defer src="//play.pokemonshowdown.com/data/teambuilder-tables.js?0.31075597372830477"></script>
<script defer src="//play.pokemonshowdown.com/js/battle-tooltips.js?0.6536193500708172"></script>
<script defer src="//play.pokemonshowdown.com/js/battle.js?0.1916591943277901"></script>

<script defer src="js/utils.js?e31f9a17"></script>
<script defer src="js/replays-battle.js?7008c182"></script>

<!-- don't scrape this data! just add .json or .log after the URL!
Full API docs: https://github.com/smogon/pokemon-showdown-client/blob/master/WEB-API.md -->
<script type="text/plain" class="log" id="replaylog-smogtours-gen3ou-796301">
|inactive|Battle timer is ON: inactive players will automatically lose when time's up.
|t:|1728349434
|gametype|singles
|player|p1|ilikeeatingcrayons|youngster-gen4dp|
|player|p2|WombatBaby|2|
|teamsize|p1|6
|teamsize|p2|6
|gen|3
|tier|[Gen 3] OU
|rule|Sleep Clause Mod: Limit one foe put to sleep
|rule|Switch Priority Clause Mod: Faster Pokémon switch first
|rule|Species Clause: Limit one of each Pokémon
|rule|OHKO Clause: OHKO moves are banned
|rule|Evasion Items Clause: Evasion items are banned
|rule|Evasion Moves Clause: Evasion moves are banned
|rule|Endless Battle Clause: Forcing endless battles is banned
|rule|HP Percentage Mod: HP is shown in percentages
|rule|One Boost Passer Clause: Limit one Baton Passer that has a way to boost its stats
|rule|Freeze Clause Mod: Limit one foe frozen
|
|t:|1728349434
|start
|switch|p1a: Africa|Salamence, F|100/100
|switch|p2a: Metagross|Metagross|100/100
|-ability|p1a: Africa|Intimidate|boost
|-fail|p2a: Metagross|unboost|[from] ability: Clear Body|[of] p2a: Metagross
|turn|1
|c|☆WombatBaby|glhf
|c|☆ilikeeatingcrayons|u2
|
|t:|1728349448
|move|p1a: Africa|Fire Blast|p2a: Metagross
|-supereffective|p2a: Metagross
|-damage|p2a: Metagross|0 fnt
|faint|p2a: Metagross
|
|t:|1728349462
|switch|p2a: Gyarados|Gyarados, F|100/100
|-ability|p2a: Gyarados|Intimidate|boost
|-unboost|p1a: Africa|atk|1
|
|upkeep
|turn|2
|
|t:|1728349470
|switch|p1a: Americas|Forretress, M|100/100
|move|p2a: Gyarados|Dragon Dance|p2a: Gyarados
|-boost|p2a: Gyarados|atk|1
|-boost|p2a: Gyarados|spe|1
|
|upkeep
|turn|3
|
|t:|1728349481
|move|p2a: Gyarados|Earthquake|p1a: Americas
|-damage|p1a: Americas|63/100
|move|p1a: Americas|Spikes|p2a: Gyarados
|-sidestart|p2: WombatBaby|Spikes
|
|-heal|p1a: Americas|70/100|[from] item: Leftovers
|upkeep
|turn|4
|
|t:|1728349485
|move|p2a: Gyarados|Earthquake|p1a: Americas
|-crit|p1a: Americas
|-damage|p1a: Americas|0 fnt
|faint|p1a: Americas
|
|t:|1728349492
|switch|p1a: Oceania|Aerodactyl, F|100/100
|
|upkeep
|turn|5
|
|t:|1728349502
|move|p2a: Gyarados|Hidden Power|p1a: Oceania
|-damage|p1a: Oceania|44/100
|move|p1a: Oceania|Rock Slide|p2a: Gyarados
|-supereffective|p2a: Gyarados
|-damage|p2a: Gyarados|0 fnt
|faint|p2a: Gyarados
|
|t:|1728349511
|switch|p2a: Magneton|Magneton|100/100
|-damage|p2a: Magneton|88/100|[from] Spikes
|
|upkeep
|turn|6
|
|t:|1728349520
|switch|p1a: Antartica|Blissey, F|100/100
|move|p2a: Magneton|Substitute|p2a: Magneton
|-start|p2a: Magneton|Substitute
|-damage|p2a: Magneton|63/100
|
|upkeep
|turn|7
|
|t:|1728349525
|move|p2a: Magneton|Thunderbolt|p1a: Antartica
|-damage|p1a: Antartica|82/100
|move|p1a: Antartica|Seismic Toss|p2a: Magneton
|-end|p2a: Magneton|Substitute
|
|-heal|p1a: Antartica|88/100|[from] item: Leftovers
|upkeep
|turn|8
|
|t:|1728349531
|switch|p2a: Tyranitar|Tyranitar, M|100/100
|-damage|p2a: Tyranitar|88/100|[from] Spikes
|-weather|Sandstorm|[from] ability: Sand Stream|[of] p2a: Tyranitar
|move|p1a: Antartica|Seismic Toss|p2a: Tyranitar
|-damage|p2a: Tyranitar|59/100
|
|-weather|Sandstorm|[upkeep]
|-damage|p1a: Antartica|82/100|[from] Sandstorm
|-heal|p1a: Antartica|88/100|[from] item: Leftovers
|upkeep
|turn|9
|
|t:|1728349541
|move|p2a: Tyranitar|Dragon Dance|p2a: Tyranitar
|-boost|p2a: Tyranitar|atk|1
|-boost|p2a: Tyranitar|spe|1
|move|p1a: Antartica|Counter|p2a: Tyranitar
|
|-weather|Sandstorm|[upkeep]
|-damage|p1a: Antartica|82/100|[from] Sandstorm
|-heal|p1a: Antartica|88/100|[from] item: Leftovers
|upkeep
|turn|10
|
|t:|1728349546
|move|p2a: Tyranitar|Dragon Dance|p2a: Tyranitar
|-boost|p2a: Tyranitar|atk|1
|-boost|p2a: Tyranitar|spe|1
|move|p1a: Antartica|Thunder Wave|p2a: Tyranitar
|-status|p2a: Tyranitar|par
|-enditem|p2a: Tyranitar|Lum Berry|[eat]
|-curestatus|p2a: Tyranitar|par|[msg]
|
|-weather|Sandstorm|[upkeep]
|-damage|p1a: Antartica|82/100|[from] Sandstorm
|-heal|p1a: Antartica|88/100|[from] item: Leftovers
|upkeep
|turn|11
|
|t:|1728349550
|move|p2a: Tyranitar|Rock Slide|p1a: Antartica
|-damage|p1a: Antartica|16/100
|move|p1a: Antartica|Thunder Wave|p2a: Tyranitar
|-status|p2a: Tyranitar|par
|
|-weather|Sandstorm|[upkeep]
|-damage|p1a: Antartica|10/100|[from] Sandstorm
|-heal|p1a: Antartica|16/100|[from] item: Leftovers
|upkeep
|turn|12
|
|t:|1728349558
|move|p1a: Antartica|Seismic Toss|p2a: Tyranitar
|-damage|p2a: Tyranitar|30/100 par
|move|p2a: Tyranitar|Rock Slide|p1a: Antartica|[miss]
|-miss|p2a: Tyranitar|p1a: Antartica
|
|-weather|Sandstorm|[upkeep]
|-damage|p1a: Antartica|10/100|[from] Sandstorm
|-heal|p1a: Antartica|16/100|[from] item: Leftovers
|upkeep
|turn|13
|
|t:|1728349574
|move|p1a: Antartica|Seismic Toss|p2a: Tyranitar
|-damage|p2a: Tyranitar|0 fnt
|faint|p2a: Tyranitar
|
|t:|1728349592
|switch|p2a: Celebi|Celebi|100/100
|-damage|p2a: Celebi|88/100|[from] Spikes
|
|-weather|Sandstorm|[upkeep]
|-damage|p2a: Celebi|82/100|[from] Sandstorm
|-damage|p1a: Antartica|10/100|[from] Sandstorm
|-heal|p2a: Celebi|88/100|[from] item: Leftovers
|-heal|p1a: Antartica|16/100|[from] item: Leftovers
|upkeep
|turn|14
|
|t:|1728349596
|move|p2a: Celebi|Substitute|p2a: Celebi
|-start|p2a: Celebi|Substitute
|-damage|p2a: Celebi|63/100
|move|p1a: Antartica|Soft-Boiled|p1a: Antartica
|-heal|p1a: Antartica|66/100
|
|-weather|Sandstorm|[upkeep]
|-damage|p2a: Celebi|57/100|[from] Sandstorm
|-damage|p1a: Antartica|60/100|[from] Sandstorm
|-heal|p2a: Celebi|63/100|[from] item: Leftovers
|-heal|p1a: Antartica|66/100|[from] item: Leftovers
|upkeep
|turn|15
|
|t:|1728349599
|move|p2a: Celebi|Leech Seed|p1a: Antartica
|-start|p1a: Antartica|move: Leech Seed
|move|p1a: Antartica|Seismic Toss|p2a: Celebi
|-activate|p2a: Celebi|Substitute|[damage]
|
|-weather|Sandstorm|[upkeep]
|-damage|p2a: Celebi|57/100|[from] Sandstorm
|-damage|p1a: Antartica|60/100|[from] Sandstorm
|-heal|p2a: Celebi|63/100|[from] item: Leftovers
|-heal|p1a: Antartica|66/100|[from] item: Leftovers
|-damage|p1a: Antartica|54/100|[from] Leech Seed|[of] p2a: Celebi
|-heal|p2a: Celebi|85/100|[silent]
|upkeep
|turn|16
|
|t:|1728349613
|switch|p1a: Africa|Salamence, F|100/100
|move|p2a: Celebi|Psychic|p1a: Africa
|-damage|p1a: Africa|57/100
|
|-weather|Sandstorm|[upkeep]
|-damage|p2a: Celebi|79/100|[from] Sandstorm
|-damage|p1a: Africa|51/100|[from] Sandstorm
|-heal|p2a: Celebi|85/100|[from] item: Leftovers
|-heal|p1a: Africa|57/100|[from] item: Leftovers
|upkeep
|turn|17
|
|t:|1728349623
|move|p2a: Celebi|Psychic|p1a: Africa
|-damage|p1a: Africa|12/100
|move|p1a: Africa|Roar|p2a: Celebi
|drag|p2a: Magneton|Magneton|63/100
|-damage|p2a: Magneton|51/100|[from] Spikes
|
|-weather|Sandstorm|[upkeep]
|-damage|p1a: Africa|6/100|[from] Sandstorm
|-heal|p1a: Africa|12/100|[from] item: Leftovers
|upkeep
|turn|18
|
|t:|1728349631
|move|p2a: Magneton|Endure|p2a: Magneton
|-singleturn|p2a: Magneton|move: Endure
|move|p1a: Africa|Brick Break|p2a: Magneton
|-supereffective|p2a: Magneton
|-activate|p2a: Magneton|move: Endure
|-damage|p2a: Magneton|1/100
|
|-weather|Sandstorm|[upkeep]
|-damage|p1a: Africa|6/100|[from] Sandstorm
|-heal|p1a: Africa|12/100|[from] item: Leftovers
|-enditem|p2a: Magneton|Salac Berry|[eat]
|-boost|p2a: Magneton|spe|1|[from] item: Salac Berry
|upkeep
|turn|19
|
|t:|1728349646
|move|p2a: Magneton|Thunderbolt|p1a: Africa
|-damage|p1a: Africa|0 fnt
|faint|p1a: Africa
|
|t:|1728349659
|switch|p1a: Antartica|Blissey, F|54/100
|
|-weather|Sandstorm|[upkeep]
|-damage|p1a: Antartica|48/100|[from] Sandstorm
|-heal|p1a: Antartica|54/100|[from] item: Leftovers
|upkeep
|turn|20
|
|t:|1728349662
|move|p2a: Magneton|Thunderbolt|p1a: Antartica
|-damage|p1a: Antartica|35/100
|move|p1a: Antartica|Soft-Boiled|p1a: Antartica
|-heal|p1a: Antartica|85/100
|
|-weather|Sandstorm|[upkeep]
|-damage|p1a: Antartica|79/100|[from] Sandstorm
|-heal|p1a: Antartica|85/100|[from] item: Leftovers
|upkeep
|turn|21
|
|t:|1728349666
|move|p2a: Magneton|Thunderbolt|p1a: Antartica
|-damage|p1a: Antartica|66/100
|move|p1a: Antartica|Soft-Boiled|p1a: Antartica
|-heal|p1a: Antartica|100/100
|
|-weather|Sandstorm|[upkeep]
|-damage|p1a: Antartica|94/100|[from] Sandstorm
|-heal|p1a: Antartica|100/100|[from] item: Leftovers
|upkeep
|turn|22
|
|t:|1728349670
|move|p2a: Magneton|Thunderbolt|p1a: Antartica
|-damage|p1a: Antartica|85/100
|-status|p1a: Antartica|par
|move|p1a: Antartica|Seismic Toss|p2a: Magneton
|-damage|p2a: Magneton|0 fnt
|faint|p2a: Magneton
|
|t:|1728349675
|switch|p2a: Celebi|Celebi|85/100
|-damage|p2a: Celebi|73/100|[from] Spikes
|
|-weather|Sandstorm|[upkeep]
|-damage|p2a: Celebi|67/100|[from] Sandstorm
|-damage|p1a: Antartica|78/100 par|[from] Sandstorm
|-heal|p2a: Celebi|73/100|[from] item: Leftovers
|-heal|p1a: Antartica|85/100 par|[from] item: Leftovers
|upkeep
|turn|23
|
|t:|1728349679
|-curestatus|p1a: Antartica|par|[from] ability: Natural Cure
|switch|p1a: Europe|Tyranitar, F|100/100
|move|p2a: Celebi|Substitute|p2a: Celebi
|-start|p2a: Celebi|Substitute
|-damage|p2a: Celebi|48/100
|
|-weather|Sandstorm|[upkeep]
|-damage|p2a: Celebi|42/100|[from] Sandstorm
|-heal|p2a: Celebi|48/100|[from] item: Leftovers
|upkeep
|turn|24
|
|t:|1728349685
|move|p2a: Celebi|Baton Pass|p2a: Celebi
|
|t:|1728349686
|switch|p2a: Salamence|Salamence, M|100/100|[from] Baton Pass
|-ability|p2a: Salamence|Intimidate|boost
|-unboost|p1a: Europe|atk|1
|move|p1a: Europe|Crunch|p2a: Salamence
|-end|p2a: Salamence|Substitute
|
|-weather|Sandstorm|[upkeep]
|-damage|p2a: Salamence|94/100|[from] Sandstorm
|-heal|p2a: Salamence|100/100|[from] item: Leftovers
|upkeep
|turn|25
|
|t:|1728349693
|move|p2a: Salamence|Dragon Dance|p2a: Salamence
|-boost|p2a: Salamence|atk|1
|-boost|p2a: Salamence|spe|1
|move|p1a: Europe|Crunch|p2a: Salamence
|-damage|p2a: Salamence|68/100
|-unboost|p2a: Salamence|spd|1
|
|-weather|Sandstorm|[upkeep]
|-damage|p2a: Salamence|62/100|[from] Sandstorm
|-heal|p2a: Salamence|68/100|[from] item: Leftovers
|upkeep
|turn|26
|
|t:|1728349703
|move|p2a: Salamence|Dragon Dance|p2a: Salamence
|-boost|p2a: Salamence|atk|1
|-boost|p2a: Salamence|spe|1
|move|p1a: Europe|Counter|p2a: Salamence
|
|-weather|Sandstorm|[upkeep]
|-damage|p2a: Salamence|62/100|[from] Sandstorm
|-heal|p2a: Salamence|68/100|[from] item: Leftovers
|upkeep
|turn|27
|
|t:|1728349709
|move|p2a: Salamence|Earthquake|p1a: Europe
|-supereffective|p1a: Europe
|-damage|p1a: Europe|0 fnt
|faint|p1a: Europe
|
|t:|1728349714
|switch|p1a: Asia|Jirachi|100/100
|
|-weather|Sandstorm|[upkeep]
|-damage|p2a: Salamence|62/100|[from] Sandstorm
|-heal|p2a: Salamence|68/100|[from] item: Leftovers
|upkeep
|turn|28
|
|t:|1728349719
|move|p2a: Salamence|Earthquake|p1a: Asia
|-supereffective|p1a: Asia
|-damage|p1a: Asia|1/100
|move|p1a: Asia|Fire Punch|p2a: Salamence
|-resisted|p2a: Salamence
|-damage|p2a: Salamence|55/100
|
|-weather|Sandstorm|[upkeep]
|-damage|p2a: Salamence|49/100|[from] Sandstorm
|-heal|p2a: Salamence|55/100|[from] item: Leftovers
|-heal|p1a: Asia|7/100|[from] item: Leftovers
|upkeep
|turn|29
|
|t:|1728349728
|move|p1a: Asia|Protect|p1a: Asia
|-singleturn|p1a: Asia|Protect
|move|p2a: Salamence|Hidden Power|p1a: Asia
|-activate|p1a: Asia|Protect
|
|-weather|Sandstorm|[upkeep]
|-damage|p2a: Salamence|49/100|[from] Sandstorm
|-heal|p2a: Salamence|55/100|[from] item: Leftovers
|-heal|p1a: Asia|13/100|[from] item: Leftovers
|upkeep
|turn|30
|
|t:|1728349731
|move|p2a: Salamence|Hidden Power|p1a: Asia
|-resisted|p1a: Asia
|-damage|p1a: Asia|0 fnt
|faint|p1a: Asia
|
|t:|1728349734
|switch|p1a: Antartica|Blissey, F|85/100
|
|-weather|Sandstorm|[upkeep]
|-damage|p2a: Salamence|49/100|[from] Sandstorm
|-damage|p1a: Antartica|78/100|[from] Sandstorm
|-heal|p2a: Salamence|55/100|[from] item: Leftovers
|-heal|p1a: Antartica|85/100|[from] item: Leftovers
|upkeep
|turn|31
|
|t:|1728349740
|move|p2a: Salamence|Hidden Power|p1a: Antartica
|-damage|p1a: Antartica|11/100
|move|p1a: Antartica|Counter|p2a: Salamence
|-damage|p2a: Salamence|0 fnt
|faint|p2a: Salamence
|
|t:|1728349746
|switch|p2a: Celebi|Celebi|48/100
|-damage|p2a: Celebi|35/100|[from] Spikes
|
|-weather|Sandstorm|[upkeep]
|-damage|p2a: Celebi|29/100|[from] Sandstorm
|-damage|p1a: Antartica|5/100|[from] Sandstorm
|-heal|p2a: Celebi|35/100|[from] item: Leftovers
|-heal|p1a: Antartica|11/100|[from] item: Leftovers
|upkeep
|turn|32
|
|t:|1728349750
|move|p2a: Celebi|Substitute|p2a: Celebi
|-start|p2a: Celebi|Substitute
|-damage|p2a: Celebi|10/100
|move|p1a: Antartica|Soft-Boiled|p1a: Antartica
|-heal|p1a: Antartica|61/100
|
|-weather|Sandstorm|[upkeep]
|-damage|p2a: Celebi|4/100|[from] Sandstorm
|-damage|p1a: Antartica|55/100|[from] Sandstorm
|-heal|p2a: Celebi|10/100|[from] item: Leftovers
|-heal|p1a: Antartica|61/100|[from] item: Leftovers
|upkeep
|turn|33
|
|t:|1728349753
|move|p2a: Celebi|Leech Seed|p1a: Antartica
|-start|p1a: Antartica|move: Leech Seed
|move|p1a: Antartica|Soft-Boiled|p1a: Antartica
|-heal|p1a: Antartica|100/100
|
|-weather|Sandstorm|[upkeep]
|-damage|p2a: Celebi|4/100|[from] Sandstorm
|-damage|p1a: Antartica|94/100|[from] Sandstorm
|-heal|p2a: Celebi|10/100|[from] item: Leftovers
|-heal|p1a: Antartica|100/100|[from] item: Leftovers
|-damage|p1a: Antartica|88/100|[from] Leech Seed|[of] p2a: Celebi
|-heal|p2a: Celebi|32/100|[silent]
|upkeep
|turn|34
|
|t:|1728349759
|switch|p1a: Oceania|Aerodactyl, F|44/100
|move|p2a: Celebi|Psychic|p1a: Oceania
|-damage|p1a: Oceania|1/100
|
|-weather|Sandstorm|[upkeep]
|-damage|p2a: Celebi|26/100|[from] Sandstorm
|-heal|p2a: Celebi|32/100|[from] item: Leftovers
|upkeep
|turn|35
|
|t:|1728349765
|move|p1a: Oceania|Double-Edge|p2a: Celebi
|-end|p2a: Celebi|Substitute
|move|p2a: Celebi|Psychic|p1a: Oceania
|-damage|p1a: Oceania|0 fnt
|faint|p1a: Oceania
|
|t:|1728349768
|switch|p1a: Antartica|Blissey, F|88/100
|
|-weather|Sandstorm|[upkeep]
|-damage|p2a: Celebi|26/100|[from] Sandstorm
|-damage|p1a: Antartica|82/100|[from] Sandstorm
|-heal|p2a: Celebi|32/100|[from] item: Leftovers
|-heal|p1a: Antartica|88/100|[from] item: Leftovers
|upkeep
|turn|36
|
|t:|1728349771
|move|p2a: Celebi|Leech Seed|p1a: Antartica
|-start|p1a: Antartica|move: Leech Seed
|move|p1a: Antartica|Seismic Toss|p2a: Celebi
|-damage|p2a: Celebi|8/100
|
|-weather|Sandstorm|[upkeep]
|-damage|p2a: Celebi|1/100|[from] Sandstorm
|-damage|p1a: Antartica|82/100|[from] Sandstorm
|-heal|p2a: Celebi|8/100|[from] item: Leftovers
|-heal|p1a: Antartica|88/100|[from] item: Leftovers
|-damage|p1a: Antartica|76/100|[from] Leech Seed|[of] p2a: Celebi
|-heal|p2a: Celebi|30/100|[silent]
|upkeep
|turn|37
|
|t:|1728349781
|move|p2a: Celebi|Substitute|p2a: Celebi
|-start|p2a: Celebi|Substitute
|-damage|p2a: Celebi|5/100
|move|p1a: Antartica|Seismic Toss|p2a: Celebi
|-activate|p2a: Celebi|Substitute|[damage]
|
|-weather|Sandstorm|[upkeep]
|-damage|p2a: Celebi|0 fnt|[from] Sandstorm
|-damage|p1a: Antartica|69/100|[from] Sandstorm
|faint|p2a: Celebi
|
|win|ilikeeatingcrayons
|upkeep
|c|☆ilikeeatingcrayons|gg
|c|☆WombatBaby|oh wait
|c|☆WombatBaby|im so dumb lmfao
|c|☆ilikeeatingcrayons|happens to the best of us
|player|p2|

</script>
<script type="application/json" class="data" id="replaydata-smogtours-gen3ou-796301">
{"id":"smogtours-gen3ou-796301","format":"[Gen 3] OU","players":["ilikeeatingcrayons","WombatBaby"],"uploadtime":1728349781,"views":114,"formatid":"gen3ou","rating":null,"private":0,"password":null}
</script>

<script defer src="js/replays.js?9d40a366"></script>
