<!DOCTYPE html>
<meta charset="utf-8" />
<meta name="viewport" content="width=device-width" />

<title>[Gen 3] OU: HeyYa!_Forte vs. boshinator6 - Replays - Pok&eacute;mon Showdown!</title>

<meta name="description" content="Watch a replay of a Pok&eacute;mon battle between HeyYa!_Forte and boshinator6! Format: [Gen 3] OU; Date: Oct 18, 2024" />
<!--

Hey, you! Looking in the source for the replay log?

You can find them in JSON format, just add `.json` at the end of a replay URL.

https://replay.pokemonshowdown.com/gen7randomdoublesbattle-865046831.json

Or, if you only need the log itself, add `.log` instead:

https://replay.pokemonshowdown.com/gen7randomdoublesbattle-865046831.log

-->

<link rel="stylesheet" href="//pokemonshowdown.com/style/global.css?0.023195364461161105" />
<link rel="stylesheet" href="//play.pokemonshowdown.com/style/font-awesome.css?0.13261647063804238" />
<link rel="stylesheet" href="//play.pokemonshowdown.com/style/battle.css?0.8753245789963631" />
<link rel="stylesheet" href="//play.pokemonshowdown.com/style/utilichart.css?0.8627959624976733" />

<!-- Global site tag (gtag.js) - Google Analytics -->
<script async src="https://www.googletagmanager.com/gtag/js?id=UA-26211653-1"></script>
<script>
  window.dataLayer = window.dataLayer || [];
  function gtag(){dataLayer.push(arguments);}
  gtag('js', new Date());

  gtag('config', 'UA-26211653-1');
</script>
<!-- End Google Analytics -->
<!-- Venatus Ad Manager - Install in <HEAD> of page -->
	<script src="https://hb.vntsm.com/v3/live/ad-manager.min.js" type="text/javascript" data-site-id="642aba63ec9a7b11c3c9c1be" data-mode="scan" async></script>
<!-- / Venatus Ad Manager -->

<style>
	@media (max-width:820px) {
		.battle {
			margin: 0 auto;
		}
		.battle-log {
			margin: 7px auto 0;
			max-width: 640px;
			height: 300px;
			position: static;
		}
	}
	.optgroup {
		display: inline-block;
		line-height: 22px;
		font-size: 10pt;
	}
	.optgroup .button {
		height: 25px;
		padding-top: 0;
		padding-bottom: 0;
	}
	.optgroup button.button {
		padding-left: 12px;
		padding-right: 12px;
	}
	.linklist {
		list-style: none;
		margin: 0.5em 0;
		padding: 0;
	}
	.linklist li {
		padding: 2px 0;
	}
	.sidebar {
		float: left;
		width: 320px;
	}
	.bar-wrapper {
		max-width: 1100px;
		margin: 0 auto;
	}
	.bar-wrapper.has-sidebar {
		max-width: 1430px;
	}
	.mainbar {
		margin: 0;
		padding-right: 1px;
	}
	.mainbar.has-sidebar {
		margin-left: 330px;
	}
	@media (min-width: 1511px) {
		.sidebar {
			width: 400px;
		}
		.bar-wrapper.has-sidebar {
			max-width: 1510px;
		}
		.mainbar.has-sidebar {
			margin-left: 410px;
		}
	}
	.section.first-section {
		margin-top: 9px;
	}
	.blocklink small {
		white-space: normal;
	}
	.button {
		vertical-align: middle;
	}
	.replay-controls {
		padding-top: 10px;
	}
	.replay-controls h1 {
		font-size: 16pt;
		font-weight: normal;
		color: #CCC;
	}
	.pagelink {
		text-align: center;
	}
	.pagelink a {
		width: 150px;
	}
	.textbox, .button {
		font-size: 11pt;
		vertical-align: middle;
	}
	@media (max-width: 450px) {
		.button {
			font-size: 9pt;
		}
	}
</style>

<div>

	<header>
		<div class="nav-wrapper"><ul class="nav">
			<li><a class="button nav-first" href="//pokemonshowdown.com/"><img src="//pokemonshowdown.com/images/pokemonshowdownbeta.png" srcset="//pokemonshowdown.com/images/pokemonshowdownbeta.png 1x, //pokemonshowdown.com/images/pokemonshowdownbeta@2x.png 2x" alt="Pok&eacute;mon Showdown" width="146" height="44" /> Home</a></li>
			<li><a class="button" href="//pokemonshowdown.com/dex/">Pok&eacute;dex</a></li>
			<li><a class="button cur" href="/">Replays</a></li>
			<li><a class="button" href="//pokemonshowdown.com/ladder/">Ladder</a></li>
			<li><a class="button nav-last" href="//pokemonshowdown.com/forums/">Forum</a></li>
			<li><a class="button greenbutton nav-first nav-last" href="//play.pokemonshowdown.com/">Play</a></li>
		</ul></div>
	</header>

	<div class="main" id="main">

		<noscript><section class="section">You need to enable JavaScript to use this page; sorry!</section></noscript>

	</div>

</div>

<script defer nomodule src="//play.pokemonshowdown.com/js/lib/ps-polyfill.js"></script>
<script defer src="//play.pokemonshowdown.com/js/lib/preact.min.js"></script>

<script defer src="//play.pokemonshowdown.com/config/config.js?2bddbc15"></script>
<script defer src="//play.pokemonshowdown.com/js/lib/jquery-1.11.0.min.js"></script>
<script defer src="//play.pokemonshowdown.com/js/lib/html-sanitizer-minified.js"></script>
<script defer src="//play.pokemonshowdown.com/js/battle-sound.js"></script>
<script defer src="//play.pokemonshowdown.com/js/battledata.js?0.7209276989879541"></script>
<script defer src="//play.pokemonshowdown.com/data/pokedex-mini.js?0.6111056340867951"></script>
<script defer src="//play.pokemonshowdown.com/data/pokedex-mini-bw.js?0.3532142036491459"></script>
<script defer src="//play.pokemonshowdown.com/data/graphics.js?0.24223875632456182"></script>
<script defer src="//play.pokemonshowdown.com/data/pokedex.js?0.38839984266356864"></script>
<script defer src="//play.pokemonshowdown.com/data/moves.js?0.21866028504024015"></script>
<script defer src="//play.pokemonshowdown.com/data/abilities.js?0.2005157953846628"></script>
<script defer src="//play.pokemonshowdown.com/data/items.js?0.9894211263848525"></script>
<script defer src="//play.pokemonshowdown.com/data/teambuilder-tables.js?0.6008791140282215"></script>
<script defer src="//play.pokemonshowdown.com/js/battle-tooltips.js?0.7580118955022959"></script>
<script defer src="//play.pokemonshowdown.com/js/battle.js?0.6057722274234274"></script>

<script defer src="js/utils.js?e31f9a17"></script>
<script defer src="js/replays-battle.js?7008c182"></script>

<!-- don't scrape this data! just add .json or .log after the URL!
Full API docs: https://github.com/smogon/pokemon-showdown-client/blob/master/WEB-API.md -->
<script type="text/plain" class="log" id="replaylog-smogtours-gen3ou-799748">
|inactive|Battle timer is ON: inactive players will automatically lose when time's up.
|t:|1729293106
|gametype|singles
|player|p1|HeyYa!_Forte|backersf|
|player|p2|boshinator6|2|
|teamsize|p1|6
|teamsize|p2|6
|gen|3
|tier|[Gen 3] OU
|rule|Sleep Clause Mod: Limit one foe put to sleep
|rule|Switch Priority Clause Mod: Faster Pokémon switch first
|rule|Species Clause: Limit one of each Pokémon
|rule|OHKO Clause: OHKO moves are banned
|rule|Evasion Items Clause: Evasion items are banned
|rule|Evasion Moves Clause: Evasion moves are banned
|rule|Endless Battle Clause: Forcing endless battles is banned
|rule|HP Percentage Mod: HP is shown in percentages
|rule|One Boost Passer Clause: Limit one Baton Passer that has a way to boost its stats
|rule|Freeze Clause Mod: Limit one foe frozen
|
|t:|1729293106
|start
|switch|p1a: Zapdos|Zapdos|100/100
|switch|p2a: Hariyama|Hariyama, M|100/100
|turn|1
|
|t:|1729293112
|move|p1a: Zapdos|Substitute|p1a: Zapdos
|-start|p1a: Zapdos|Substitute
|-damage|p1a: Zapdos|76/100
|move|p2a: Hariyama|Knock Off|p1a: Zapdos
|-activate|p1a: Zapdos|Substitute|[damage]
|
|-heal|p1a: Zapdos|82/100|[from] item: Leftovers
|upkeep
|turn|2
|c|☆boshinator6|Glhf
|c|☆HeyYa!_Forte|glhf
|
|t:|1729293129
|move|p1a: Zapdos|Baton Pass|p1a: Zapdos
|
|t:|1729293131
|switch|p1a: Breloom|Breloom, F|100/100|[from] Baton Pass
|move|p2a: Hariyama|Whirlwind|p1a: Breloom
|drag|p1a: Blissey|Blissey, F|100/100
|
|upkeep
|turn|3
|
|t:|1729293136
|switch|p1a: Breloom|Breloom, F|100/100
|move|p2a: Hariyama|Knock Off|p1a: Breloom
|-resisted|p1a: Breloom
|-damage|p1a: Breloom|99/100
|-enditem|p1a: Breloom|Leftovers|[from] move: Knock Off|[of] p2a: Hariyama
|-hint|In Gens 3-4, Knock Off only makes the target's item unusable; it cannot obtain a new item.
|
|upkeep
|turn|4
|
|t:|1729293150
|move|p1a: Breloom|Spore|p2a: Hariyama
|-status|p2a: Hariyama|slp|[from] move: Spore
|cant|p2a: Hariyama|slp
|
|upkeep
|turn|5
|
|t:|1729293154
|-singleturn|p1a: Breloom|move: Focus Punch
|switch|p2a: Salamence|Salamence, M|100/100
|-ability|p2a: Salamence|Intimidate|boost
|-unboost|p1a: Breloom|atk|1
|move|p1a: Breloom|Focus Punch|p2a: Salamence
|-resisted|p2a: Salamence
|-damage|p2a: Salamence|64/100
|
|upkeep
|turn|6
|
|t:|1729293170
|switch|p1a: Zapdos|Zapdos|82/100
|move|p2a: Salamence|Rock Slide|p1a: Zapdos|[miss]
|-miss|p2a: Salamence|p1a: Zapdos
|
|-heal|p1a: Zapdos|88/100|[from] item: Leftovers
|upkeep
|turn|7
|
|t:|1729293185
|move|p1a: Zapdos|Substitute|p1a: Zapdos
|-start|p1a: Zapdos|Substitute
|-damage|p1a: Zapdos|63/100
|move|p2a: Salamence|Rock Slide|p1a: Zapdos
|-supereffective|p1a: Zapdos
|-end|p1a: Zapdos|Substitute
|
|-heal|p1a: Zapdos|69/100|[from] item: Leftovers
|upkeep
|turn|8
|
|t:|1729293195
|switch|p2a: Blissey|Blissey, F, shiny|100/100
|move|p1a: Zapdos|Hidden Power|p2a: Blissey
|-damage|p2a: Blissey|91/100
|
|-heal|p1a: Zapdos|76/100|[from] item: Leftovers
|-heal|p2a: Blissey|97/100|[from] item: Leftovers
|upkeep
|turn|9
|inactive|boshinator6 has 270 seconds left.
|
|t:|1729293222
|switch|p2a: Metagross|Metagross|100/100
|move|p1a: Zapdos|Baton Pass|p1a: Zapdos
|
|t:|1729293231
|switch|p1a: Metagross|Metagross|100/100|[from] Baton Pass
|
|upkeep
|turn|10
|inactive|boshinator6 has 270 seconds left.
|inactive|boshinator6 has 240 seconds left.
|
|t:|1729293278
|switch|p1a: Zapdos|Zapdos|76/100
|move|p2a: Metagross|Earthquake|p1a: Zapdos
|-immune|p1a: Zapdos
|
|-heal|p1a: Zapdos|82/100|[from] item: Leftovers
|upkeep
|turn|11
|inactive|boshinator6 has 240 seconds left.
|
|t:|1729293292
|move|p1a: Zapdos|Substitute|p1a: Zapdos
|-start|p1a: Zapdos|Substitute
|-damage|p1a: Zapdos|57/100
|move|p2a: Metagross|Meteor Mash|p1a: Zapdos
|-resisted|p1a: Zapdos
|-end|p1a: Zapdos|Substitute
|
|-heal|p1a: Zapdos|63/100|[from] item: Leftovers
|upkeep
|turn|12
|
|t:|1729293300
|move|p1a: Zapdos|Thunderbolt|p2a: Metagross
|-damage|p2a: Metagross|53/100
|move|p2a: Metagross|Meteor Mash|p1a: Zapdos
|-resisted|p1a: Zapdos
|-damage|p1a: Zapdos|28/100
|-boost|p2a: Metagross|atk|1
|
|-heal|p1a: Zapdos|34/100|[from] item: Leftovers
|-heal|p2a: Metagross|59/100|[from] item: Leftovers
|upkeep
|turn|13
|inactive|boshinator6 has 240 seconds left.
|
|t:|1729293327
|move|p1a: Zapdos|Thunderbolt|p2a: Metagross
|-damage|p2a: Metagross|8/100
|move|p2a: Metagross|Meteor Mash|p1a: Zapdos
|-resisted|p1a: Zapdos
|-damage|p1a: Zapdos|0 fnt
|faint|p1a: Zapdos
|
|t:|1729293334
|switch|p1a: Starmie|Starmie|100/100
|
|-heal|p2a: Metagross|14/100|[from] item: Leftovers
|upkeep
|turn|14
|inactive|boshinator6 has 240 seconds left.
|
|t:|1729293345
|switch|p1a: Metagross|Metagross|100/100
|switch|p2a: Blissey|Blissey, F, shiny|97/100
|
|-heal|p2a: Blissey|100/100|[from] item: Leftovers
|upkeep
|turn|15
|inactive|boshinator6 has 240 seconds left.
|
|t:|1729293368
|switch|p2a: Starmie|Starmie|100/100
|move|p1a: Metagross|Meteor Mash|p2a: Starmie|[miss]
|-miss|p1a: Metagross|p2a: Starmie
|
|upkeep
|turn|16
|
|t:|1729293377
|switch|p1a: Blissey|Blissey, F|100/100
|move|p2a: Starmie|Thunder Wave|p1a: Blissey
|-status|p1a: Blissey|par
|
|upkeep
|turn|17
|inactive|boshinator6 has 240 seconds left.
|
|t:|1729293390
|-curestatus|p1a: Blissey|par|[from] ability: Natural Cure
|switch|p1a: Starmie|Starmie|100/100
|move|p2a: Starmie|Thunder Wave|p1a: Starmie
|-status|p1a: Starmie|par
|
|upkeep
|turn|18
|inactive|boshinator6 has 240 seconds left.
|
|t:|1729293413
|move|p2a: Starmie|Thunder Wave|p1a: Starmie
|-fail|p1a: Starmie|par
|move|p1a: Starmie|Thunderbolt|p2a: Starmie
|-supereffective|p2a: Starmie
|-damage|p2a: Starmie|28/100
|
|-heal|p2a: Starmie|34/100|[from] item: Leftovers
|upkeep
|turn|19
|
|t:|1729293436
|switch|p2a: Blissey|Blissey, F, shiny|100/100
|move|p1a: Starmie|Thunderbolt|p2a: Blissey
|-damage|p2a: Blissey|90/100
|
|-heal|p2a: Blissey|96/100|[from] item: Leftovers
|upkeep
|turn|20
|inactive|boshinator6 has 210 seconds left.
|
|t:|1729293468
|-curestatus|p1a: Starmie|par|[from] ability: Natural Cure
|switch|p1a: Blissey|Blissey, F|100/100
|move|p2a: Blissey|Wish|p2a: Blissey
|
|-heal|p2a: Blissey|100/100|[from] item: Leftovers
|upkeep
|turn|21
|
|t:|1729293477
|switch|p2a: Starmie|Starmie|34/100
|move|p1a: Blissey|Seismic Toss|p2a: Starmie
|-damage|p2a: Starmie|4/100
|
|-heal|p2a: Starmie|54/100|[from] move: Wish|[wisher] Blissey
|-heal|p2a: Starmie|60/100|[from] item: Leftovers
|upkeep
|turn|22
|
|t:|1729293483
|switch|p2a: Blissey|Blissey, F, shiny|100/100
|move|p1a: Blissey|Seismic Toss|p2a: Blissey
|-damage|p2a: Blissey|85/100
|
|-heal|p2a: Blissey|91/100|[from] item: Leftovers
|upkeep
|turn|23
|
|t:|1729293488
|move|p2a: Blissey|Wish|p2a: Blissey
|move|p1a: Blissey|Seismic Toss|p2a: Blissey
|-damage|p2a: Blissey|76/100
|
|-heal|p2a: Blissey|82/100|[from] item: Leftovers
|upkeep
|turn|24
|
|t:|1729293494
|switch|p2a: Salamence|Salamence, M|64/100
|-ability|p2a: Salamence|Intimidate|boost
|-unboost|p1a: Blissey|atk|1
|move|p1a: Blissey|Seismic Toss|p2a: Salamence
|-damage|p2a: Salamence|34/100
|
|-heal|p2a: Salamence|84/100|[from] move: Wish|[wisher] Blissey
|upkeep
|turn|25
|inactive|boshinator6 has 210 seconds left.
|
|t:|1729293524
|move|p2a: Salamence|Earthquake|p1a: Blissey
|-damage|p1a: Blissey|52/100
|move|p1a: Blissey|Ice Beam|p2a: Salamence
|-supereffective|p2a: Salamence
|-damage|p2a: Salamence|0 fnt
|faint|p2a: Salamence
|inactive|boshinator6 has 180 seconds left.
|
|t:|1729293563
|switch|p2a: Blissey|Blissey, F, shiny|82/100
|
|-heal|p2a: Blissey|88/100|[from] item: Leftovers
|-heal|p1a: Blissey|58/100|[from] item: Leftovers
|upkeep
|turn|26
|inactive|boshinator6 has 180 seconds left.
|
|t:|1729293575
|move|p2a: Blissey|Wish|p2a: Blissey
|move|p1a: Blissey|Seismic Toss|p2a: Blissey
|-damage|p2a: Blissey|73/100
|
|-heal|p2a: Blissey|79/100|[from] item: Leftovers
|-heal|p1a: Blissey|64/100|[from] item: Leftovers
|upkeep
|turn|27
|
|t:|1729293584
|switch|p2a: Starmie|Starmie|60/100
|move|p1a: Blissey|Seismic Toss|p2a: Starmie
|-damage|p2a: Starmie|29/100
|
|-heal|p2a: Starmie|79/100|[from] move: Wish|[wisher] Blissey
|-heal|p2a: Starmie|85/100|[from] item: Leftovers
|-heal|p1a: Blissey|70/100|[from] item: Leftovers
|upkeep
|turn|28
|
|t:|1729293594
|move|p2a: Starmie|Thunder Wave|p1a: Blissey
|-status|p1a: Blissey|par
|move|p1a: Blissey|Thunder Wave|p2a: Starmie
|-status|p2a: Starmie|par
|
|-heal|p2a: Starmie|91/100 par|[from] item: Leftovers
|-heal|p1a: Blissey|76/100 par|[from] item: Leftovers
|upkeep
|turn|29
|
|t:|1729293603
|-curestatus|p2a: Starmie|par|[from] ability: Natural Cure
|switch|p2a: Metagross|Metagross|14/100
|-curestatus|p1a: Blissey|par|[from] ability: Natural Cure
|switch|p1a: Starmie|Starmie|100/100
|
|-heal|p2a: Metagross|20/100|[from] item: Leftovers
|upkeep
|turn|30
|
|t:|1729293610
|switch|p2a: Blissey|Blissey, F, shiny|79/100
|move|p1a: Starmie|Hydro Pump|p2a: Blissey
|-damage|p2a: Blissey|59/100
|
|-heal|p2a: Blissey|65/100|[from] item: Leftovers
|upkeep
|turn|31
|
|t:|1729293623
|switch|p1a: Tyranitar|Tyranitar, M|100/100
|-weather|Sandstorm|[from] ability: Sand Stream|[of] p1a: Tyranitar
|move|p2a: Blissey|Wish|p2a: Blissey
|
|-weather|Sandstorm|[upkeep]
|-damage|p2a: Blissey|59/100|[from] Sandstorm
|-heal|p2a: Blissey|65/100|[from] item: Leftovers
|upkeep
|turn|32
|inactive|boshinator6 has 180 seconds left.
|
|t:|1729293655
|-singleturn|p1a: Tyranitar|move: Focus Punch
|switch|p2a: Starmie|Starmie|91/100
|move|p1a: Tyranitar|Focus Punch|p2a: Starmie
|-resisted|p2a: Starmie
|-damage|p2a: Starmie|64/100
|
|-heal|p2a: Starmie|100/100|[from] move: Wish|[wisher] Blissey
|-weather|Sandstorm|[upkeep]
|-damage|p2a: Starmie|94/100|[from] Sandstorm
|-heal|p2a: Starmie|100/100|[from] item: Leftovers
|upkeep
|turn|33
|inactive|boshinator6 has 180 seconds left.
|
|t:|1729293667
|switch|p1a: Starmie|Starmie|100/100
|move|p2a: Starmie|Thunder Wave|p1a: Starmie
|-status|p1a: Starmie|par
|
|-weather|Sandstorm|[upkeep]
|-damage|p2a: Starmie|94/100|[from] Sandstorm
|-damage|p1a: Starmie|94/100 par|[from] Sandstorm
|-heal|p2a: Starmie|100/100|[from] item: Leftovers
|-heal|p1a: Starmie|100/100 par|[from] item: Leftovers
|upkeep
|turn|34
|inactive|boshinator6 has 180 seconds left.
|
|t:|1729293681
|switch|p2a: Blissey|Blissey, F, shiny|65/100
|move|p1a: Starmie|Thunderbolt|p2a: Blissey
|-damage|p2a: Blissey|53/100
|
|-weather|Sandstorm|[upkeep]
|-damage|p2a: Blissey|47/100|[from] Sandstorm
|-damage|p1a: Starmie|94/100 par|[from] Sandstorm
|-heal|p2a: Blissey|53/100|[from] item: Leftovers
|-heal|p1a: Starmie|100/100 par|[from] item: Leftovers
|upkeep
|turn|35
|
|t:|1729293699
|-curestatus|p1a: Starmie|par|[from] ability: Natural Cure
|switch|p1a: Blissey|Blissey, F|76/100
|move|p2a: Blissey|Soft-Boiled|p2a: Blissey
|-heal|p2a: Blissey|100/100
|
|-weather|Sandstorm|[upkeep]
|-damage|p2a: Blissey|94/100|[from] Sandstorm
|-damage|p1a: Blissey|70/100|[from] Sandstorm
|-heal|p2a: Blissey|100/100|[from] item: Leftovers
|-heal|p1a: Blissey|76/100|[from] item: Leftovers
|upkeep
|turn|36
|
|t:|1729293709
|move|p2a: Blissey|Ice Beam|p1a: Blissey
|-damage|p1a: Blissey|68/100
|-status|p1a: Blissey|frz
|cant|p1a: Blissey|frz
|
|-weather|Sandstorm|[upkeep]
|-damage|p2a: Blissey|94/100|[from] Sandstorm
|-damage|p1a: Blissey|62/100 frz|[from] Sandstorm
|-heal|p2a: Blissey|100/100|[from] item: Leftovers
|-heal|p1a: Blissey|68/100 frz|[from] item: Leftovers
|upkeep
|turn|37
|inactive|boshinator6 has 180 seconds left.
|
|t:|1729293738
|-curestatus|p1a: Blissey|frz|[from] ability: Natural Cure
|switch|p1a: Breloom|Breloom, F|99/100
|move|p2a: Blissey|Seismic Toss|p1a: Breloom
|-damage|p1a: Breloom|61/100
|
|-weather|Sandstorm|[upkeep]
|-damage|p1a: Breloom|54/100|[from] Sandstorm
|-damage|p2a: Blissey|94/100|[from] Sandstorm
|-heal|p2a: Blissey|100/100|[from] item: Leftovers
|upkeep
|turn|38
|inactive|boshinator6 has 180 seconds left.
|
|t:|1729293748
|switch|p1a: Metagross|Metagross|100/100
|move|p2a: Blissey|Ice Beam|p1a: Metagross
|-resisted|p1a: Metagross
|-damage|p1a: Metagross|90/100
|
|-weather|Sandstorm|[upkeep]
|-damage|p2a: Blissey|94/100|[from] Sandstorm
|-heal|p1a: Metagross|96/100|[from] item: Leftovers
|-heal|p2a: Blissey|100/100|[from] item: Leftovers
|upkeep
|turn|39
|inactive|boshinator6 has 180 seconds left.
|
|t:|1729293770
|switch|p2a: Tyranitar|Tyranitar, M|100/100
|move|p1a: Metagross|Earthquake|p2a: Tyranitar
|-supereffective|p2a: Tyranitar
|-damage|p2a: Tyranitar|55/100
|
|-weather|Sandstorm|[upkeep]
|-heal|p1a: Metagross|100/100|[from] item: Leftovers
|-heal|p2a: Tyranitar|61/100|[from] item: Leftovers
|upkeep
|turn|40
|
|t:|1729293778
|move|p1a: Metagross|Meteor Mash|p2a: Tyranitar
|-supereffective|p2a: Tyranitar
|-damage|p2a: Tyranitar|0 fnt
|faint|p2a: Tyranitar
|
|t:|1729293783
|switch|p2a: Metagross|Metagross|20/100
|
|-weather|Sandstorm|[upkeep]
|-heal|p2a: Metagross|26/100|[from] item: Leftovers
|upkeep
|turn|41
|
|t:|1729293787
|move|p1a: Metagross|Protect|p1a: Metagross
|-singleturn|p1a: Metagross|Protect
|move|p2a: Metagross|Explosion|p1a: Metagross
|-activate|p1a: Metagross|Protect
|faint|p2a: Metagross
|inactive|boshinator6 has 180 seconds left.
|
|t:|1729293817
|switch|p2a: Starmie|Starmie|100/100
|
|-weather|Sandstorm|[upkeep]
|-damage|p2a: Starmie|94/100|[from] Sandstorm
|-heal|p2a: Starmie|100/100|[from] item: Leftovers
|upkeep
|turn|42
|
|t:|1729293824
|switch|p1a: Starmie|Starmie|100/100
|move|p2a: Starmie|Thunder Wave|p1a: Starmie
|-status|p1a: Starmie|par
|
|-weather|Sandstorm|[upkeep]
|-damage|p2a: Starmie|94/100|[from] Sandstorm
|-damage|p1a: Starmie|94/100 par|[from] Sandstorm
|-heal|p2a: Starmie|100/100|[from] item: Leftovers
|-heal|p1a: Starmie|100/100 par|[from] item: Leftovers
|upkeep
|turn|43
|
|t:|1729293828
|switch|p2a: Blissey|Blissey, F, shiny|100/100
|-curestatus|p1a: Starmie|par|[from] ability: Natural Cure
|switch|p1a: Metagross|Metagross|100/100
|
|-weather|Sandstorm|[upkeep]
|-damage|p2a: Blissey|94/100|[from] Sandstorm
|-heal|p2a: Blissey|100/100|[from] item: Leftovers
|upkeep
|turn|44
|inactive|boshinator6 has 180 seconds left.
|
|t:|1729293844
|move|p1a: Metagross|Meteor Mash|p2a: Blissey
|-damage|p2a: Blissey|57/100
|move|p2a: Blissey|Ice Beam|p1a: Metagross
|-resisted|p1a: Metagross
|-damage|p1a: Metagross|89/100
|
|-weather|Sandstorm|[upkeep]
|-damage|p2a: Blissey|50/100|[from] Sandstorm
|-heal|p1a: Metagross|95/100|[from] item: Leftovers
|-heal|p2a: Blissey|57/100|[from] item: Leftovers
|upkeep
|turn|45
|inactive|boshinator6 has 180 seconds left.
|
|t:|1729293853
|switch|p2a: Starmie|Starmie|100/100
|move|p1a: Metagross|Meteor Mash|p2a: Starmie
|-resisted|p2a: Starmie
|-damage|p2a: Starmie|74/100
|-boost|p1a: Metagross|atk|1
|
|-weather|Sandstorm|[upkeep]
|-damage|p2a: Starmie|68/100|[from] Sandstorm
|-heal|p2a: Starmie|74/100|[from] item: Leftovers
|-heal|p1a: Metagross|100/100|[from] item: Leftovers
|upkeep
|turn|46
|
|t:|1729293860
|move|p2a: Starmie|Thunder Wave|p1a: Metagross
|-status|p1a: Metagross|par
|move|p1a: Metagross|Earthquake|p2a: Starmie
|-damage|p2a: Starmie|19/100
|
|-weather|Sandstorm|[upkeep]
|-damage|p2a: Starmie|13/100|[from] Sandstorm
|-heal|p2a: Starmie|19/100|[from] item: Leftovers
|upkeep
|turn|47
|
|t:|1729293868
|move|p2a: Starmie|Recover|p2a: Starmie
|-heal|p2a: Starmie|69/100
|move|p1a: Metagross|Earthquake|p2a: Starmie
|-damage|p2a: Starmie|19/100
|
|-weather|Sandstorm|[upkeep]
|-damage|p2a: Starmie|13/100|[from] Sandstorm
|-heal|p2a: Starmie|19/100|[from] item: Leftovers
|upkeep
|turn|48
|
|t:|1729293875
|move|p2a: Starmie|Recover|p2a: Starmie
|-heal|p2a: Starmie|69/100
|cant|p1a: Metagross|par
|
|-weather|Sandstorm|[upkeep]
|-damage|p2a: Starmie|63/100|[from] Sandstorm
|-heal|p2a: Starmie|69/100|[from] item: Leftovers
|upkeep
|turn|49
|
|t:|1729293884
|move|p2a: Starmie|Surf|p1a: Metagross
|-damage|p1a: Metagross|70/100 par
|move|p1a: Metagross|Earthquake|p2a: Starmie
|-damage|p2a: Starmie|19/100
|
|-weather|Sandstorm|[upkeep]
|-damage|p2a: Starmie|13/100|[from] Sandstorm
|-heal|p2a: Starmie|19/100|[from] item: Leftovers
|-heal|p1a: Metagross|76/100 par|[from] item: Leftovers
|upkeep
|turn|50
|
|t:|1729293889
|move|p2a: Starmie|Recover|p2a: Starmie
|-heal|p2a: Starmie|69/100
|cant|p1a: Metagross|par
|
|-weather|Sandstorm|[upkeep]
|-damage|p2a: Starmie|63/100|[from] Sandstorm
|-heal|p2a: Starmie|69/100|[from] item: Leftovers
|-heal|p1a: Metagross|82/100 par|[from] item: Leftovers
|upkeep
|turn|51
|inactive|boshinator6 has 210 seconds left.
|
|t:|1729293902
|move|p1a: Metagross|Protect|p1a: Metagross
|-singleturn|p1a: Metagross|Protect
|move|p2a: Starmie|Surf|p1a: Metagross
|-activate|p1a: Metagross|Protect
|
|-weather|Sandstorm|[upkeep]
|-damage|p2a: Starmie|63/100|[from] Sandstorm
|-heal|p2a: Starmie|69/100|[from] item: Leftovers
|-heal|p1a: Metagross|88/100 par|[from] item: Leftovers
|upkeep
|turn|52
|
|t:|1729293906
|move|p2a: Starmie|Surf|p1a: Metagross
|-damage|p1a: Metagross|55/100 par
|cant|p1a: Metagross|par
|
|-weather|Sandstorm|[upkeep]
|-damage|p2a: Starmie|63/100|[from] Sandstorm
|-heal|p2a: Starmie|69/100|[from] item: Leftovers
|-heal|p1a: Metagross|61/100 par|[from] item: Leftovers
|upkeep
|turn|53
|
|t:|1729293912
|move|p2a: Starmie|Recover|p2a: Starmie
|-heal|p2a: Starmie|100/100
|move|p1a: Metagross|Earthquake|p2a: Starmie
|-damage|p2a: Starmie|49/100
|
|-weather|Sandstorm|[upkeep]
|-damage|p2a: Starmie|43/100|[from] Sandstorm
|-heal|p2a: Starmie|49/100|[from] item: Leftovers
|-heal|p1a: Metagross|67/100 par|[from] item: Leftovers
|upkeep
|turn|54
|
|t:|1729293918
|move|p2a: Starmie|Recover|p2a: Starmie
|-heal|p2a: Starmie|99/100
|move|p1a: Metagross|Earthquake|p2a: Starmie
|-damage|p2a: Starmie|49/100
|
|-weather|Sandstorm|[upkeep]
|-damage|p2a: Starmie|43/100|[from] Sandstorm
|-heal|p2a: Starmie|49/100|[from] item: Leftovers
|-heal|p1a: Metagross|73/100 par|[from] item: Leftovers
|upkeep
|turn|55
|
|t:|1729293925
|move|p2a: Starmie|Recover|p2a: Starmie
|-heal|p2a: Starmie|99/100
|move|p1a: Metagross|Earthquake|p2a: Starmie
|-damage|p2a: Starmie|49/100
|
|-weather|Sandstorm|[upkeep]
|-damage|p2a: Starmie|42/100|[from] Sandstorm
|-heal|p2a: Starmie|49/100|[from] item: Leftovers
|-heal|p1a: Metagross|79/100 par|[from] item: Leftovers
|upkeep
|turn|56
|
|t:|1729293954
|move|p2a: Starmie|Recover|p2a: Starmie
|-heal|p2a: Starmie|99/100
|move|p1a: Metagross|Explosion|p2a: Starmie
|-crit|p2a: Starmie
|-damage|p2a: Starmie|0 fnt
|faint|p1a: Metagross
|faint|p2a: Starmie
|inactive|boshinator6 has 240 seconds left.
|
|t:|1729293984
|switch|p2a: Blissey|Blissey, F, shiny|57/100
|switch|p1a: Breloom|Breloom, F|54/100
|
|-weather|Sandstorm|[upkeep]
|-damage|p1a: Breloom|48/100|[from] Sandstorm
|-damage|p2a: Blissey|50/100|[from] Sandstorm
|-heal|p2a: Blissey|57/100|[from] item: Leftovers
|upkeep
|turn|57
|
|t:|1729293988
|move|p1a: Breloom|Mach Punch|p2a: Blissey
|-supereffective|p2a: Blissey
|-damage|p2a: Blissey|11/100
|move|p2a: Blissey|Ice Beam|p1a: Breloom
|-supereffective|p1a: Breloom
|-damage|p1a: Breloom|0 fnt
|faint|p1a: Breloom
|inactive|HeyYa!_Forte has 270 seconds left.
|
|t:|1729294015
|switch|p1a: Tyranitar|Tyranitar, M|100/100
|
|-weather|Sandstorm|[upkeep]
|-damage|p2a: Blissey|5/100|[from] Sandstorm
|-heal|p2a: Blissey|11/100|[from] item: Leftovers
|upkeep
|turn|58
|
|t:|1729294023
|move|p1a: Tyranitar|Rock Slide|p2a: Blissey
|-damage|p2a: Blissey|0 fnt
|faint|p2a: Blissey
|
|t:|1729294025
|switch|p2a: Hariyama|Hariyama, M|100/100 slp
|
|-weather|Sandstorm|[upkeep]
|-damage|p2a: Hariyama|94/100 slp|[from] Sandstorm
|-heal|p2a: Hariyama|100/100 slp|[from] item: Leftovers
|upkeep
|turn|59
|
|t:|1729294031
|-singleturn|p1a: Tyranitar|move: Focus Punch
|cant|p2a: Hariyama|slp
|move|p1a: Tyranitar|Focus Punch|p2a: Hariyama
|-damage|p2a: Hariyama|61/100 slp
|
|-weather|Sandstorm|[upkeep]
|-damage|p2a: Hariyama|55/100 slp|[from] Sandstorm
|-heal|p2a: Hariyama|61/100 slp|[from] item: Leftovers
|upkeep
|turn|60
|
|t:|1729294039
|-singleturn|p1a: Tyranitar|move: Focus Punch
|cant|p2a: Hariyama|slp
|move|p1a: Tyranitar|Focus Punch|p2a: Hariyama
|-damage|p2a: Hariyama|23/100 slp
|
|-weather|Sandstorm|[upkeep]
|-damage|p2a: Hariyama|17/100 slp|[from] Sandstorm
|-heal|p2a: Hariyama|23/100 slp|[from] item: Leftovers
|upkeep
|turn|61
|
|t:|1729294043
|move|p1a: Tyranitar|Fire Blast|p2a: Hariyama
|-damage|p2a: Hariyama|0 fnt
|faint|p2a: Hariyama
|
|win|HeyYa!_Forte
|c|☆HeyYa!_Forte|gg

</script>
<script type="application/json" class="data" id="replaydata-smogtours-gen3ou-799748">
{"id":"smogtours-gen3ou-799748","format":"[Gen 3] OU","players":["HeyYa!_Forte","boshinator6"],"uploadtime":1729294043,"views":110,"formatid":"gen3ou","rating":null,"private":0,"password":null}
</script>

<script defer src="js/replays.js?9d40a366"></script>
