<!DOCTYPE html>
<meta charset="utf-8" />
<meta name="viewport" content="width=device-width" />

<title>[Gen 3] OU: drby vs. cheesimoon - Replays - Pok&eacute;mon Showdown!</title>

<meta name="description" content="Watch a replay of a Pok&eacute;mon battle between drby and cheesimoon! Format: [Gen 3] OU; Date: Oct 2, 2024" />
<!--

Hey, you! Looking in the source for the replay log?

You can find them in JSON format, just add `.json` at the end of a replay URL.

https://replay.pokemonshowdown.com/gen7randomdoublesbattle-865046831.json

Or, if you only need the log itself, add `.log` instead:

https://replay.pokemonshowdown.com/gen7randomdoublesbattle-865046831.log

-->

<link rel="stylesheet" href="//pokemonshowdown.com/style/global.css?0.023195364461161105" />
<link rel="stylesheet" href="//play.pokemonshowdown.com/style/font-awesome.css?0.13261647063804238" />
<link rel="stylesheet" href="//play.pokemonshowdown.com/style/battle.css?0.8753245789963631" />
<link rel="stylesheet" href="//play.pokemonshowdown.com/style/utilichart.css?0.8627959624976733" />

<!-- Global site tag (gtag.js) - Google Analytics -->
<script async src="https://www.googletagmanager.com/gtag/js?id=UA-26211653-1"></script>
<script>
  window.dataLayer = window.dataLayer || [];
  function gtag(){dataLayer.push(arguments);}
  gtag('js', new Date());

  gtag('config', 'UA-26211653-1');
</script>
<!-- End Google Analytics -->
<!-- Venatus Ad Manager - Install in <HEAD> of page -->
	<script src="https://hb.vntsm.com/v3/live/ad-manager.min.js" type="text/javascript" data-site-id="642aba63ec9a7b11c3c9c1be" data-mode="scan" async></script>
<!-- / Venatus Ad Manager -->

<style>
	@media (max-width:820px) {
		.battle {
			margin: 0 auto;
		}
		.battle-log {
			margin: 7px auto 0;
			max-width: 640px;
			height: 300px;
			position: static;
		}
	}
	.optgroup {
		display: inline-block;
		line-height: 22px;
		font-size: 10pt;
	}
	.optgroup .button {
		height: 25px;
		padding-top: 0;
		padding-bottom: 0;
	}
	.optgroup button.button {
		padding-left: 12px;
		padding-right: 12px;
	}
	.linklist {
		list-style: none;
		margin: 0.5em 0;
		padding: 0;
	}
	.linklist li {
		padding: 2px 0;
	}
	.sidebar {
		float: left;
		width: 320px;
	}
	.bar-wrapper {
		max-width: 1100px;
		margin: 0 auto;
	}
	.bar-wrapper.has-sidebar {
		max-width: 1430px;
	}
	.mainbar {
		margin: 0;
		padding-right: 1px;
	}
	.mainbar.has-sidebar {
		margin-left: 330px;
	}
	@media (min-width: 1511px) {
		.sidebar {
			width: 400px;
		}
		.bar-wrapper.has-sidebar {
			max-width: 1510px;
		}
		.mainbar.has-sidebar {
			margin-left: 410px;
		}
	}
	.section.first-section {
		margin-top: 9px;
	}
	.blocklink small {
		white-space: normal;
	}
	.button {
		vertical-align: middle;
	}
	.replay-controls {
		padding-top: 10px;
	}
	.replay-controls h1 {
		font-size: 16pt;
		font-weight: normal;
		color: #CCC;
	}
	.pagelink {
		text-align: center;
	}
	.pagelink a {
		width: 150px;
	}
	.textbox, .button {
		font-size: 11pt;
		vertical-align: middle;
	}
	@media (max-width: 450px) {
		.button {
			font-size: 9pt;
		}
	}
</style>

<div>

	<header>
		<div class="nav-wrapper"><ul class="nav">
			<li><a class="button nav-first" href="//pokemonshowdown.com/"><img src="//pokemonshowdown.com/images/pokemonshowdownbeta.png" srcset="//pokemonshowdown.com/images/pokemonshowdownbeta.png 1x, //pokemonshowdown.com/images/pokemonshowdownbeta@2x.png 2x" alt="Pok&eacute;mon Showdown" width="146" height="44" /> Home</a></li>
			<li><a class="button" href="//pokemonshowdown.com/dex/">Pok&eacute;dex</a></li>
			<li><a class="button cur" href="/">Replays</a></li>
			<li><a class="button" href="//pokemonshowdown.com/ladder/">Ladder</a></li>
			<li><a class="button nav-last" href="//pokemonshowdown.com/forums/">Forum</a></li>
			<li><a class="button greenbutton nav-first nav-last" href="//play.pokemonshowdown.com/">Play</a></li>
		</ul></div>
	</header>

	<div class="main" id="main">

		<noscript><section class="section">You need to enable JavaScript to use this page; sorry!</section></noscript>

	</div>

</div>

<script defer nomodule src="//play.pokemonshowdown.com/js/lib/ps-polyfill.js"></script>
<script defer src="//play.pokemonshowdown.com/js/lib/preact.min.js"></script>

<script defer src="//play.pokemonshowdown.com/config/config.js?2bddbc15"></script>
<script defer src="//play.pokemonshowdown.com/js/lib/jquery-1.11.0.min.js"></script>
<script defer src="//play.pokemonshowdown.com/js/lib/html-sanitizer-minified.js"></script>
<script defer src="//play.pokemonshowdown.com/js/battle-sound.js"></script>
<script defer src="//play.pokemonshowdown.com/js/battledata.js?0.7209276989879541"></script>
<script defer src="//play.pokemonshowdown.com/data/pokedex-mini.js?0.6111056340867951"></script>
<script defer src="//play.pokemonshowdown.com/data/pokedex-mini-bw.js?0.3532142036491459"></script>
<script defer src="//play.pokemonshowdown.com/data/graphics.js?0.24223875632456182"></script>
<script defer src="//play.pokemonshowdown.com/data/pokedex.js?0.38839984266356864"></script>
<script defer src="//play.pokemonshowdown.com/data/moves.js?0.21866028504024015"></script>
<script defer src="//play.pokemonshowdown.com/data/abilities.js?0.2005157953846628"></script>
<script defer src="//play.pokemonshowdown.com/data/items.js?0.9894211263848525"></script>
<script defer src="//play.pokemonshowdown.com/data/teambuilder-tables.js?0.6008791140282215"></script>
<script defer src="//play.pokemonshowdown.com/js/battle-tooltips.js?0.7580118955022959"></script>
<script defer src="//play.pokemonshowdown.com/js/battle.js?0.6057722274234274"></script>

<script defer src="js/utils.js?e31f9a17"></script>
<script defer src="js/replays-battle.js?7008c182"></script>

<!-- don't scrape this data! just add .json or .log after the URL!
Full API docs: https://github.com/smogon/pokemon-showdown-client/blob/master/WEB-API.md -->
<script type="text/plain" class="log" id="replaylog-smogtours-gen3ou-794081">
|inactive|Battle timer is ON: inactive players will automatically lose when time's up.
|t:|1727904816
|gametype|singles
|player|p1|drby|pokemonbreeder-gen4|
|player|p2|cheesimoon|265|
|teamsize|p1|6
|teamsize|p2|6
|gen|3
|tier|[Gen 3] OU
|rule|Sleep Clause Mod: Limit one foe put to sleep
|rule|Switch Priority Clause Mod: Faster Pokémon switch first
|rule|Species Clause: Limit one of each Pokémon
|rule|OHKO Clause: OHKO moves are banned
|rule|Evasion Items Clause: Evasion items are banned
|rule|Evasion Moves Clause: Evasion moves are banned
|rule|Endless Battle Clause: Forcing endless battles is banned
|rule|HP Percentage Mod: HP is shown in percentages
|rule|One Boost Passer Clause: Limit one Baton Passer that has a way to boost its stats
|rule|Freeze Clause Mod: Limit one foe frozen
|
|t:|1727904816
|start
|switch|p1a: Charizard|Charizard, F|100/100
|switch|p2a: Saiki|Alakazam, M|100/100
|turn|1
|c|☆cheesimoon|gl hf
|c|☆drby|u2
|
|t:|1727904838
|switch|p1a: Metagross|Metagross|100/100
|move|p2a: Saiki|Psychic|p1a: Metagross
|-resisted|p1a: Metagross
|-damage|p1a: Metagross|88/100
|
|-heal|p1a: Metagross|94/100|[from] item: Leftovers
|upkeep
|turn|2
|
|t:|1727904851
|switch|p2a: Aren|Swampert, M|100/100
|move|p1a: Metagross|Meteor Mash|p2a: Aren
|-resisted|p2a: Aren
|-damage|p2a: Aren|80/100
|
|-heal|p1a: Metagross|99/100|[from] item: Leftovers
|-heal|p2a: Aren|86/100|[from] item: Leftovers
|upkeep
|turn|3
|
|t:|1727904871
|switch|p1a: Celebi|Celebi|100/100
|move|p2a: Aren|Surf|p1a: Celebi
|-resisted|p1a: Celebi
|-damage|p1a: Celebi|86/100
|
|-heal|p1a: Celebi|93/100|[from] item: Leftovers
|-heal|p2a: Aren|92/100|[from] item: Leftovers
|upkeep
|turn|4
|
|t:|1727904884
|switch|p2a: Teruhashi|Celebi|100/100
|move|p1a: Celebi|Leech Seed|p2a: Teruhashi
|-immune|p2a: Teruhashi
|
|-heal|p1a: Celebi|99/100|[from] item: Leftovers
|upkeep
|turn|5
|
|t:|1727904891
|move|p1a: Celebi|Hidden Power|p2a: Teruhashi
|-supereffective|p2a: Teruhashi
|-damage|p2a: Teruhashi|70/100
|move|p2a: Teruhashi|Calm Mind|p2a: Teruhashi
|-boost|p2a: Teruhashi|spa|1
|-boost|p2a: Teruhashi|spd|1
|
|-heal|p1a: Celebi|100/100|[from] item: Leftovers
|-heal|p2a: Teruhashi|76/100|[from] item: Leftovers
|upkeep
|turn|6
|
|t:|1727904898
|switch|p1a: Metagross|Metagross|99/100
|move|p2a: Teruhashi|Calm Mind|p2a: Teruhashi
|-boost|p2a: Teruhashi|spa|1
|-boost|p2a: Teruhashi|spd|1
|
|-heal|p2a: Teruhashi|82/100|[from] item: Leftovers
|-heal|p1a: Metagross|100/100|[from] item: Leftovers
|upkeep
|turn|7
|inactive|cheesimoon has 270 seconds left.
|
|t:|1727904929
|move|p2a: Teruhashi|Baton Pass|p2a: Teruhashi
|inactive|cheesimoon has 270 seconds left.
|
|t:|1727904946
|switch|p2a: Nendo|Tyranitar, M|100/100|[from] Baton Pass
|-weather|Sandstorm|[from] ability: Sand Stream|[of] p2a: Nendo
|move|p1a: Metagross|Explosion|p2a: Nendo
|-resisted|p2a: Nendo
|-damage|p2a: Nendo|19/100
|faint|p1a: Metagross
|inactive|drby has 270 seconds left.
|
|t:|1727904979
|switch|p1a: Milotic|Milotic, F, shiny|100/100
|
|-weather|Sandstorm|[upkeep]
|-damage|p1a: Milotic|94/100|[from] Sandstorm
|-heal|p1a: Milotic|100/100|[from] item: Leftovers
|-heal|p2a: Nendo|25/100|[from] item: Leftovers
|upkeep
|turn|8
|inactive|cheesimoon has 270 seconds left.
|
|t:|1727904986
|move|p1a: Milotic|Surf|p2a: Nendo
|-supereffective|p2a: Nendo
|-damage|p2a: Nendo|0 fnt
|faint|p2a: Nendo
|inactive|cheesimoon has 270 seconds left.
|
|t:|1727904994
|switch|p2a: Teruhashi|Celebi|82/100
|
|-weather|Sandstorm|[upkeep]
|-damage|p2a: Teruhashi|76/100|[from] Sandstorm
|-damage|p1a: Milotic|94/100|[from] Sandstorm
|-heal|p2a: Teruhashi|82/100|[from] item: Leftovers
|-heal|p1a: Milotic|100/100|[from] item: Leftovers
|upkeep
|turn|9
|
|t:|1727905002
|switch|p1a: Charizard|Charizard, F|100/100
|move|p2a: Teruhashi|Leech Seed|p1a: Charizard
|-start|p1a: Charizard|move: Leech Seed
|
|-weather|Sandstorm|[upkeep]
|-damage|p1a: Charizard|94/100|[from] Sandstorm
|-damage|p2a: Teruhashi|76/100|[from] Sandstorm
|-damage|p1a: Charizard|82/100|[from] Leech Seed|[of] p2a: Teruhashi
|-heal|p2a: Teruhashi|85/100|[silent]
|-heal|p2a: Teruhashi|91/100|[from] item: Leftovers
|upkeep
|turn|10
|inactive|cheesimoon has 270 seconds left.
|
|t:|1727905035
|switch|p2a: Kaido|Zapdos|100/100
|move|p1a: Charizard|Fire Blast|p2a: Kaido
|-damage|p2a: Kaido|33/100
|
|-weather|Sandstorm|[upkeep]
|-damage|p1a: Charizard|76/100|[from] Sandstorm
|-damage|p2a: Kaido|27/100|[from] Sandstorm
|-heal|p2a: Kaido|33/100|[from] item: Leftovers
|-damage|p1a: Charizard|63/100|[from] Leech Seed|[of] p2a: Kaido
|-heal|p2a: Kaido|44/100|[silent]
|upkeep
|turn|11
|
|t:|1727905043
|move|p1a: Charizard|Fire Blast|p2a: Kaido
|-damage|p2a: Kaido|0 fnt
|faint|p2a: Kaido
|
|t:|1727905048
|switch|p2a: Saiki|Alakazam, M|100/100
|
|-weather|Sandstorm|[upkeep]
|-damage|p2a: Saiki|95/100|[from] Sandstorm
|-damage|p1a: Charizard|57/100|[from] Sandstorm
|-heal|p2a: Saiki|100/100|[from] item: Leftovers
|-damage|p1a: Charizard|45/100|[from] Leech Seed|[of] p2a: Saiki
|upkeep
|turn|12
|
|t:|1727905062
|switch|p1a: Celebi|Celebi|100/100
|move|p2a: Saiki|Knock Off|p1a: Celebi
|-supereffective|p1a: Celebi
|-damage|p1a: Celebi|88/100
|-enditem|p1a: Celebi|Leftovers|[from] move: Knock Off|[of] p2a: Saiki
|-hint|In Gens 3-4, Knock Off only makes the target's item unusable; it cannot obtain a new item.
|
|-weather|Sandstorm|[upkeep]
|-damage|p2a: Saiki|95/100|[from] Sandstorm
|-damage|p1a: Celebi|81/100|[from] Sandstorm
|-heal|p2a: Saiki|100/100|[from] item: Leftovers
|upkeep
|turn|13
|inactive|cheesimoon has 270 seconds left.
|
|t:|1727905090
|move|p2a: Saiki|Ice Punch|p1a: Celebi
|-supereffective|p1a: Celebi
|-damage|p1a: Celebi|32/100
|move|p1a: Celebi|Hidden Power|p2a: Saiki
|-damage|p2a: Saiki|64/100
|
|-weather|Sandstorm|[upkeep]
|-damage|p2a: Saiki|58/100|[from] Sandstorm
|-damage|p1a: Celebi|26/100|[from] Sandstorm
|-heal|p2a: Saiki|64/100|[from] item: Leftovers
|upkeep
|turn|14
|
|t:|1727905120
|switch|p1a: Milotic|Milotic, F, shiny|100/100
|move|p2a: Saiki|Psychic|p1a: Milotic
|-damage|p1a: Milotic|76/100
|
|-weather|Sandstorm|[upkeep]
|-damage|p2a: Saiki|58/100|[from] Sandstorm
|-damage|p1a: Milotic|70/100|[from] Sandstorm
|-heal|p2a: Saiki|64/100|[from] item: Leftovers
|-heal|p1a: Milotic|76/100|[from] item: Leftovers
|upkeep
|turn|15
|
|t:|1727905125
|move|p2a: Saiki|Knock Off|p1a: Milotic
|-damage|p1a: Milotic|71/100
|-enditem|p1a: Milotic|Leftovers|[from] move: Knock Off|[of] p2a: Saiki
|move|p1a: Milotic|Toxic|p2a: Saiki|[miss]
|-miss|p1a: Milotic|p2a: Saiki
|
|-weather|Sandstorm|[upkeep]
|-damage|p2a: Saiki|58/100|[from] Sandstorm
|-damage|p1a: Milotic|65/100|[from] Sandstorm
|-heal|p2a: Saiki|64/100|[from] item: Leftovers
|upkeep
|turn|16
|
|t:|1727905139
|switch|p2a: Teruhashi|Celebi|91/100
|move|p1a: Milotic|Recover|p1a: Milotic
|-heal|p1a: Milotic|100/100
|
|-weather|Sandstorm|[upkeep]
|-damage|p2a: Teruhashi|85/100|[from] Sandstorm
|-damage|p1a: Milotic|94/100|[from] Sandstorm
|-heal|p2a: Teruhashi|91/100|[from] item: Leftovers
|upkeep
|turn|17
|
|t:|1727905152
|switch|p1a: Forretress|Forretress, F|100/100
|move|p2a: Teruhashi|Calm Mind|p2a: Teruhashi
|-boost|p2a: Teruhashi|spa|1
|-boost|p2a: Teruhashi|spd|1
|
|-weather|Sandstorm|[upkeep]
|-damage|p2a: Teruhashi|85/100|[from] Sandstorm
|-heal|p2a: Teruhashi|91/100|[from] item: Leftovers
|upkeep
|turn|18
|inactive|cheesimoon has 270 seconds left.
|
|t:|1727905159
|move|p2a: Teruhashi|Baton Pass|p2a: Teruhashi
|
|t:|1727905160
|switch|p2a: Aren|Swampert, M|92/100|[from] Baton Pass
|move|p1a: Forretress|Spikes|p2a: Aren
|-sidestart|p2: cheesimoon|Spikes
|
|-weather|Sandstorm|[upkeep]
|-heal|p2a: Aren|98/100|[from] item: Leftovers
|upkeep
|turn|19
|
|t:|1727905167
|move|p2a: Aren|Surf|p1a: Forretress
|-damage|p1a: Forretress|60/100
|move|p1a: Forretress|Spikes|p2a: Aren
|-sidestart|p2: cheesimoon|Spikes
|
|-weather|Sandstorm|[upkeep]
|-heal|p2a: Aren|100/100|[from] item: Leftovers
|-heal|p1a: Forretress|66/100|[from] item: Leftovers
|upkeep
|turn|20
|
|t:|1727905171
|move|p2a: Aren|Surf|p1a: Forretress
|-damage|p1a: Forretress|28/100
|move|p1a: Forretress|Spikes|p2a: Aren
|-sidestart|p2: cheesimoon|Spikes
|
|-weather|Sandstorm|[upkeep]
|-heal|p1a: Forretress|35/100|[from] item: Leftovers
|upkeep
|turn|21
|
|t:|1727905174
|switch|p1a: Milotic|Milotic, F, shiny|94/100
|move|p2a: Aren|Surf|p1a: Milotic
|-resisted|p1a: Milotic
|-damage|p1a: Milotic|84/100
|
|-weather|Sandstorm|[upkeep]
|-damage|p1a: Milotic|78/100|[from] Sandstorm
|upkeep
|turn|22
|
|t:|1727905179
|move|p1a: Milotic|Toxic|p2a: Aren
|-status|p2a: Aren|tox
|move|p2a: Aren|Earthquake|p1a: Milotic
|-damage|p1a: Milotic|42/100
|
|-weather|Sandstorm|[upkeep]
|-damage|p1a: Milotic|36/100|[from] Sandstorm
|-damage|p2a: Aren|94/100 tox|[from] psn
|upkeep
|turn|23
|
|t:|1727905192
|switch|p2a: Teruhashi|Celebi|91/100
|-damage|p2a: Teruhashi|66/100|[from] Spikes
|move|p1a: Milotic|Recover|p1a: Milotic
|-heal|p1a: Milotic|86/100
|
|-weather|Sandstorm|[upkeep]
|-damage|p2a: Teruhashi|60/100|[from] Sandstorm
|-damage|p1a: Milotic|79/100|[from] Sandstorm
|-heal|p2a: Teruhashi|66/100|[from] item: Leftovers
|upkeep
|turn|24
|
|t:|1727905200
|move|p2a: Teruhashi|Leech Seed|p1a: Milotic|[miss]
|-miss|p2a: Teruhashi|p1a: Milotic
|move|p1a: Milotic|Toxic|p2a: Teruhashi
|-status|p2a: Teruhashi|tox
|
|-weather|Sandstorm|[upkeep]
|-damage|p2a: Teruhashi|60/100 tox|[from] Sandstorm
|-damage|p1a: Milotic|73/100|[from] Sandstorm
|-heal|p2a: Teruhashi|66/100 tox|[from] item: Leftovers
|-damage|p2a: Teruhashi|60/100 tox|[from] psn
|upkeep
|turn|25
|inactive|cheesimoon has 270 seconds left.
|
|t:|1727905235
|move|p2a: Teruhashi|Baton Pass|p2a: Teruhashi
|
|t:|1727905247
|-curestatus|p2a: Teruhashi|tox|[from] ability: Natural Cure
|switch|p2a: Takahashi|Dugtrio, F|100/100|[from] Baton Pass
|-damage|p2a: Takahashi|76/100|[from] Spikes
|move|p1a: Milotic|Surf|p2a: Takahashi
|-supereffective|p2a: Takahashi
|-damage|p2a: Takahashi|0 fnt
|faint|p2a: Takahashi
|
|t:|1727905255
|switch|p2a: Teruhashi|Celebi|60/100
|-damage|p2a: Teruhashi|35/100|[from] Spikes
|
|-weather|Sandstorm|[upkeep]
|-damage|p2a: Teruhashi|29/100|[from] Sandstorm
|-damage|p1a: Milotic|67/100|[from] Sandstorm
|-heal|p2a: Teruhashi|35/100|[from] item: Leftovers
|upkeep
|turn|26
|
|t:|1727905258
|move|p2a: Teruhashi|Leech Seed|p1a: Milotic
|-start|p1a: Milotic|move: Leech Seed
|move|p1a: Milotic|Toxic|p2a: Teruhashi
|-status|p2a: Teruhashi|tox
|
|-weather|Sandstorm|[upkeep]
|-damage|p2a: Teruhashi|29/100 tox|[from] Sandstorm
|-damage|p1a: Milotic|61/100|[from] Sandstorm
|-heal|p2a: Teruhashi|35/100 tox|[from] item: Leftovers
|-damage|p2a: Teruhashi|29/100 tox|[from] psn
|-damage|p1a: Milotic|49/100|[from] Leech Seed|[of] p2a: Teruhashi
|-heal|p2a: Teruhashi|41/100 tox|[silent]
|upkeep
|turn|27
|inactive|cheesimoon has 270 seconds left.
|
|t:|1727905270
|switch|p1a: Charizard|Charizard, F|45/100
|move|p2a: Teruhashi|Psychic|p1a: Charizard
|-damage|p1a: Charizard|0 fnt
|faint|p1a: Charizard
|
|t:|1727905274
|switch|p1a: Gengar|Gengar, F, shiny|100/100
|
|-weather|Sandstorm|[upkeep]
|-damage|p1a: Gengar|94/100|[from] Sandstorm
|-damage|p2a: Teruhashi|35/100 tox|[from] Sandstorm
|-heal|p1a: Gengar|100/100|[from] item: Leftovers
|-heal|p2a: Teruhashi|41/100 tox|[from] item: Leftovers
|-damage|p2a: Teruhashi|29/100 tox|[from] psn
|upkeep
|turn|28
|
|t:|1727905289
|move|p1a: Gengar|Ice Punch|p2a: Teruhashi
|-supereffective|p2a: Teruhashi
|-damage|p2a: Teruhashi|0 fnt
|faint|p2a: Teruhashi
|
|t:|1727905297
|switch|p2a: Saiki|Alakazam, M|64/100
|-damage|p2a: Saiki|39/100|[from] Spikes
|
|-weather|Sandstorm|[upkeep]
|-damage|p2a: Saiki|33/100|[from] Sandstorm
|-damage|p1a: Gengar|94/100|[from] Sandstorm
|-heal|p2a: Saiki|39/100|[from] item: Leftovers
|-heal|p1a: Gengar|100/100|[from] item: Leftovers
|upkeep
|turn|29
|
|t:|1727905307
|move|p2a: Saiki|Psychic|p1a: Gengar
|-supereffective|p1a: Gengar
|-damage|p1a: Gengar|0 fnt
|faint|p1a: Gengar
|
|t:|1727905310
|switch|p1a: Milotic|Milotic, F, shiny|49/100
|
|-weather|Sandstorm|[upkeep]
|-damage|p2a: Saiki|33/100|[from] Sandstorm
|-damage|p1a: Milotic|43/100|[from] Sandstorm
|-heal|p2a: Saiki|39/100|[from] item: Leftovers
|upkeep
|turn|30
|
|t:|1727905334
|move|p2a: Saiki|Psychic|p1a: Milotic
|-crit|p1a: Milotic
|-damage|p1a: Milotic|0 fnt
|faint|p1a: Milotic
|c|☆cheesimoon|unlucky
|
|t:|1727905345
|switch|p1a: Forretress|Forretress, F|35/100
|
|-weather|Sandstorm|[upkeep]
|-damage|p2a: Saiki|33/100|[from] Sandstorm
|-heal|p2a: Saiki|39/100|[from] item: Leftovers
|-heal|p1a: Forretress|41/100|[from] item: Leftovers
|upkeep
|turn|31
|
|t:|1727905348
|move|p2a: Saiki|Fire Punch|p1a: Forretress
|-supereffective|p1a: Forretress
|-damage|p1a: Forretress|0 fnt
|faint|p1a: Forretress
|
|t:|1727905351
|switch|p1a: Celebi|Celebi|26/100
|
|-weather|Sandstorm|[upkeep]
|-damage|p2a: Saiki|33/100|[from] Sandstorm
|-damage|p1a: Celebi|20/100|[from] Sandstorm
|-heal|p2a: Saiki|39/100|[from] item: Leftovers
|upkeep
|turn|32
|
|t:|1727905354
|move|p2a: Saiki|Ice Punch|p1a: Celebi
|-supereffective|p1a: Celebi
|-damage|p1a: Celebi|0 fnt
|faint|p1a: Celebi
|
|win|cheesimoon
|c|☆cheesimoon|gg
|c|☆drby|gg
|c|☆cheesimoon|downloded replay
|c|☆cheesimoon|but ig it autosaves
|c|☆cheesimoon|u good for next match?
|player|p2|
|c|☆drby|ye lets do it
|player|p2|cheesimoon|265|

</script>
<script type="application/json" class="data" id="replaydata-smogtours-gen3ou-794081">
{"id":"smogtours-gen3ou-794081","format":"[Gen 3] OU","players":["drby","cheesimoon"],"uploadtime":1727905354,"views":157,"formatid":"gen3ou","rating":null,"private":0,"password":null}
</script>

<script defer src="js/replays.js?9d40a366"></script>
