<!DOCTYPE html>
<meta charset="utf-8" />
<meta name="viewport" content="width=device-width" />

<title>[Gen 3] OU: YungLindo vs. bandoodee - Replays - Pok&eacute;mon Showdown!</title>

<meta name="description" content="Watch a replay of a Pok&eacute;mon battle between YungLindo and bandoodee! Format: [Gen 3] OU; Date: Oct 4, 2024" />
<!--

Hey, you! Looking in the source for the replay log?

You can find them in JSON format, just add `.json` at the end of a replay URL.

https://replay.pokemonshowdown.com/gen7randomdoublesbattle-865046831.json

Or, if you only need the log itself, add `.log` instead:

https://replay.pokemonshowdown.com/gen7randomdoublesbattle-865046831.log

-->

<link rel="stylesheet" href="//pokemonshowdown.com/style/global.css?0.023195364461161105" />
<link rel="stylesheet" href="//play.pokemonshowdown.com/style/font-awesome.css?0.13261647063804238" />
<link rel="stylesheet" href="//play.pokemonshowdown.com/style/battle.css?0.8753245789963631" />
<link rel="stylesheet" href="//play.pokemonshowdown.com/style/utilichart.css?0.8627959624976733" />

<!-- Global site tag (gtag.js) - Google Analytics -->
<script async src="https://www.googletagmanager.com/gtag/js?id=UA-26211653-1"></script>
<script>
  window.dataLayer = window.dataLayer || [];
  function gtag(){dataLayer.push(arguments);}
  gtag('js', new Date());

  gtag('config', 'UA-26211653-1');
</script>
<!-- End Google Analytics -->
<!-- Venatus Ad Manager - Install in <HEAD> of page -->
	<script src="https://hb.vntsm.com/v3/live/ad-manager.min.js" type="text/javascript" data-site-id="642aba63ec9a7b11c3c9c1be" data-mode="scan" async></script>
<!-- / Venatus Ad Manager -->

<style>
	@media (max-width:820px) {
		.battle {
			margin: 0 auto;
		}
		.battle-log {
			margin: 7px auto 0;
			max-width: 640px;
			height: 300px;
			position: static;
		}
	}
	.optgroup {
		display: inline-block;
		line-height: 22px;
		font-size: 10pt;
	}
	.optgroup .button {
		height: 25px;
		padding-top: 0;
		padding-bottom: 0;
	}
	.optgroup button.button {
		padding-left: 12px;
		padding-right: 12px;
	}
	.linklist {
		list-style: none;
		margin: 0.5em 0;
		padding: 0;
	}
	.linklist li {
		padding: 2px 0;
	}
	.sidebar {
		float: left;
		width: 320px;
	}
	.bar-wrapper {
		max-width: 1100px;
		margin: 0 auto;
	}
	.bar-wrapper.has-sidebar {
		max-width: 1430px;
	}
	.mainbar {
		margin: 0;
		padding-right: 1px;
	}
	.mainbar.has-sidebar {
		margin-left: 330px;
	}
	@media (min-width: 1511px) {
		.sidebar {
			width: 400px;
		}
		.bar-wrapper.has-sidebar {
			max-width: 1510px;
		}
		.mainbar.has-sidebar {
			margin-left: 410px;
		}
	}
	.section.first-section {
		margin-top: 9px;
	}
	.blocklink small {
		white-space: normal;
	}
	.button {
		vertical-align: middle;
	}
	.replay-controls {
		padding-top: 10px;
	}
	.replay-controls h1 {
		font-size: 16pt;
		font-weight: normal;
		color: #CCC;
	}
	.pagelink {
		text-align: center;
	}
	.pagelink a {
		width: 150px;
	}
	.textbox, .button {
		font-size: 11pt;
		vertical-align: middle;
	}
	@media (max-width: 450px) {
		.button {
			font-size: 9pt;
		}
	}
</style>

<div>

	<header>
		<div class="nav-wrapper"><ul class="nav">
			<li><a class="button nav-first" href="//pokemonshowdown.com/"><img src="//pokemonshowdown.com/images/pokemonshowdownbeta.png" srcset="//pokemonshowdown.com/images/pokemonshowdownbeta.png 1x, //pokemonshowdown.com/images/pokemonshowdownbeta@2x.png 2x" alt="Pok&eacute;mon Showdown" width="146" height="44" /> Home</a></li>
			<li><a class="button" href="//pokemonshowdown.com/dex/">Pok&eacute;dex</a></li>
			<li><a class="button cur" href="/">Replays</a></li>
			<li><a class="button" href="//pokemonshowdown.com/ladder/">Ladder</a></li>
			<li><a class="button nav-last" href="//pokemonshowdown.com/forums/">Forum</a></li>
			<li><a class="button greenbutton nav-first nav-last" href="//play.pokemonshowdown.com/">Play</a></li>
		</ul></div>
	</header>

	<div class="main" id="main">

		<noscript><section class="section">You need to enable JavaScript to use this page; sorry!</section></noscript>

	</div>

</div>

<script defer nomodule src="//play.pokemonshowdown.com/js/lib/ps-polyfill.js"></script>
<script defer src="//play.pokemonshowdown.com/js/lib/preact.min.js"></script>

<script defer src="//play.pokemonshowdown.com/config/config.js?2bddbc15"></script>
<script defer src="//play.pokemonshowdown.com/js/lib/jquery-1.11.0.min.js"></script>
<script defer src="//play.pokemonshowdown.com/js/lib/html-sanitizer-minified.js"></script>
<script defer src="//play.pokemonshowdown.com/js/battle-sound.js"></script>
<script defer src="//play.pokemonshowdown.com/js/battledata.js?0.7209276989879541"></script>
<script defer src="//play.pokemonshowdown.com/data/pokedex-mini.js?0.6111056340867951"></script>
<script defer src="//play.pokemonshowdown.com/data/pokedex-mini-bw.js?0.3532142036491459"></script>
<script defer src="//play.pokemonshowdown.com/data/graphics.js?0.24223875632456182"></script>
<script defer src="//play.pokemonshowdown.com/data/pokedex.js?0.38839984266356864"></script>
<script defer src="//play.pokemonshowdown.com/data/moves.js?0.21866028504024015"></script>
<script defer src="//play.pokemonshowdown.com/data/abilities.js?0.2005157953846628"></script>
<script defer src="//play.pokemonshowdown.com/data/items.js?0.9894211263848525"></script>
<script defer src="//play.pokemonshowdown.com/data/teambuilder-tables.js?0.6008791140282215"></script>
<script defer src="//play.pokemonshowdown.com/js/battle-tooltips.js?0.7580118955022959"></script>
<script defer src="//play.pokemonshowdown.com/js/battle.js?0.6057722274234274"></script>

<script defer src="js/utils.js?e31f9a17"></script>
<script defer src="js/replays-battle.js?7008c182"></script>

<!-- don't scrape this data! just add .json or .log after the URL!
Full API docs: https://github.com/smogon/pokemon-showdown-client/blob/master/WEB-API.md -->
<script type="text/plain" class="log" id="replaylog-smogtours-gen3ou-794744">
|inactive|Battle timer is ON: inactive players will automatically lose when time's up.
|t:|1728077662
|gametype|singles
|player|p1|YungLindo|169|
|player|p2|bandoodee|102|
|teamsize|p1|6
|teamsize|p2|6
|gen|3
|tier|[Gen 3] OU
|rule|Sleep Clause Mod: Limit one foe put to sleep
|rule|Switch Priority Clause Mod: Faster Pokémon switch first
|rule|Species Clause: Limit one of each Pokémon
|rule|OHKO Clause: OHKO moves are banned
|rule|Evasion Items Clause: Evasion items are banned
|rule|Evasion Moves Clause: Evasion moves are banned
|rule|Endless Battle Clause: Forcing endless battles is banned
|rule|HP Percentage Mod: HP is shown in percentages
|rule|One Boost Passer Clause: Limit one Baton Passer that has a way to boost its stats
|rule|Freeze Clause Mod: Limit one foe frozen
|
|t:|1728077662
|start
|switch|p1a: Zapdos|Zapdos|100/100
|switch|p2a: Zapdos|Zapdos|100/100
|turn|1
|
|t:|1728077679
|switch|p2a: Blissey|Blissey, F|100/100
|move|p1a: Zapdos|Thunderbolt|p2a: Blissey
|-damage|p2a: Blissey|79/100
|
|-heal|p2a: Blissey|85/100|[from] item: Leftovers
|upkeep
|turn|2
|
|t:|1728077682
|move|p1a: Zapdos|Baton Pass|p1a: Zapdos
|
|t:|1728077685
|switch|p1a: Swampert|Swampert, M|100/100|[from] Baton Pass
|move|p2a: Blissey|Ice Beam|p1a: Swampert
|-damage|p1a: Swampert|78/100
|
|-heal|p1a: Swampert|84/100|[from] item: Leftovers
|-heal|p2a: Blissey|91/100|[from] item: Leftovers
|upkeep
|turn|3
|
|t:|1728077688
|switch|p2a: Skarmory|Skarmory, F|100/100
|move|p1a: Swampert|Earthquake|p2a: Skarmory
|-immune|p2a: Skarmory
|
|-heal|p1a: Swampert|90/100|[from] item: Leftovers
|upkeep
|turn|4
|
|t:|1728077695
|switch|p1a: Celebi|Celebi|100/100
|move|p2a: Skarmory|Spikes|p1a: Celebi
|-sidestart|p1: YungLindo|Spikes
|
|upkeep
|turn|5
|
|t:|1728077700
|move|p1a: Celebi|Calm Mind|p1a: Celebi
|-boost|p1a: Celebi|spa|1
|-boost|p1a: Celebi|spd|1
|move|p2a: Skarmory|Roar|p1a: Celebi
|drag|p1a: Metagross|Metagross|100/100
|-damage|p1a: Metagross|88/100|[from] Spikes
|
|upkeep
|turn|6
|
|t:|1728077707
|switch|p1a: Charizard|Charizard, M|100/100
|move|p2a: Skarmory|Roar|p1a: Charizard
|drag|p1a: Gengar|Gengar, M|100/100
|
|upkeep
|turn|7
|
|t:|1728077725
|switch|p2a: Blissey|Blissey, F|91/100
|move|p1a: Gengar|Thunderbolt|p2a: Blissey
|-damage|p2a: Blissey|79/100
|
|-heal|p2a: Blissey|85/100|[from] item: Leftovers
|upkeep
|turn|8
|
|t:|1728077734
|switch|p1a: Metagross|Metagross|88/100
|-damage|p1a: Metagross|76/100|[from] Spikes
|move|p2a: Blissey|Thunderbolt|p1a: Metagross
|-damage|p1a: Metagross|49/100
|
|-heal|p2a: Blissey|91/100|[from] item: Leftovers
|upkeep
|turn|9
|
|t:|1728077739
|switch|p2a: Skarmory|Skarmory, F|100/100
|move|p1a: Metagross|Explosion|p2a: Skarmory
|-resisted|p2a: Skarmory
|-damage|p2a: Skarmory|0 fnt
|faint|p1a: Metagross
|faint|p2a: Skarmory
|
|t:|1728077752
|switch|p1a: Celebi|Celebi|100/100
|switch|p2a: Blissey|Blissey, F|91/100
|-damage|p1a: Celebi|88/100|[from] Spikes
|
|-heal|p1a: Celebi|94/100|[from] item: Leftovers
|-heal|p2a: Blissey|97/100|[from] item: Leftovers
|upkeep
|turn|10
|
|t:|1728077762
|switch|p2a: Metagross|Metagross|100/100
|move|p1a: Celebi|Calm Mind|p1a: Celebi
|-boost|p1a: Celebi|spa|1
|-boost|p1a: Celebi|spd|1
|
|-heal|p1a: Celebi|99/100|[from] item: Leftovers
|upkeep
|turn|11
|
|t:|1728077770
|move|p1a: Celebi|Baton Pass|p1a: Celebi
|
|t:|1728077771
|switch|p1a: Swampert|Swampert, M|90/100|[from] Baton Pass
|-damage|p1a: Swampert|78/100|[from] Spikes
|move|p2a: Metagross|Meteor Mash|p1a: Swampert
|-resisted|p1a: Swampert
|-damage|p1a: Swampert|50/100
|
|-heal|p1a: Swampert|56/100|[from] item: Leftovers
|upkeep
|turn|12
|
|t:|1728077783
|switch|p2a: Suicune|Suicune|100/100
|move|p1a: Swampert|Earthquake|p2a: Suicune
|-crit|p2a: Suicune
|-damage|p2a: Suicune|45/100
|
|-heal|p2a: Suicune|52/100|[from] item: Leftovers
|-heal|p1a: Swampert|63/100|[from] item: Leftovers
|upkeep
|turn|13
|
|t:|1728077787
|move|p2a: Suicune|Calm Mind|p2a: Suicune
|-boost|p2a: Suicune|spa|1
|-boost|p2a: Suicune|spd|1
|move|p1a: Swampert|Earthquake|p2a: Suicune
|-damage|p2a: Suicune|24/100
|
|-heal|p2a: Suicune|31/100|[from] item: Leftovers
|-heal|p1a: Swampert|69/100|[from] item: Leftovers
|upkeep
|turn|14
|
|t:|1728077791
|move|p2a: Suicune|Surf|p1a: Swampert
|-damage|p1a: Swampert|29/100
|move|p1a: Swampert|Earthquake|p2a: Suicune
|-damage|p2a: Suicune|2/100
|
|-heal|p2a: Suicune|8/100|[from] item: Leftovers
|-heal|p1a: Swampert|35/100|[from] item: Leftovers
|upkeep
|turn|15
|
|t:|1728077797
|move|p2a: Suicune|Rest|p2a: Suicune
|-status|p2a: Suicune|slp|[from] move: Rest
|-heal|p2a: Suicune|100/100 slp|[silent]
|move|p1a: Swampert|Earthquake|p2a: Suicune
|-damage|p2a: Suicune|73/100 slp
|
|-heal|p2a: Suicune|79/100 slp|[from] item: Leftovers
|-heal|p1a: Swampert|42/100|[from] item: Leftovers
|upkeep
|turn|16
|
|t:|1728077800
|switch|p1a: Celebi|Celebi|99/100
|-damage|p1a: Celebi|88/100|[from] Spikes
|cant|p2a: Suicune|slp
|move|p2a: Suicune|Sleep Talk|p2a: Suicune
|move|p2a: Suicune|Calm Mind|p2a: Suicune|[from]Sleep Talk
|-boost|p2a: Suicune|spa|1
|-boost|p2a: Suicune|spd|1
|
|-heal|p1a: Celebi|94/100|[from] item: Leftovers
|-heal|p2a: Suicune|86/100 slp|[from] item: Leftovers
|upkeep
|turn|17
|
|t:|1728077808
|switch|p2a: Metagross|Metagross|100/100
|move|p1a: Celebi|Calm Mind|p1a: Celebi
|-boost|p1a: Celebi|spa|1
|-boost|p1a: Celebi|spd|1
|
|-heal|p1a: Celebi|99/100|[from] item: Leftovers
|upkeep
|turn|18
|
|t:|1728077813
|move|p1a: Celebi|Calm Mind|p1a: Celebi
|-boost|p1a: Celebi|spa|1
|-boost|p1a: Celebi|spd|1
|move|p2a: Metagross|Meteor Mash|p1a: Celebi
|-damage|p1a: Celebi|54/100
|
|-heal|p1a: Celebi|60/100|[from] item: Leftovers
|upkeep
|turn|19
|
|t:|1728077816
|move|p1a: Celebi|Baton Pass|p1a: Celebi
|
|t:|1728077818
|switch|p1a: Charizard|Charizard, M|100/100|[from] Baton Pass
|move|p2a: Metagross|Meteor Mash|p1a: Charizard
|-resisted|p1a: Charizard
|-damage|p1a: Charizard|56/100
|
|-heal|p1a: Charizard|62/100|[from] item: Leftovers
|upkeep
|turn|20
|
|t:|1728077824
|switch|p2a: Blissey|Blissey, F|97/100
|move|p1a: Charizard|Fire Blast|p2a: Blissey
|-damage|p2a: Blissey|51/100
|
|-heal|p1a: Charizard|68/100|[from] item: Leftovers
|-heal|p2a: Blissey|57/100|[from] item: Leftovers
|upkeep
|turn|21
|
|t:|1728077827
|move|p1a: Charizard|Substitute|p1a: Charizard
|-start|p1a: Charizard|Substitute
|-damage|p1a: Charizard|43/100
|move|p2a: Blissey|Soft-Boiled|p2a: Blissey
|-heal|p2a: Blissey|100/100
|
|-heal|p1a: Charizard|49/100|[from] item: Leftovers
|upkeep
|turn|22
|
|t:|1728077835
|-singleturn|p1a: Charizard|move: Focus Punch
|move|p2a: Blissey|Thunderbolt|p1a: Charizard
|-supereffective|p1a: Charizard
|-crit|p1a: Charizard
|-end|p1a: Charizard|Substitute
|move|p1a: Charizard|Focus Punch|p2a: Blissey
|-supereffective|p2a: Blissey
|-damage|p2a: Blissey|42/100
|
|-heal|p1a: Charizard|55/100|[from] item: Leftovers
|-heal|p2a: Blissey|48/100|[from] item: Leftovers
|upkeep
|turn|23
|
|t:|1728077861
|move|p1a: Charizard|Fire Blast|p2a: Blissey
|-damage|p2a: Blissey|1/100
|move|p2a: Blissey|Soft-Boiled|p2a: Blissey
|-heal|p2a: Blissey|51/100
|
|-heal|p1a: Charizard|61/100|[from] item: Leftovers
|-heal|p2a: Blissey|57/100|[from] item: Leftovers
|upkeep
|turn|24
|
|t:|1728077869
|switch|p1a: Celebi|Celebi|60/100
|-damage|p1a: Celebi|47/100|[from] Spikes
|move|p2a: Blissey|Soft-Boiled|p2a: Blissey
|-heal|p2a: Blissey|100/100
|
|-heal|p1a: Celebi|53/100|[from] item: Leftovers
|upkeep
|turn|25
|
|t:|1728077871
|move|p1a: Celebi|Calm Mind|p1a: Celebi
|-boost|p1a: Celebi|spa|1
|-boost|p1a: Celebi|spd|1
|move|p2a: Blissey|Ice Beam|p1a: Celebi
|-supereffective|p1a: Celebi
|-damage|p1a: Celebi|26/100
|
|-heal|p1a: Celebi|32/100|[from] item: Leftovers
|upkeep
|turn|26
|
|t:|1728077876
|move|p1a: Celebi|Calm Mind|p1a: Celebi
|-boost|p1a: Celebi|spa|1
|-boost|p1a: Celebi|spd|1
|move|p2a: Blissey|Ice Beam|p1a: Celebi
|-supereffective|p1a: Celebi
|-damage|p1a: Celebi|11/100
|
|-heal|p1a: Celebi|17/100|[from] item: Leftovers
|upkeep
|turn|27
|
|t:|1728077879
|move|p1a: Celebi|Baton Pass|p1a: Celebi
|
|t:|1728077880
|switch|p1a: Charizard|Charizard, M|61/100|[from] Baton Pass
|move|p2a: Blissey|Ice Beam|p1a: Charizard
|-crit|p1a: Charizard
|-damage|p1a: Charizard|0 fnt
|faint|p1a: Charizard
|c|☆bandoodee|sry
|
|t:|1728077889
|switch|p1a: Swampert|Swampert, M|42/100
|-damage|p1a: Swampert|29/100|[from] Spikes
|
|-heal|p1a: Swampert|35/100|[from] item: Leftovers
|upkeep
|turn|28
|
|t:|1728077893
|switch|p2a: Zapdos|Zapdos|100/100
|move|p1a: Swampert|Earthquake|p2a: Zapdos
|-immune|p2a: Zapdos
|
|-heal|p1a: Swampert|42/100|[from] item: Leftovers
|upkeep
|turn|29
|c|☆YungLindo|nah all g
|
|t:|1728077902
|switch|p1a: Zapdos|Zapdos|100/100
|move|p2a: Zapdos|Substitute|p2a: Zapdos
|-start|p2a: Zapdos|Substitute
|-damage|p2a: Zapdos|76/100
|
|-heal|p2a: Zapdos|82/100|[from] item: Leftovers
|upkeep
|turn|30
|
|t:|1728077905
|move|p2a: Zapdos|Baton Pass|p2a: Zapdos
|
|t:|1728077907
|switch|p2a: Blissey|Blissey, F|100/100|[from] Baton Pass
|move|p1a: Zapdos|Roar|p2a: Blissey
|drag|p2a: Suicune|Suicune|86/100 slp
|
|-heal|p2a: Suicune|92/100 slp|[from] item: Leftovers
|upkeep
|turn|31
|
|t:|1728077915
|switch|p2a: Blissey|Blissey, F|100/100
|move|p1a: Zapdos|Baton Pass|p1a: Zapdos
|
|t:|1728077918
|switch|p1a: Celebi|Celebi|17/100|[from] Baton Pass
|-damage|p1a: Celebi|5/100|[from] Spikes
|
|-heal|p1a: Celebi|11/100|[from] item: Leftovers
|upkeep
|turn|32
|
|t:|1728077922
|move|p1a: Celebi|Calm Mind|p1a: Celebi
|-boost|p1a: Celebi|spa|1
|-boost|p1a: Celebi|spd|1
|move|p2a: Blissey|Ice Beam|p1a: Celebi
|-supereffective|p1a: Celebi
|-damage|p1a: Celebi|0 fnt
|faint|p1a: Celebi
|
|t:|1728077925
|switch|p1a: Swampert|Swampert, M|42/100
|-damage|p1a: Swampert|29/100|[from] Spikes
|
|-heal|p1a: Swampert|35/100|[from] item: Leftovers
|upkeep
|turn|33
|
|t:|1728077931
|move|p1a: Swampert|Earthquake|p2a: Blissey
|-damage|p2a: Blissey|61/100
|move|p2a: Blissey|Calm Mind|p2a: Blissey
|-boost|p2a: Blissey|spa|1
|-boost|p2a: Blissey|spd|1
|
|-heal|p1a: Swampert|42/100|[from] item: Leftovers
|-heal|p2a: Blissey|67/100|[from] item: Leftovers
|upkeep
|turn|34
|
|t:|1728077933
|move|p1a: Swampert|Earthquake|p2a: Blissey
|-damage|p2a: Blissey|25/100
|move|p2a: Blissey|Ice Beam|p1a: Swampert
|-damage|p1a: Swampert|6/100
|-status|p1a: Swampert|frz
|
|-heal|p1a: Swampert|12/100 frz|[from] item: Leftovers
|-heal|p2a: Blissey|32/100|[from] item: Leftovers
|upkeep
|turn|35
|
|t:|1728077938
|cant|p1a: Swampert|frz
|move|p2a: Blissey|Soft-Boiled|p2a: Blissey
|-heal|p2a: Blissey|81/100
|
|-heal|p1a: Swampert|19/100 frz|[from] item: Leftovers
|-heal|p2a: Blissey|88/100|[from] item: Leftovers
|upkeep
|turn|36
|
|t:|1728077946
|-curestatus|p1a: Swampert|frz|[msg]
|move|p1a: Swampert|Earthquake|p2a: Blissey
|-damage|p2a: Blissey|49/100
|move|p2a: Blissey|Calm Mind|p2a: Blissey
|-boost|p2a: Blissey|spa|1
|-boost|p2a: Blissey|spd|1
|
|-heal|p1a: Swampert|25/100|[from] item: Leftovers
|-heal|p2a: Blissey|55/100|[from] item: Leftovers
|upkeep
|turn|37
|
|t:|1728077948
|move|p1a: Swampert|Earthquake|p2a: Blissey
|-damage|p2a: Blissey|16/100
|move|p2a: Blissey|Ice Beam|p1a: Swampert
|-damage|p1a: Swampert|0 fnt
|faint|p1a: Swampert
|
|t:|1728077954
|switch|p1a: Gengar|Gengar, M|100/100
|
|-heal|p2a: Blissey|22/100|[from] item: Leftovers
|upkeep
|turn|38
|-message|YungLindo forfeited.
|
|win|bandoodee
|player|p1|
|c|☆bandoodee|gg
|player|p2|
|player|p2|bandoodee|102|

</script>
<script type="application/json" class="data" id="replaydata-smogtours-gen3ou-794744">
{"id":"smogtours-gen3ou-794744","format":"[Gen 3] OU","players":["YungLindo","bandoodee"],"uploadtime":1728077971,"views":118,"formatid":"gen3ou","rating":null,"private":0,"password":null}
</script>

<script defer src="js/replays.js?9d40a366"></script>
