<!DOCTYPE html>
<meta charset="utf-8" />
<meta name="viewport" content="width=device-width" />

<title>[Gen 3] OU: Lunarvania vs. Yoink 0 - Replays - Pok&eacute;mon Showdown!</title>

<meta name="description" content="Watch a replay of a Pok&eacute;mon battle between Lunarvania and Yoink 0! Format: [Gen 3] OU; Date: Nov 2, 2024" />
<!--

Hey, you! Looking in the source for the replay log?

You can find them in JSON format, just add `.json` at the end of a replay URL.

https://replay.pokemonshowdown.com/gen7randomdoublesbattle-865046831.json

Or, if you only need the log itself, add `.log` instead:

https://replay.pokemonshowdown.com/gen7randomdoublesbattle-865046831.log

-->

<link rel="stylesheet" href="//pokemonshowdown.com/style/global.css?0.023195364461161105" />
<link rel="stylesheet" href="//play.pokemonshowdown.com/style/font-awesome.css?0.13261647063804238" />
<link rel="stylesheet" href="//play.pokemonshowdown.com/style/battle.css?0.8753245789963631" />
<link rel="stylesheet" href="//play.pokemonshowdown.com/style/utilichart.css?0.8627959624976733" />

<!-- Global site tag (gtag.js) - Google Analytics -->
<script async src="https://www.googletagmanager.com/gtag/js?id=UA-26211653-1"></script>
<script>
  window.dataLayer = window.dataLayer || [];
  function gtag(){dataLayer.push(arguments);}
  gtag('js', new Date());

  gtag('config', 'UA-26211653-1');
</script>
<!-- End Google Analytics -->
<!-- Venatus Ad Manager - Install in <HEAD> of page -->
	<script src="https://hb.vntsm.com/v3/live/ad-manager.min.js" type="text/javascript" data-site-id="642aba63ec9a7b11c3c9c1be" data-mode="scan" async></script>
<!-- / Venatus Ad Manager -->

<style>
	@media (max-width:820px) {
		.battle {
			margin: 0 auto;
		}
		.battle-log {
			margin: 7px auto 0;
			max-width: 640px;
			height: 300px;
			position: static;
		}
	}
	.optgroup {
		display: inline-block;
		line-height: 22px;
		font-size: 10pt;
	}
	.optgroup .button {
		height: 25px;
		padding-top: 0;
		padding-bottom: 0;
	}
	.optgroup button.button {
		padding-left: 12px;
		padding-right: 12px;
	}
	.linklist {
		list-style: none;
		margin: 0.5em 0;
		padding: 0;
	}
	.linklist li {
		padding: 2px 0;
	}
	.sidebar {
		float: left;
		width: 320px;
	}
	.bar-wrapper {
		max-width: 1100px;
		margin: 0 auto;
	}
	.bar-wrapper.has-sidebar {
		max-width: 1430px;
	}
	.mainbar {
		margin: 0;
		padding-right: 1px;
	}
	.mainbar.has-sidebar {
		margin-left: 330px;
	}
	@media (min-width: 1511px) {
		.sidebar {
			width: 400px;
		}
		.bar-wrapper.has-sidebar {
			max-width: 1510px;
		}
		.mainbar.has-sidebar {
			margin-left: 410px;
		}
	}
	.section.first-section {
		margin-top: 9px;
	}
	.blocklink small {
		white-space: normal;
	}
	.button {
		vertical-align: middle;
	}
	.replay-controls {
		padding-top: 10px;
	}
	.replay-controls h1 {
		font-size: 16pt;
		font-weight: normal;
		color: #CCC;
	}
	.pagelink {
		text-align: center;
	}
	.pagelink a {
		width: 150px;
	}
	.textbox, .button {
		font-size: 11pt;
		vertical-align: middle;
	}
	@media (max-width: 450px) {
		.button {
			font-size: 9pt;
		}
	}
</style>

<div>

	<header>
		<div class="nav-wrapper"><ul class="nav">
			<li><a class="button nav-first" href="//pokemonshowdown.com/"><img src="//pokemonshowdown.com/images/pokemonshowdownbeta.png" srcset="//pokemonshowdown.com/images/pokemonshowdownbeta.png 1x, //pokemonshowdown.com/images/pokemonshowdownbeta@2x.png 2x" alt="Pok&eacute;mon Showdown" width="146" height="44" /> Home</a></li>
			<li><a class="button" href="//pokemonshowdown.com/dex/">Pok&eacute;dex</a></li>
			<li><a class="button cur" href="/">Replays</a></li>
			<li><a class="button" href="//pokemonshowdown.com/ladder/">Ladder</a></li>
			<li><a class="button nav-last" href="//pokemonshowdown.com/forums/">Forum</a></li>
			<li><a class="button greenbutton nav-first nav-last" href="//play.pokemonshowdown.com/">Play</a></li>
		</ul></div>
	</header>

	<div class="main" id="main">

		<noscript><section class="section">You need to enable JavaScript to use this page; sorry!</section></noscript>

	</div>

</div>

<script defer nomodule src="//play.pokemonshowdown.com/js/lib/ps-polyfill.js"></script>
<script defer src="//play.pokemonshowdown.com/js/lib/preact.min.js"></script>

<script defer src="//play.pokemonshowdown.com/config/config.js?2bddbc15"></script>
<script defer src="//play.pokemonshowdown.com/js/lib/jquery-1.11.0.min.js"></script>
<script defer src="//play.pokemonshowdown.com/js/lib/html-sanitizer-minified.js"></script>
<script defer src="//play.pokemonshowdown.com/js/battle-sound.js"></script>
<script defer src="//play.pokemonshowdown.com/js/battledata.js?0.7209276989879541"></script>
<script defer src="//play.pokemonshowdown.com/data/pokedex-mini.js?0.6111056340867951"></script>
<script defer src="//play.pokemonshowdown.com/data/pokedex-mini-bw.js?0.3532142036491459"></script>
<script defer src="//play.pokemonshowdown.com/data/graphics.js?0.24223875632456182"></script>
<script defer src="//play.pokemonshowdown.com/data/pokedex.js?0.38839984266356864"></script>
<script defer src="//play.pokemonshowdown.com/data/moves.js?0.21866028504024015"></script>
<script defer src="//play.pokemonshowdown.com/data/abilities.js?0.2005157953846628"></script>
<script defer src="//play.pokemonshowdown.com/data/items.js?0.9894211263848525"></script>
<script defer src="//play.pokemonshowdown.com/data/teambuilder-tables.js?0.6008791140282215"></script>
<script defer src="//play.pokemonshowdown.com/js/battle-tooltips.js?0.7580118955022959"></script>
<script defer src="//play.pokemonshowdown.com/js/battle.js?0.6057722274234274"></script>

<script defer src="js/utils.js?e31f9a17"></script>
<script defer src="js/replays-battle.js?7008c182"></script>

<!-- don't scrape this data! just add .json or .log after the URL!
Full API docs: https://github.com/smogon/pokemon-showdown-client/blob/master/WEB-API.md -->
<script type="text/plain" class="log" id="replaylog-smogtours-gen3ou-804027">
|inactive|Battle timer is ON: inactive players will automatically lose when time's up.
|badge|p2|bronze|gen9ou|100-3
|uhtml|medal-msg|<div class="broadcast-blue">Curious what those medals under the avatar are? PS now has Ladder Seasons! For more information, check out the <a href="https://www.smogon.com/forums/threads/3740067/">thread on Smogon.<\/a><\/div>
|t:|1730570905
|gametype|singles
|player|p1|Lunarvania|sage|
|player|p2|Yoink 0|169|
|teamsize|p1|6
|teamsize|p2|6
|gen|3
|tier|[Gen 3] OU
|rule|Sleep Clause Mod: Limit one foe put to sleep
|rule|Switch Priority Clause Mod: Faster Pokémon switch first
|rule|Species Clause: Limit one of each Pokémon
|rule|OHKO Clause: OHKO moves are banned
|rule|Evasion Items Clause: Evasion items are banned
|rule|Evasion Moves Clause: Evasion moves are banned
|rule|Endless Battle Clause: Forcing endless battles is banned
|rule|HP Percentage Mod: HP is shown in percentages
|rule|One Boost Passer Clause: Limit one Baton Passer that has a way to boost its stats
|rule|Freeze Clause Mod: Limit one foe frozen
|
|t:|1730570905
|start
|switch|p1a: Zapdos|Zapdos|100/100
|switch|p2a: Zapdos|Zapdos|100/100
|turn|1
|
|t:|1730570914
|switch|p2a: Snorlax|Snorlax, F, shiny|100/100
|move|p1a: Zapdos|Thunderbolt|p2a: Snorlax
|-damage|p2a: Snorlax|72/100
|-status|p2a: Snorlax|par
|
|-heal|p2a: Snorlax|79/100 par|[from] item: Leftovers
|upkeep
|turn|2
|
|t:|1730570920
|move|p1a: Zapdos|Baton Pass|p1a: Zapdos
|
|t:|1730570926
|switch|p1a: Tyranitar|Tyranitar, M|100/100|[from] Baton Pass
|-weather|Sandstorm|[from] ability: Sand Stream|[of] p1a: Tyranitar
|cant|p2a: Snorlax|par
|
|-weather|Sandstorm|[upkeep]
|-damage|p2a: Snorlax|72/100 par|[from] Sandstorm
|-heal|p2a: Snorlax|79/100 par|[from] item: Leftovers
|upkeep
|turn|3
|
|t:|1730570932
|move|p1a: Tyranitar|Rock Slide|p2a: Snorlax|[miss]
|-miss|p1a: Tyranitar|p2a: Snorlax
|move|p2a: Snorlax|Earthquake|p1a: Tyranitar
|-supereffective|p1a: Tyranitar
|-damage|p1a: Tyranitar|45/100
|
|-weather|Sandstorm|[upkeep]
|-damage|p2a: Snorlax|72/100 par|[from] Sandstorm
|-heal|p1a: Tyranitar|51/100|[from] item: Leftovers
|-heal|p2a: Snorlax|79/100 par|[from] item: Leftovers
|upkeep
|turn|4
|
|t:|1730570949
|switch|p2a: Metagross|Metagross, shiny|100/100
|move|p1a: Tyranitar|Rock Slide|p2a: Metagross
|-resisted|p2a: Metagross
|-damage|p2a: Metagross|84/100
|
|-weather|Sandstorm|[upkeep]
|-heal|p2a: Metagross|90/100|[from] item: Leftovers
|-heal|p1a: Tyranitar|57/100|[from] item: Leftovers
|upkeep
|turn|5
|
|t:|1730570961
|switch|p1a: Zapdos|Zapdos|100/100
|move|p2a: Metagross|Meteor Mash|p1a: Zapdos
|-resisted|p1a: Zapdos
|-damage|p1a: Zapdos|65/100
|
|-weather|Sandstorm|[upkeep]
|-damage|p1a: Zapdos|59/100|[from] Sandstorm
|-heal|p1a: Zapdos|65/100|[from] item: Leftovers
|-heal|p2a: Metagross|96/100|[from] item: Leftovers
|upkeep
|turn|6
|
|t:|1730570993
|move|p1a: Zapdos|Thunderbolt|p2a: Metagross
|-damage|p2a: Metagross|45/100
|move|p2a: Metagross|Rock Slide|p1a: Zapdos
|-supereffective|p1a: Zapdos
|-damage|p1a: Zapdos|0 fnt
|faint|p1a: Zapdos
|inactive|Lunarvania has 270 seconds left.
|
|t:|1730571028
|switch|p1a: Skarmory|Skarmory, F|100/100
|
|-weather|Sandstorm|[upkeep]
|-heal|p2a: Metagross|51/100|[from] item: Leftovers
|upkeep
|turn|7
|
|t:|1730571036
|switch|p2a: Snorlax|Snorlax, F, shiny|79/100 par
|move|p1a: Skarmory|Spikes|p2a: Snorlax
|-sidestart|p2: Yoink 0|Spikes
|
|-weather|Sandstorm|[upkeep]
|-damage|p2a: Snorlax|72/100 par|[from] Sandstorm
|-heal|p2a: Snorlax|79/100 par|[from] item: Leftovers
|upkeep
|turn|8
|
|t:|1730571042
|move|p1a: Skarmory|Spikes|p2a: Snorlax
|-sidestart|p2: Yoink 0|Spikes
|move|p2a: Snorlax|Curse|p2a: Snorlax
|-unboost|p2a: Snorlax|spe|1
|-boost|p2a: Snorlax|atk|1
|-boost|p2a: Snorlax|def|1
|
|-weather|Sandstorm|[upkeep]
|-damage|p2a: Snorlax|72/100 par|[from] Sandstorm
|-heal|p2a: Snorlax|79/100 par|[from] item: Leftovers
|upkeep
|turn|9
|
|t:|1730571045
|move|p1a: Skarmory|Spikes|p2a: Snorlax
|-sidestart|p2: Yoink 0|Spikes
|move|p2a: Snorlax|Self-Destruct|p1a: Skarmory
|-resisted|p1a: Skarmory
|-damage|p1a: Skarmory|0 fnt
|faint|p2a: Snorlax
|faint|p1a: Skarmory
|
|t:|1730571052
|switch|p1a: Tyranitar|Tyranitar, M|57/100
|switch|p2a: Claydol|Claydol|100/100
|
|-weather|Sandstorm|[upkeep]
|-heal|p1a: Tyranitar|64/100|[from] item: Leftovers
|upkeep
|turn|10
|
|t:|1730571060
|move|p2a: Claydol|Rapid Spin|p1a: Tyranitar
|-resisted|p1a: Tyranitar
|-damage|p1a: Tyranitar|62/100
|-sideend|p2: Yoink 0|Spikes|[from] move: Rapid Spin|[of] p2a: Claydol
|move|p1a: Tyranitar|Hidden Power|p2a: Claydol
|-supereffective|p2a: Claydol
|-damage|p2a: Claydol|43/100
|
|-weather|Sandstorm|[upkeep]
|-heal|p2a: Claydol|49/100|[from] item: Leftovers
|-heal|p1a: Tyranitar|68/100|[from] item: Leftovers
|upkeep
|turn|11
|
|t:|1730571079
|switch|p2a: Metagross|Metagross, shiny|51/100
|move|p1a: Tyranitar|Hidden Power|p2a: Metagross
|-damage|p2a: Metagross|29/100
|
|-weather|Sandstorm|[upkeep]
|-heal|p2a: Metagross|35/100|[from] item: Leftovers
|-heal|p1a: Tyranitar|75/100|[from] item: Leftovers
|upkeep
|turn|12
|
|t:|1730571101
|move|p2a: Metagross|Meteor Mash|p1a: Tyranitar
|-supereffective|p1a: Tyranitar
|-damage|p1a: Tyranitar|0 fnt
|faint|p1a: Tyranitar
|
|t:|1730571111
|switch|p1a: Swampert|Swampert, M|100/100
|
|-weather|Sandstorm|[upkeep]
|-heal|p2a: Metagross|41/100|[from] item: Leftovers
|upkeep
|turn|13
|inactive|Yoink 0 has 270 seconds left.
|
|t:|1730571134
|move|p1a: Swampert|Protect|p1a: Swampert
|-singleturn|p1a: Swampert|Protect
|move|p2a: Metagross|Earthquake|p1a: Swampert
|-activate|p1a: Swampert|Protect
|
|-weather|Sandstorm|[upkeep]
|-heal|p2a: Metagross|47/100|[from] item: Leftovers
|upkeep
|turn|14
|
|t:|1730571139
|switch|p2a: Zapdos|Zapdos|100/100
|move|p1a: Swampert|Earthquake|p2a: Zapdos
|-immune|p2a: Zapdos
|
|-weather|Sandstorm|[upkeep]
|-damage|p2a: Zapdos|94/100|[from] Sandstorm
|-heal|p2a: Zapdos|100/100|[from] item: Leftovers
|upkeep
|turn|15
|
|t:|1730571148
|switch|p1a: Blissey|Blissey, F|100/100
|move|p2a: Zapdos|Hidden Power|p1a: Blissey
|-damage|p1a: Blissey|92/100
|
|-weather|Sandstorm|[upkeep]
|-damage|p2a: Zapdos|94/100|[from] Sandstorm
|-damage|p1a: Blissey|86/100|[from] Sandstorm
|-heal|p2a: Zapdos|100/100|[from] item: Leftovers
|-heal|p1a: Blissey|92/100|[from] item: Leftovers
|upkeep
|turn|16
|
|t:|1730571154
|switch|p2a: Metagross|Metagross, shiny|47/100
|move|p1a: Blissey|Thunder Wave|p2a: Metagross
|-status|p2a: Metagross|par
|
|-weather|Sandstorm|[upkeep]
|-damage|p1a: Blissey|86/100|[from] Sandstorm
|-heal|p1a: Blissey|92/100|[from] item: Leftovers
|-heal|p2a: Metagross|53/100 par|[from] item: Leftovers
|upkeep
|turn|17
|
|t:|1730571161
|switch|p1a: Swampert|Swampert, M|100/100
|move|p2a: Metagross|Earthquake|p1a: Swampert
|-damage|p1a: Swampert|74/100
|
|-weather|Sandstorm|[upkeep]
|-heal|p1a: Swampert|80/100|[from] item: Leftovers
|-heal|p2a: Metagross|59/100 par|[from] item: Leftovers
|upkeep
|turn|18
|
|t:|1730571175
|move|p1a: Swampert|Hydro Pump|p2a: Metagross|[miss]
|-miss|p1a: Swampert|p2a: Metagross
|cant|p2a: Metagross|par
|
|-weather|Sandstorm|[upkeep]
|-heal|p1a: Swampert|87/100|[from] item: Leftovers
|-heal|p2a: Metagross|66/100 par|[from] item: Leftovers
|upkeep
|turn|19
|
|t:|1730571180
|move|p1a: Swampert|Hydro Pump|p2a: Metagross
|-damage|p2a: Metagross|27/100 par
|move|p2a: Metagross|Earthquake|p1a: Swampert
|-damage|p1a: Swampert|61/100
|
|-weather|Sandstorm|[upkeep]
|-heal|p1a: Swampert|67/100|[from] item: Leftovers
|-heal|p2a: Metagross|33/100 par|[from] item: Leftovers
|upkeep
|turn|20
|
|t:|1730571187
|move|p1a: Swampert|Earthquake|p2a: Metagross
|-supereffective|p2a: Metagross
|-damage|p2a: Metagross|0 fnt
|faint|p2a: Metagross
|
|t:|1730571191
|switch|p2a: Zapdos|Zapdos|100/100
|
|-weather|Sandstorm|[upkeep]
|-damage|p2a: Zapdos|94/100|[from] Sandstorm
|-heal|p2a: Zapdos|100/100|[from] item: Leftovers
|-heal|p1a: Swampert|73/100|[from] item: Leftovers
|upkeep
|turn|21
|
|t:|1730571193
|switch|p1a: Blissey|Blissey, F|92/100
|move|p2a: Zapdos|Hidden Power|p1a: Blissey
|-damage|p1a: Blissey|84/100
|
|-weather|Sandstorm|[upkeep]
|-damage|p2a: Zapdos|94/100|[from] Sandstorm
|-damage|p1a: Blissey|78/100|[from] Sandstorm
|-heal|p2a: Zapdos|100/100|[from] item: Leftovers
|-heal|p1a: Blissey|84/100|[from] item: Leftovers
|upkeep
|turn|22
|
|t:|1730571200
|move|p2a: Zapdos|Baton Pass|p2a: Zapdos
|
|t:|1730571202
|switch|p2a: Claydol|Claydol|49/100|[from] Baton Pass
|move|p1a: Blissey|Ice Beam|p2a: Claydol
|-supereffective|p2a: Claydol
|-damage|p2a: Claydol|0 fnt
|faint|p2a: Claydol
|
|t:|1730571204
|switch|p2a: Swampert|Swampert, M, shiny|100/100
|
|-weather|Sandstorm|[upkeep]
|-damage|p1a: Blissey|78/100|[from] Sandstorm
|-heal|p1a: Blissey|84/100|[from] item: Leftovers
|upkeep
|turn|23
|
|t:|1730571214
|switch|p1a: Swampert|Swampert, M|73/100
|move|p2a: Swampert|Substitute|p2a: Swampert
|-start|p2a: Swampert|Substitute
|-damage|p2a: Swampert|76/100
|
|-weather|Sandstorm|[upkeep]
|-heal|p1a: Swampert|79/100|[from] item: Leftovers
|upkeep
|turn|24
|
|t:|1730571220
|move|p2a: Swampert|Surf|p1a: Swampert
|-damage|p1a: Swampert|46/100
|move|p1a: Swampert|Earthquake|p2a: Swampert
|-end|p2a: Swampert|Substitute
|
|-weather|Sandstorm|[upkeep]
|-heal|p1a: Swampert|53/100|[from] item: Leftovers
|upkeep
|turn|25
|
|t:|1730571225
|move|p2a: Swampert|Substitute|p2a: Swampert
|-start|p2a: Swampert|Substitute
|-damage|p2a: Swampert|51/100
|move|p1a: Swampert|Earthquake|p2a: Swampert
|-end|p2a: Swampert|Substitute
|
|-weather|Sandstorm|[upkeep]
|-heal|p1a: Swampert|59/100|[from] item: Leftovers
|upkeep
|turn|26
|
|t:|1730571227
|move|p2a: Swampert|Substitute|p2a: Swampert
|-start|p2a: Swampert|Substitute
|-damage|p2a: Swampert|26/100
|move|p1a: Swampert|Earthquake|p2a: Swampert
|-end|p2a: Swampert|Substitute
|
|-weather|Sandstorm|[upkeep]
|-heal|p1a: Swampert|65/100|[from] item: Leftovers
|upkeep
|turn|27
|
|t:|1730571247
|switch|p2a: Zapdos|Zapdos|100/100
|move|p1a: Swampert|Earthquake|p2a: Zapdos
|-immune|p2a: Zapdos
|
|-weather|Sandstorm|[upkeep]
|-damage|p2a: Zapdos|94/100|[from] Sandstorm
|-heal|p2a: Zapdos|100/100|[from] item: Leftovers
|-heal|p1a: Swampert|71/100|[from] item: Leftovers
|upkeep
|turn|28
|
|t:|1730571256
|move|p1a: Swampert|Protect|p1a: Swampert
|-singleturn|p1a: Swampert|Protect
|move|p2a: Zapdos|Baton Pass|p2a: Zapdos
|
|t:|1730571258
|switch|p2a: Swampert|Swampert, M, shiny|26/100|[from] Baton Pass
|
|-weather|Sandstorm|[upkeep]
|-heal|p1a: Swampert|77/100|[from] item: Leftovers
|upkeep
|turn|29
|
|t:|1730571262
|move|p2a: Swampert|Substitute|p2a: Swampert
|-start|p2a: Swampert|Substitute
|-damage|p2a: Swampert|1/100
|move|p1a: Swampert|Earthquake|p2a: Swampert
|-end|p2a: Swampert|Substitute
|
|-weather|Sandstorm|[upkeep]
|-enditem|p2a: Swampert|Salac Berry|[eat]
|-boost|p2a: Swampert|spe|1|[from] item: Salac Berry
|-heal|p1a: Swampert|84/100|[from] item: Leftovers
|upkeep
|turn|30
|
|t:|1730571279
|move|p2a: Swampert|Endeavor|p1a: Swampert
|-damage|p1a: Swampert|1/100
|move|p1a: Swampert|Earthquake|p2a: Swampert
|-damage|p2a: Swampert|0 fnt
|faint|p2a: Swampert
|
|t:|1730571289
|switch|p2a: Tyranitar|Tyranitar, M, shiny|100/100
|
|-weather|Sandstorm|[upkeep]
|-heal|p1a: Swampert|7/100|[from] item: Leftovers
|upkeep
|turn|31
|
|t:|1730571296
|move|p1a: Swampert|Protect|p1a: Swampert
|-singleturn|p1a: Swampert|Protect
|move|p2a: Tyranitar|Earthquake|p1a: Swampert
|-activate|p1a: Swampert|Protect
|
|-weather|Sandstorm|[upkeep]
|-heal|p1a: Swampert|13/100|[from] item: Leftovers
|upkeep
|turn|32
|
|t:|1730571301
|move|p2a: Tyranitar|Earthquake|p1a: Swampert
|-damage|p1a: Swampert|0 fnt
|faint|p1a: Swampert
|
|t:|1730571302
|switch|p1a: Metagross|Metagross|100/100
|
|-weather|Sandstorm|[upkeep]
|upkeep
|turn|33
|
|t:|1730571307
|switch|p2a: Zapdos|Zapdos|100/100
|move|p1a: Metagross|Meteor Mash|p2a: Zapdos
|-resisted|p2a: Zapdos
|-damage|p2a: Zapdos|52/100
|
|-weather|Sandstorm|[upkeep]
|-damage|p2a: Zapdos|46/100|[from] Sandstorm
|-heal|p2a: Zapdos|52/100|[from] item: Leftovers
|upkeep
|turn|34
|
|t:|1730571313
|switch|p1a: Blissey|Blissey, F|84/100
|move|p2a: Zapdos|Thunderbolt|p1a: Blissey
|-damage|p1a: Blissey|69/100
|
|-weather|Sandstorm|[upkeep]
|-damage|p2a: Zapdos|46/100|[from] Sandstorm
|-damage|p1a: Blissey|63/100|[from] Sandstorm
|-heal|p2a: Zapdos|52/100|[from] item: Leftovers
|-heal|p1a: Blissey|69/100|[from] item: Leftovers
|upkeep
|turn|35
|
|t:|1730571318
|move|p2a: Zapdos|Baton Pass|p2a: Zapdos
|
|t:|1730571319
|switch|p2a: Tyranitar|Tyranitar, M, shiny|100/100|[from] Baton Pass
|move|p1a: Blissey|Soft-Boiled|p1a: Blissey
|-heal|p1a: Blissey|100/100
|
|-weather|Sandstorm|[upkeep]
|-damage|p1a: Blissey|94/100|[from] Sandstorm
|-heal|p1a: Blissey|100/100|[from] item: Leftovers
|upkeep
|turn|36
|
|t:|1730571324
|-singleturn|p2a: Tyranitar|move: Focus Punch
|move|p1a: Blissey|Thunder Wave|p2a: Tyranitar
|-status|p2a: Tyranitar|par
|move|p2a: Tyranitar|Focus Punch|p1a: Blissey
|-supereffective|p1a: Blissey
|-damage|p1a: Blissey|0 fnt
|faint|p1a: Blissey
|
|t:|1730571330
|switch|p1a: Metagross|Metagross|100/100
|
|-weather|Sandstorm|[upkeep]
|upkeep
|turn|37
|
|t:|1730571334
|move|p1a: Metagross|Meteor Mash|p2a: Tyranitar|[miss]
|-miss|p1a: Metagross|p2a: Tyranitar
|move|p2a: Tyranitar|Earthquake|p1a: Metagross
|-supereffective|p1a: Metagross
|-damage|p1a: Metagross|34/100
|
|-weather|Sandstorm|[upkeep]
|upkeep
|turn|38
|
|t:|1730571343
|move|p1a: Metagross|Meteor Mash|p2a: Tyranitar
|-supereffective|p2a: Tyranitar
|-damage|p2a: Tyranitar|0 fnt
|faint|p2a: Tyranitar
|
|t:|1730571346
|switch|p2a: Zapdos|Zapdos|52/100
|
|-weather|Sandstorm|[upkeep]
|-damage|p2a: Zapdos|46/100|[from] Sandstorm
|-heal|p2a: Zapdos|52/100|[from] item: Leftovers
|upkeep
|turn|39
|c|☆Yoink 0|mb
|c|☆Yoink 0|ggs
|
|t:|1730571353
|move|p2a: Zapdos|Thunderbolt|p1a: Metagross
|-damage|p1a: Metagross|0 fnt
|faint|p1a: Metagross
|
|win|Yoink 0
|c|☆Lunarvania|gg
|player|p1|

</script>
<script type="application/json" class="data" id="replaydata-smogtours-gen3ou-804027">
{"id":"smogtours-gen3ou-804027","format":"[Gen 3] OU","players":["Lunarvania","Yoink 0"],"uploadtime":1730571353,"views":49,"formatid":"gen3ou","rating":null,"private":0,"password":null}
</script>

<script defer src="js/replays.js?9d40a366"></script>
