<!DOCTYPE html>
<meta charset="utf-8" />
<meta name="viewport" content="width=device-width" />

<title>[Gen 3] OU: Fear vs. CazabichosPablo - Replays - Pok&eacute;mon Showdown!</title>

<meta name="description" content="Watch a replay of a Pok&eacute;mon battle between Fear and CazabichosPablo! Format: [Gen 3] OU; Date: Oct 29, 2024" />
<!--

Hey, you! Looking in the source for the replay log?

You can find them in JSON format, just add `.json` at the end of a replay URL.

https://replay.pokemonshowdown.com/gen7randomdoublesbattle-865046831.json

Or, if you only need the log itself, add `.log` instead:

https://replay.pokemonshowdown.com/gen7randomdoublesbattle-865046831.log

-->

<link rel="stylesheet" href="//pokemonshowdown.com/style/global.css?0.023195364461161105" />
<link rel="stylesheet" href="//play.pokemonshowdown.com/style/font-awesome.css?0.13261647063804238" />
<link rel="stylesheet" href="//play.pokemonshowdown.com/style/battle.css?0.8753245789963631" />
<link rel="stylesheet" href="//play.pokemonshowdown.com/style/utilichart.css?0.8627959624976733" />

<!-- Global site tag (gtag.js) - Google Analytics -->
<script async src="https://www.googletagmanager.com/gtag/js?id=UA-26211653-1"></script>
<script>
  window.dataLayer = window.dataLayer || [];
  function gtag(){dataLayer.push(arguments);}
  gtag('js', new Date());

  gtag('config', 'UA-26211653-1');
</script>
<!-- End Google Analytics -->
<!-- Venatus Ad Manager - Install in <HEAD> of page -->
	<script src="https://hb.vntsm.com/v3/live/ad-manager.min.js" type="text/javascript" data-site-id="642aba63ec9a7b11c3c9c1be" data-mode="scan" async></script>
<!-- / Venatus Ad Manager -->

<style>
	@media (max-width:820px) {
		.battle {
			margin: 0 auto;
		}
		.battle-log {
			margin: 7px auto 0;
			max-width: 640px;
			height: 300px;
			position: static;
		}
	}
	.optgroup {
		display: inline-block;
		line-height: 22px;
		font-size: 10pt;
	}
	.optgroup .button {
		height: 25px;
		padding-top: 0;
		padding-bottom: 0;
	}
	.optgroup button.button {
		padding-left: 12px;
		padding-right: 12px;
	}
	.linklist {
		list-style: none;
		margin: 0.5em 0;
		padding: 0;
	}
	.linklist li {
		padding: 2px 0;
	}
	.sidebar {
		float: left;
		width: 320px;
	}
	.bar-wrapper {
		max-width: 1100px;
		margin: 0 auto;
	}
	.bar-wrapper.has-sidebar {
		max-width: 1430px;
	}
	.mainbar {
		margin: 0;
		padding-right: 1px;
	}
	.mainbar.has-sidebar {
		margin-left: 330px;
	}
	@media (min-width: 1511px) {
		.sidebar {
			width: 400px;
		}
		.bar-wrapper.has-sidebar {
			max-width: 1510px;
		}
		.mainbar.has-sidebar {
			margin-left: 410px;
		}
	}
	.section.first-section {
		margin-top: 9px;
	}
	.blocklink small {
		white-space: normal;
	}
	.button {
		vertical-align: middle;
	}
	.replay-controls {
		padding-top: 10px;
	}
	.replay-controls h1 {
		font-size: 16pt;
		font-weight: normal;
		color: #CCC;
	}
	.pagelink {
		text-align: center;
	}
	.pagelink a {
		width: 150px;
	}
	.textbox, .button {
		font-size: 11pt;
		vertical-align: middle;
	}
	@media (max-width: 450px) {
		.button {
			font-size: 9pt;
		}
	}
</style>

<div>

	<header>
		<div class="nav-wrapper"><ul class="nav">
			<li><a class="button nav-first" href="//pokemonshowdown.com/"><img src="//pokemonshowdown.com/images/pokemonshowdownbeta.png" srcset="//pokemonshowdown.com/images/pokemonshowdownbeta.png 1x, //pokemonshowdown.com/images/pokemonshowdownbeta@2x.png 2x" alt="Pok&eacute;mon Showdown" width="146" height="44" /> Home</a></li>
			<li><a class="button" href="//pokemonshowdown.com/dex/">Pok&eacute;dex</a></li>
			<li><a class="button cur" href="/">Replays</a></li>
			<li><a class="button" href="//pokemonshowdown.com/ladder/">Ladder</a></li>
			<li><a class="button nav-last" href="//pokemonshowdown.com/forums/">Forum</a></li>
			<li><a class="button greenbutton nav-first nav-last" href="//play.pokemonshowdown.com/">Play</a></li>
		</ul></div>
	</header>

	<div class="main" id="main">

		<noscript><section class="section">You need to enable JavaScript to use this page; sorry!</section></noscript>

	</div>

</div>

<script defer nomodule src="//play.pokemonshowdown.com/js/lib/ps-polyfill.js"></script>
<script defer src="//play.pokemonshowdown.com/js/lib/preact.min.js"></script>

<script defer src="//play.pokemonshowdown.com/config/config.js?2bddbc15"></script>
<script defer src="//play.pokemonshowdown.com/js/lib/jquery-1.11.0.min.js"></script>
<script defer src="//play.pokemonshowdown.com/js/lib/html-sanitizer-minified.js"></script>
<script defer src="//play.pokemonshowdown.com/js/battle-sound.js"></script>
<script defer src="//play.pokemonshowdown.com/js/battledata.js?0.7209276989879541"></script>
<script defer src="//play.pokemonshowdown.com/data/pokedex-mini.js?0.6111056340867951"></script>
<script defer src="//play.pokemonshowdown.com/data/pokedex-mini-bw.js?0.3532142036491459"></script>
<script defer src="//play.pokemonshowdown.com/data/graphics.js?0.24223875632456182"></script>
<script defer src="//play.pokemonshowdown.com/data/pokedex.js?0.38839984266356864"></script>
<script defer src="//play.pokemonshowdown.com/data/moves.js?0.21866028504024015"></script>
<script defer src="//play.pokemonshowdown.com/data/abilities.js?0.2005157953846628"></script>
<script defer src="//play.pokemonshowdown.com/data/items.js?0.9894211263848525"></script>
<script defer src="//play.pokemonshowdown.com/data/teambuilder-tables.js?0.6008791140282215"></script>
<script defer src="//play.pokemonshowdown.com/js/battle-tooltips.js?0.7580118955022959"></script>
<script defer src="//play.pokemonshowdown.com/js/battle.js?0.6057722274234274"></script>

<script defer src="js/utils.js?e31f9a17"></script>
<script defer src="js/replays-battle.js?7008c182"></script>

<!-- don't scrape this data! just add .json or .log after the URL!
Full API docs: https://github.com/smogon/pokemon-showdown-client/blob/master/WEB-API.md -->
<script type="text/plain" class="log" id="replaylog-smogtours-gen3ou-803293">
|inactive|Battle timer is ON: inactive players will automatically lose when time's up.
|t:|1730232578
|gametype|singles
|player|p1|Fear|#gscpl3ironmanmachamps|
|player|p2|CazabichosPablo|265|
|teamsize|p1|6
|teamsize|p2|6
|gen|3
|tier|[Gen 3] OU
|rule|Sleep Clause Mod: Limit one foe put to sleep
|rule|Switch Priority Clause Mod: Faster Pokémon switch first
|rule|Species Clause: Limit one of each Pokémon
|rule|OHKO Clause: OHKO moves are banned
|rule|Evasion Items Clause: Evasion items are banned
|rule|Evasion Moves Clause: Evasion moves are banned
|rule|Endless Battle Clause: Forcing endless battles is banned
|rule|HP Percentage Mod: HP is shown in percentages
|rule|One Boost Passer Clause: Limit one Baton Passer that has a way to boost its stats
|rule|Freeze Clause Mod: Limit one foe frozen
|
|t:|1730232578
|start
|switch|p1a: Raksas|Zapdos|100/100
|switch|p2a: Machamp|Machamp, M|100/100
|turn|1
|
|t:|1730232600
|switch|p2a: Metagross|Metagross|100/100
|move|p1a: Raksas|Thunderbolt|p2a: Metagross
|-damage|p2a: Metagross|49/100
|
|upkeep
|turn|2
|
|t:|1730232607
|switch|p2a: Claydol|Claydol|100/100
|move|p1a: Raksas|Thunderbolt|p2a: Claydol
|-immune|p2a: Claydol
|
|upkeep
|turn|3
|
|t:|1730232611
|move|p1a: Raksas|Substitute|p1a: Raksas
|-start|p1a: Raksas|Substitute
|-damage|p1a: Raksas|76/100
|move|p2a: Claydol|Psychic|p1a: Raksas
|-crit|p1a: Raksas
|-end|p1a: Raksas|Substitute
|
|-heal|p1a: Raksas|82/100|[from] item: Leftovers
|upkeep
|turn|4
|
|t:|1730232621
|switch|p2a: Snorlax|Snorlax, F|100/100
|move|p1a: Raksas|Baton Pass|p1a: Raksas
|
|t:|1730232624
|switch|p1a: Serpico|Breloom, M, shiny|100/100|[from] Baton Pass
|
|upkeep
|turn|5
|
|t:|1730232637
|switch|p2a: Metagross|Metagross|49/100
|move|p1a: Serpico|Spore|p2a: Metagross
|-status|p2a: Metagross|slp|[from] move: Spore
|
|upkeep
|turn|6
|
|t:|1730232643
|-singleturn|p1a: Serpico|move: Focus Punch
|switch|p2a: Claydol|Claydol|100/100
|move|p1a: Serpico|Focus Punch|p2a: Claydol
|-resisted|p2a: Claydol
|-damage|p2a: Claydol|54/100
|
|-heal|p2a: Claydol|60/100|[from] item: Leftovers
|upkeep
|turn|7
|inactive|Fear has 270 seconds left.
|
|t:|1730232681
|switch|p1a: Zodd|Tyranitar, M|100/100
|-weather|Sandstorm|[from] ability: Sand Stream|[of] p1a: Zodd
|move|p2a: Claydol|Psychic|p1a: Zodd
|-immune|p1a: Zodd
|
|-weather|Sandstorm|[upkeep]
|-heal|p2a: Claydol|67/100|[from] item: Leftovers
|upkeep
|turn|8
|inactive|Fear has 270 seconds left.
|
|t:|1730232689
|move|p2a: Claydol|Earthquake|p1a: Zodd
|-supereffective|p1a: Zodd
|-damage|p1a: Zodd|46/100
|move|p1a: Zodd|Crunch|p2a: Claydol
|-supereffective|p2a: Claydol
|-damage|p2a: Claydol|3/100
|
|-weather|Sandstorm|[upkeep]
|-heal|p2a: Claydol|9/100|[from] item: Leftovers
|-heal|p1a: Zodd|52/100|[from] item: Leftovers
|upkeep
|turn|9
|
|t:|1730232694
|move|p2a: Claydol|Earthquake|p1a: Zodd
|-supereffective|p1a: Zodd
|-damage|p1a: Zodd|0 fnt
|faint|p1a: Zodd
|
|t:|1730232697
|switch|p1a: Raksas|Zapdos|82/100
|
|-weather|Sandstorm|[upkeep]
|-damage|p1a: Raksas|76/100|[from] Sandstorm
|-heal|p1a: Raksas|82/100|[from] item: Leftovers
|-heal|p2a: Claydol|16/100|[from] item: Leftovers
|upkeep
|turn|10
|
|t:|1730232702
|move|p1a: Raksas|Hidden Power|p2a: Claydol
|-supereffective|p2a: Claydol
|-damage|p2a: Claydol|0 fnt
|faint|p2a: Claydol
|
|t:|1730232706
|switch|p2a: Snorlax|Snorlax, F|100/100
|
|-weather|Sandstorm|[upkeep]
|-damage|p1a: Raksas|76/100|[from] Sandstorm
|-damage|p2a: Snorlax|94/100|[from] Sandstorm
|-heal|p1a: Raksas|82/100|[from] item: Leftovers
|-heal|p2a: Snorlax|100/100|[from] item: Leftovers
|upkeep
|turn|11
|
|t:|1730232709
|move|p1a: Raksas|Baton Pass|p1a: Raksas
|
|t:|1730232718
|switch|p1a: Isidro|Jirachi|100/100|[from] Baton Pass
|move|p2a: Snorlax|Curse|p2a: Snorlax
|-unboost|p2a: Snorlax|spe|1
|-boost|p2a: Snorlax|atk|1
|-boost|p2a: Snorlax|def|1
|
|-weather|Sandstorm|[upkeep]
|-damage|p2a: Snorlax|94/100|[from] Sandstorm
|-heal|p2a: Snorlax|100/100|[from] item: Leftovers
|upkeep
|turn|12
|
|t:|1730232731
|switch|p1a: Gaiseric|Gyarados, M|100/100
|-ability|p1a: Gaiseric|Intimidate|boost
|-unboost|p2a: Snorlax|atk|1
|move|p2a: Snorlax|Earthquake|p1a: Gaiseric
|-immune|p1a: Gaiseric
|
|-weather|Sandstorm|[upkeep]
|-damage|p1a: Gaiseric|94/100|[from] Sandstorm
|-damage|p2a: Snorlax|94/100|[from] Sandstorm
|-heal|p1a: Gaiseric|100/100|[from] item: Leftovers
|-heal|p2a: Snorlax|100/100|[from] item: Leftovers
|upkeep
|turn|13
|
|t:|1730232741
|move|p1a: Gaiseric|Dragon Dance|p1a: Gaiseric
|-boost|p1a: Gaiseric|atk|1
|-boost|p1a: Gaiseric|spe|1
|move|p2a: Snorlax|Curse|p2a: Snorlax
|-unboost|p2a: Snorlax|spe|1
|-boost|p2a: Snorlax|atk|1
|-boost|p2a: Snorlax|def|1
|
|-weather|Sandstorm|[upkeep]
|-damage|p1a: Gaiseric|94/100|[from] Sandstorm
|-damage|p2a: Snorlax|94/100|[from] Sandstorm
|-heal|p1a: Gaiseric|100/100|[from] item: Leftovers
|-heal|p2a: Snorlax|100/100|[from] item: Leftovers
|upkeep
|turn|14
|
|t:|1730232743
|move|p1a: Gaiseric|Earthquake|p2a: Snorlax
|-damage|p2a: Snorlax|78/100
|move|p2a: Snorlax|Return|p1a: Gaiseric
|-damage|p1a: Gaiseric|9/100
|
|-weather|Sandstorm|[upkeep]
|-damage|p1a: Gaiseric|3/100|[from] Sandstorm
|-damage|p2a: Snorlax|72/100|[from] Sandstorm
|-heal|p1a: Gaiseric|9/100|[from] item: Leftovers
|-heal|p2a: Snorlax|78/100|[from] item: Leftovers
|upkeep
|turn|15
|
|t:|1730232746
|move|p1a: Gaiseric|Hyper Beam|p2a: Snorlax
|-damage|p2a: Snorlax|42/100
|-mustrecharge|p1a: Gaiseric
|move|p2a: Snorlax|Return|p1a: Gaiseric
|-damage|p1a: Gaiseric|0 fnt
|faint|p1a: Gaiseric
|
|t:|1730232774
|switch|p1a: Serpico|Breloom, M, shiny|100/100
|
|-weather|Sandstorm|[upkeep]
|-damage|p1a: Serpico|94/100|[from] Sandstorm
|-damage|p2a: Snorlax|35/100|[from] Sandstorm
|-heal|p1a: Serpico|100/100|[from] item: Leftovers
|-heal|p2a: Snorlax|42/100|[from] item: Leftovers
|upkeep
|turn|16
|
|t:|1730232778
|move|p1a: Serpico|Sky Uppercut|p2a: Snorlax
|-supereffective|p2a: Snorlax
|-damage|p2a: Snorlax|0 fnt
|faint|p2a: Snorlax
|
|t:|1730232783
|switch|p2a: Breloom|Breloom, M|100/100
|
|-weather|Sandstorm|[upkeep]
|-damage|p2a: Breloom|94/100|[from] Sandstorm
|-damage|p1a: Serpico|94/100|[from] Sandstorm
|-heal|p2a: Breloom|100/100|[from] item: Leftovers
|-heal|p1a: Serpico|100/100|[from] item: Leftovers
|upkeep
|turn|17
|
|t:|1730232787
|switch|p1a: Isidro|Jirachi|100/100
|move|p2a: Breloom|Spore|p1a: Isidro
|-status|p1a: Isidro|slp|[from] move: Spore
|
|-weather|Sandstorm|[upkeep]
|-damage|p2a: Breloom|94/100|[from] Sandstorm
|-heal|p2a: Breloom|100/100|[from] item: Leftovers
|upkeep
|turn|18
|
|t:|1730232798
|switch|p2a: Machamp|Machamp, M|100/100
|cant|p1a: Isidro|slp
|
|-weather|Sandstorm|[upkeep]
|-damage|p2a: Machamp|94/100|[from] Sandstorm
|-heal|p2a: Machamp|100/100|[from] item: Leftovers
|upkeep
|turn|19
|
|t:|1730232813
|switch|p1a: Raksas|Zapdos|82/100
|move|p2a: Machamp|Bulk Up|p2a: Machamp
|-boost|p2a: Machamp|atk|1
|-boost|p2a: Machamp|def|1
|
|-weather|Sandstorm|[upkeep]
|-damage|p1a: Raksas|76/100|[from] Sandstorm
|-damage|p2a: Machamp|94/100|[from] Sandstorm
|-heal|p1a: Raksas|82/100|[from] item: Leftovers
|-heal|p2a: Machamp|100/100|[from] item: Leftovers
|upkeep
|turn|20
|
|t:|1730232817
|move|p1a: Raksas|Thunderbolt|p2a: Machamp
|-damage|p2a: Machamp|50/100
|move|p2a: Machamp|Rock Slide|p1a: Raksas
|-supereffective|p1a: Raksas
|-damage|p1a: Raksas|0 fnt
|faint|p1a: Raksas
|
|t:|1730232829
|switch|p1a: Ubik|Dugtrio, M|100/100
|
|-weather|Sandstorm|[upkeep]
|-damage|p2a: Machamp|43/100|[from] Sandstorm
|-heal|p2a: Machamp|50/100|[from] item: Leftovers
|upkeep
|turn|21
|
|t:|1730232832
|move|p1a: Ubik|Earthquake|p2a: Machamp
|-damage|p2a: Machamp|11/100
|move|p2a: Machamp|Revenge|p1a: Ubik
|-damage|p1a: Ubik|0 fnt
|faint|p1a: Ubik
|
|t:|1730232840
|switch|p1a: Serpico|Breloom, M, shiny|100/100
|
|-weather|Sandstorm|[upkeep]
|-damage|p1a: Serpico|94/100|[from] Sandstorm
|-damage|p2a: Machamp|4/100|[from] Sandstorm
|-heal|p1a: Serpico|100/100|[from] item: Leftovers
|-heal|p2a: Machamp|11/100|[from] item: Leftovers
|upkeep
|turn|22
|
|t:|1730232845
|move|p1a: Serpico|Sky Uppercut|p2a: Machamp
|-damage|p2a: Machamp|0 fnt
|faint|p2a: Machamp
|
|t:|1730232849
|switch|p2a: Breloom|Breloom, M|100/100
|
|-weather|Sandstorm|[upkeep]
|-damage|p2a: Breloom|94/100|[from] Sandstorm
|-damage|p1a: Serpico|94/100|[from] Sandstorm
|-heal|p2a: Breloom|100/100|[from] item: Leftovers
|-heal|p1a: Serpico|100/100|[from] item: Leftovers
|upkeep
|turn|23
|inactive|Fear has 270 seconds left.
|
|t:|1730232881
|move|p2a: Breloom|Sky Uppercut|p1a: Serpico
|-damage|p1a: Serpico|34/100
|move|p1a: Serpico|Sky Uppercut|p2a: Breloom
|-damage|p2a: Breloom|21/100
|
|-weather|Sandstorm|[upkeep]
|-damage|p2a: Breloom|15/100|[from] Sandstorm
|-damage|p1a: Serpico|28/100|[from] Sandstorm
|-heal|p2a: Breloom|21/100|[from] item: Leftovers
|-heal|p1a: Serpico|34/100|[from] item: Leftovers
|upkeep
|turn|24
|inactive|Fear has 270 seconds left.
|inactive|Fear has 240 seconds left.
|
|t:|1730232946
|switch|p1a: Isidro|Jirachi|100/100 slp
|move|p2a: Breloom|Mach Punch|p1a: Isidro
|-damage|p1a: Isidro|83/100 slp
|
|-weather|Sandstorm|[upkeep]
|-damage|p2a: Breloom|15/100|[from] Sandstorm
|-heal|p1a: Isidro|90/100 slp|[from] item: Leftovers
|-heal|p2a: Breloom|21/100|[from] item: Leftovers
|upkeep
|turn|25
|inactive|Fear has 210 seconds left.
|inactive|CazabichosPablo has 270 seconds left.
|
|t:|1730232985
|switch|p2a: Tyranitar|Tyranitar, M|100/100
|cant|p1a: Isidro|slp
|
|-weather|Sandstorm|[upkeep]
|-heal|p1a: Isidro|96/100 slp|[from] item: Leftovers
|upkeep
|turn|26
|inactive|Fear has 210 seconds left.
|inactive|CazabichosPablo has 270 seconds left.
|inactive|Fear has 180 seconds left.
|inactive|Fear has 150 seconds left.
|
|t:|1730233067
|switch|p1a: Serpico|Breloom, M, shiny|34/100
|move|p2a: Tyranitar|Dragon Dance|p2a: Tyranitar
|-boost|p2a: Tyranitar|atk|1
|-boost|p2a: Tyranitar|spe|1
|
|-weather|Sandstorm|[upkeep]
|-damage|p1a: Serpico|28/100|[from] Sandstorm
|-heal|p1a: Serpico|34/100|[from] item: Leftovers
|upkeep
|turn|27
|inactive|CazabichosPablo has 270 seconds left.
|
|t:|1730233099
|move|p1a: Serpico|Mach Punch|p2a: Tyranitar
|-supereffective|p2a: Tyranitar
|-damage|p2a: Tyranitar|20/100
|move|p2a: Tyranitar|Earthquake|p1a: Serpico
|-resisted|p1a: Serpico
|-damage|p1a: Serpico|0 fnt
|faint|p1a: Serpico
|inactive|Fear has 150 seconds left.
|
|t:|1730233125
|switch|p1a: Isidro|Jirachi|96/100 slp
|
|-weather|Sandstorm|[upkeep]
|-heal|p1a: Isidro|100/100 slp|[from] item: Leftovers
|upkeep
|turn|28
|
|t:|1730233127
|move|p2a: Tyranitar|Earthquake|p1a: Isidro
|-supereffective|p1a: Isidro
|-damage|p1a: Isidro|19/100 slp
|-curestatus|p1a: Isidro|slp|[msg]
|move|p1a: Isidro|Hidden Power|p2a: Tyranitar
|-supereffective|p2a: Tyranitar
|-damage|p2a: Tyranitar|0 fnt
|faint|p2a: Tyranitar
|inactive|CazabichosPablo has 240 seconds left.
|inactive|CazabichosPablo has 210 seconds left.
|
|t:|1730233206
|switch|p2a: Breloom|Breloom, M|21/100
|
|-weather|Sandstorm|[upkeep]
|-damage|p2a: Breloom|15/100|[from] Sandstorm
|-heal|p1a: Isidro|25/100|[from] item: Leftovers
|-heal|p2a: Breloom|21/100|[from] item: Leftovers
|upkeep
|turn|29
|inactive|Fear has 150 seconds left.
|
|t:|1730233221
|move|p1a: Isidro|Ice Punch|p2a: Breloom
|-supereffective|p2a: Breloom
|-damage|p2a: Breloom|0 fnt
|faint|p2a: Breloom
|
|t:|1730233224
|switch|p2a: Metagross|Metagross|49/100 slp
|
|-weather|Sandstorm|[upkeep]
|-heal|p1a: Isidro|32/100|[from] item: Leftovers
|upkeep
|turn|30
|
|t:|1730233231
|move|p1a: Isidro|Thunder|p2a: Metagross|[miss]
|-miss|p1a: Isidro|p2a: Metagross
|cant|p2a: Metagross|slp
|
|-weather|Sandstorm|[upkeep]
|-heal|p1a: Isidro|38/100|[from] item: Leftovers
|upkeep
|turn|31
|
|t:|1730233233
|move|p1a: Isidro|Thunder|p2a: Metagross
|-damage|p2a: Metagross|13/100 slp
|cant|p2a: Metagross|slp
|
|-weather|Sandstorm|[upkeep]
|-heal|p1a: Isidro|44/100|[from] item: Leftovers
|upkeep
|turn|32
|inactive|Fear has 150 seconds left.
|
|t:|1730233281
|move|p1a: Isidro|Thunder|p2a: Metagross
|-damage|p2a: Metagross|0 fnt
|faint|p2a: Metagross
|
|win|Fear
|c|☆Fear|gg
|c|☆CazabichosPablo|gg

</script>
<script type="application/json" class="data" id="replaydata-smogtours-gen3ou-803293">
{"id":"smogtours-gen3ou-803293","format":"[Gen 3] OU","players":["Fear","CazabichosPablo"],"uploadtime":1730233281,"views":108,"formatid":"gen3ou","rating":null,"private":0,"password":null}
</script>

<script defer src="js/replays.js?9d40a366"></script>
