<!DOCTYPE html>
<meta charset="utf-8" />
<meta name="viewport" content="width=device-width" />

<title>[Gen 3] OU: xtina xendrix vs. xhoshi - Replays - Pok&eacute;mon Showdown!</title>

<meta name="description" content="Watch a replay of a Pok&eacute;mon battle between xtina xendrix and xhoshi! Format: [Gen 3] OU; Date: Nov 4, 2024" />
<!--

Hey, you! Looking in the source for the replay log?

You can find them in JSON format, just add `.json` at the end of a replay URL.

https://replay.pokemonshowdown.com/gen7randomdoublesbattle-865046831.json

Or, if you only need the log itself, add `.log` instead:

https://replay.pokemonshowdown.com/gen7randomdoublesbattle-865046831.log

-->

<link rel="stylesheet" href="//pokemonshowdown.com/style/global.css?0.023195364461161105" />
<link rel="stylesheet" href="//play.pokemonshowdown.com/style/font-awesome.css?0.13261647063804238" />
<link rel="stylesheet" href="//play.pokemonshowdown.com/style/battle.css?0.8753245789963631" />
<link rel="stylesheet" href="//play.pokemonshowdown.com/style/utilichart.css?0.8627959624976733" />

<!-- Global site tag (gtag.js) - Google Analytics -->
<script async src="https://www.googletagmanager.com/gtag/js?id=UA-26211653-1"></script>
<script>
  window.dataLayer = window.dataLayer || [];
  function gtag(){dataLayer.push(arguments);}
  gtag('js', new Date());

  gtag('config', 'UA-26211653-1');
</script>
<!-- End Google Analytics -->
<!-- Venatus Ad Manager - Install in <HEAD> of page -->
	<script src="https://hb.vntsm.com/v3/live/ad-manager.min.js" type="text/javascript" data-site-id="642aba63ec9a7b11c3c9c1be" data-mode="scan" async></script>
<!-- / Venatus Ad Manager -->

<style>
	@media (max-width:820px) {
		.battle {
			margin: 0 auto;
		}
		.battle-log {
			margin: 7px auto 0;
			max-width: 640px;
			height: 300px;
			position: static;
		}
	}
	.optgroup {
		display: inline-block;
		line-height: 22px;
		font-size: 10pt;
	}
	.optgroup .button {
		height: 25px;
		padding-top: 0;
		padding-bottom: 0;
	}
	.optgroup button.button {
		padding-left: 12px;
		padding-right: 12px;
	}
	.linklist {
		list-style: none;
		margin: 0.5em 0;
		padding: 0;
	}
	.linklist li {
		padding: 2px 0;
	}
	.sidebar {
		float: left;
		width: 320px;
	}
	.bar-wrapper {
		max-width: 1100px;
		margin: 0 auto;
	}
	.bar-wrapper.has-sidebar {
		max-width: 1430px;
	}
	.mainbar {
		margin: 0;
		padding-right: 1px;
	}
	.mainbar.has-sidebar {
		margin-left: 330px;
	}
	@media (min-width: 1511px) {
		.sidebar {
			width: 400px;
		}
		.bar-wrapper.has-sidebar {
			max-width: 1510px;
		}
		.mainbar.has-sidebar {
			margin-left: 410px;
		}
	}
	.section.first-section {
		margin-top: 9px;
	}
	.blocklink small {
		white-space: normal;
	}
	.button {
		vertical-align: middle;
	}
	.replay-controls {
		padding-top: 10px;
	}
	.replay-controls h1 {
		font-size: 16pt;
		font-weight: normal;
		color: #CCC;
	}
	.pagelink {
		text-align: center;
	}
	.pagelink a {
		width: 150px;
	}
	.textbox, .button {
		font-size: 11pt;
		vertical-align: middle;
	}
	@media (max-width: 450px) {
		.button {
			font-size: 9pt;
		}
	}
</style>

<div>

	<header>
		<div class="nav-wrapper"><ul class="nav">
			<li><a class="button nav-first" href="//pokemonshowdown.com/"><img src="//pokemonshowdown.com/images/pokemonshowdownbeta.png" srcset="//pokemonshowdown.com/images/pokemonshowdownbeta.png 1x, //pokemonshowdown.com/images/pokemonshowdownbeta@2x.png 2x" alt="Pok&eacute;mon Showdown" width="146" height="44" /> Home</a></li>
			<li><a class="button" href="//pokemonshowdown.com/dex/">Pok&eacute;dex</a></li>
			<li><a class="button cur" href="/">Replays</a></li>
			<li><a class="button" href="//pokemonshowdown.com/ladder/">Ladder</a></li>
			<li><a class="button nav-last" href="//pokemonshowdown.com/forums/">Forum</a></li>
			<li><a class="button greenbutton nav-first nav-last" href="//play.pokemonshowdown.com/">Play</a></li>
		</ul></div>
	</header>

	<div class="main" id="main">

		<noscript><section class="section">You need to enable JavaScript to use this page; sorry!</section></noscript>

	</div>

</div>

<script defer nomodule src="//play.pokemonshowdown.com/js/lib/ps-polyfill.js"></script>
<script defer src="//play.pokemonshowdown.com/js/lib/preact.min.js"></script>

<script defer src="//play.pokemonshowdown.com/config/config.js?2bddbc15"></script>
<script defer src="//play.pokemonshowdown.com/js/lib/jquery-1.11.0.min.js"></script>
<script defer src="//play.pokemonshowdown.com/js/lib/html-sanitizer-minified.js"></script>
<script defer src="//play.pokemonshowdown.com/js/battle-sound.js"></script>
<script defer src="//play.pokemonshowdown.com/js/battledata.js?0.7209276989879541"></script>
<script defer src="//play.pokemonshowdown.com/data/pokedex-mini.js?0.6111056340867951"></script>
<script defer src="//play.pokemonshowdown.com/data/pokedex-mini-bw.js?0.3532142036491459"></script>
<script defer src="//play.pokemonshowdown.com/data/graphics.js?0.24223875632456182"></script>
<script defer src="//play.pokemonshowdown.com/data/pokedex.js?0.38839984266356864"></script>
<script defer src="//play.pokemonshowdown.com/data/moves.js?0.21866028504024015"></script>
<script defer src="//play.pokemonshowdown.com/data/abilities.js?0.2005157953846628"></script>
<script defer src="//play.pokemonshowdown.com/data/items.js?0.9894211263848525"></script>
<script defer src="//play.pokemonshowdown.com/data/teambuilder-tables.js?0.6008791140282215"></script>
<script defer src="//play.pokemonshowdown.com/js/battle-tooltips.js?0.7580118955022959"></script>
<script defer src="//play.pokemonshowdown.com/js/battle.js?0.6057722274234274"></script>

<script defer src="js/utils.js?e31f9a17"></script>
<script defer src="js/replays-battle.js?7008c182"></script>

<!-- don't scrape this data! just add .json or .log after the URL!
Full API docs: https://github.com/smogon/pokemon-showdown-client/blob/master/WEB-API.md -->
<script type="text/plain" class="log" id="replaylog-smogtours-gen3ou-804794">
|inactive|Battle timer is ON: inactive players will automatically lose when time's up.
|t:|1730751203
|gametype|singles
|player|p1|xtina xendrix|lorelei-gen1|
|player|p2|xhoshi|170|
|teamsize|p1|6
|teamsize|p2|6
|gen|3
|tier|[Gen 3] OU
|rule|Sleep Clause Mod: Limit one foe put to sleep
|rule|Switch Priority Clause Mod: Faster Pokémon switch first
|rule|Species Clause: Limit one of each Pokémon
|rule|OHKO Clause: OHKO moves are banned
|rule|Evasion Items Clause: Evasion items are banned
|rule|Evasion Moves Clause: Evasion moves are banned
|rule|Endless Battle Clause: Forcing endless battles is banned
|rule|HP Percentage Mod: HP is shown in percentages
|rule|One Boost Passer Clause: Limit one Baton Passer that has a way to boost its stats
|rule|Freeze Clause Mod: Limit one foe frozen
|
|t:|1730751203
|start
|switch|p1a: Salamence|Salamence, F|100/100
|switch|p2a: Salamence|Salamence, M|100/100
|-ability|p1a: Salamence|Intimidate|boost
|-unboost|p2a: Salamence|atk|1
|-ability|p2a: Salamence|Intimidate|boost
|-unboost|p1a: Salamence|atk|1
|turn|1
|c|☆xtina xendrix|hf!
|inactive|xtina xendrix has 270 seconds left.
|inactive|xhoshi has 270 seconds left.
|c|☆xhoshi|u2 
|c|☆xhoshi|hf
|
|t:|1730751262
|switch|p2a: Jirachi|Jirachi|100/100
|move|p1a: Salamence|Dragon Claw|p2a: Jirachi
|-resisted|p2a: Jirachi
|-damage|p2a: Jirachi|85/100
|
|-heal|p2a: Jirachi|91/100|[from] item: Leftovers
|upkeep
|turn|2
|inactive|xtina xendrix has 270 seconds left.
|inactive|xhoshi has 270 seconds left.
|inactive|xtina xendrix has 240 seconds left.
|inactive|xhoshi has 240 seconds left.
|inactive|xtina xendrix has 210 seconds left.
|inactive|xhoshi has 210 seconds left.
|inactive|xhoshi has 180 seconds left.
|
|t:|1730751402
|switch|p1a: Skarmory|Skarmory, M|100/100
|switch|p2a: Blissey|Blissey, F|100/100
|
|upkeep
|turn|3
|
|t:|1730751407
|switch|p2a: Forretress|Forretress, F|100/100
|move|p1a: Skarmory|Spikes|p2a: Forretress
|-sidestart|p2: xhoshi|Spikes
|
|upkeep
|turn|4
|
|t:|1730751424
|switch|p1a: Salamence|Salamence, F|100/100
|-ability|p1a: Salamence|Intimidate|boost
|-unboost|p2a: Forretress|atk|1
|move|p2a: Forretress|Rapid Spin|p1a: Salamence
|-damage|p1a: Salamence|97/100
|-sideend|p2: xhoshi|Spikes|[from] move: Rapid Spin|[of] p2a: Forretress
|
|-heal|p1a: Salamence|100/100|[from] item: Leftovers
|upkeep
|turn|5
|
|t:|1730751436
|switch|p2a: Blissey|Blissey, F|100/100
|move|p1a: Salamence|Dragon Claw|p2a: Blissey
|-damage|p2a: Blissey|86/100
|
|-heal|p2a: Blissey|92/100|[from] item: Leftovers
|upkeep
|turn|6
|inactive|xtina xendrix has 180 seconds left.
|
|t:|1730751461
|switch|p1a: Tyranitar|Tyranitar, F|100/100
|-weather|Sandstorm|[from] ability: Sand Stream|[of] p1a: Tyranitar
|move|p2a: Blissey|Thunder Wave|p1a: Tyranitar
|-status|p1a: Tyranitar|par
|
|-weather|Sandstorm|[upkeep]
|-damage|p2a: Blissey|86/100|[from] Sandstorm
|-heal|p2a: Blissey|92/100|[from] item: Leftovers
|upkeep
|turn|7
|inactive|xtina xendrix has 180 seconds left.
|inactive|xhoshi has 210 seconds left.
|
|t:|1730751489
|switch|p2a: Forretress|Forretress, F|100/100
|switch|p1a: Salamence|Salamence, F|100/100
|-ability|p1a: Salamence|Intimidate|boost
|-unboost|p2a: Forretress|atk|1
|
|-weather|Sandstorm|[upkeep]
|-damage|p1a: Salamence|94/100|[from] Sandstorm
|-heal|p1a: Salamence|100/100|[from] item: Leftovers
|upkeep
|turn|8
|inactive|xtina xendrix has 180 seconds left.
|
|t:|1730751498
|switch|p2a: Blissey|Blissey, F|92/100
|move|p1a: Salamence|Fire Blast|p2a: Blissey
|-damage|p2a: Blissey|78/100
|
|-weather|Sandstorm|[upkeep]
|-damage|p1a: Salamence|94/100|[from] Sandstorm
|-damage|p2a: Blissey|72/100|[from] Sandstorm
|-heal|p1a: Salamence|100/100|[from] item: Leftovers
|-heal|p2a: Blissey|78/100|[from] item: Leftovers
|upkeep
|turn|9
|
|t:|1730751507
|switch|p1a: Blissey|Blissey, F|100/100
|move|p2a: Blissey|Soft-Boiled|p2a: Blissey
|-heal|p2a: Blissey|100/100
|
|-weather|Sandstorm|[upkeep]
|-damage|p1a: Blissey|94/100|[from] Sandstorm
|-damage|p2a: Blissey|94/100|[from] Sandstorm
|-heal|p1a: Blissey|100/100|[from] item: Leftovers
|-heal|p2a: Blissey|100/100|[from] item: Leftovers
|upkeep
|turn|10
|inactive|xhoshi has 210 seconds left.
|
|t:|1730751519
|switch|p1a: Tyranitar|Tyranitar, F|100/100 par
|move|p2a: Blissey|Seismic Toss|p1a: Tyranitar
|-damage|p1a: Tyranitar|76/100 par
|
|-weather|Sandstorm|[upkeep]
|-damage|p2a: Blissey|94/100|[from] Sandstorm
|-heal|p2a: Blissey|100/100|[from] item: Leftovers
|-heal|p1a: Tyranitar|82/100 par|[from] item: Leftovers
|upkeep
|turn|11
|inactive|xhoshi has 210 seconds left.
|
|t:|1730751533
|move|p1a: Tyranitar|Earthquake|p2a: Blissey
|-damage|p2a: Blissey|68/100
|move|p2a: Blissey|Counter|p1a: Tyranitar
|-damage|p1a: Tyranitar|0 fnt
|faint|p1a: Tyranitar
|inactive|xtina xendrix has 180 seconds left.
|inactive|xtina xendrix has 150 seconds left.
|inactive|xtina xendrix has 120 seconds left.
|
|t:|1730751624
|switch|p1a: Blissey|Blissey, F|100/100
|
|-weather|Sandstorm|[upkeep]
|-damage|p1a: Blissey|94/100|[from] Sandstorm
|-damage|p2a: Blissey|62/100|[from] Sandstorm
|-heal|p1a: Blissey|100/100|[from] item: Leftovers
|-heal|p2a: Blissey|68/100|[from] item: Leftovers
|upkeep
|turn|12
|
|t:|1730751633
|move|p1a: Blissey|Calm Mind|p1a: Blissey
|-boost|p1a: Blissey|spa|1
|-boost|p1a: Blissey|spd|1
|move|p2a: Blissey|Thunder Wave|p1a: Blissey
|-status|p1a: Blissey|par
|
|-weather|Sandstorm|[upkeep]
|-damage|p2a: Blissey|62/100|[from] Sandstorm
|-damage|p1a: Blissey|94/100 par|[from] Sandstorm
|-heal|p2a: Blissey|68/100|[from] item: Leftovers
|-heal|p1a: Blissey|100/100 par|[from] item: Leftovers
|upkeep
|turn|13
|inactive|xhoshi has 210 seconds left.
|inactive|xhoshi has 180 seconds left.
|
|t:|1730751683
|switch|p2a: Salamence|Salamence, M|100/100
|-ability|p2a: Salamence|Intimidate|boost
|-unboost|p1a: Blissey|atk|1
|move|p1a: Blissey|Ice Beam|p2a: Salamence
|-supereffective|p2a: Salamence
|-damage|p2a: Salamence|0 fnt
|faint|p2a: Salamence
|inactive|xhoshi has 180 seconds left.
|
|t:|1730751691
|switch|p2a: Tyranitar|Tyranitar, F|100/100
|
|-weather|Sandstorm|[upkeep]
|-damage|p1a: Blissey|94/100 par|[from] Sandstorm
|-heal|p1a: Blissey|100/100 par|[from] item: Leftovers
|upkeep
|turn|14
|
|t:|1730751699
|switch|p2a: Jirachi|Jirachi|91/100
|cant|p1a: Blissey|par
|
|-weather|Sandstorm|[upkeep]
|-damage|p1a: Blissey|94/100 par|[from] Sandstorm
|-heal|p2a: Jirachi|97/100|[from] item: Leftovers
|-heal|p1a: Blissey|100/100 par|[from] item: Leftovers
|upkeep
|turn|15
|
|t:|1730751703
|move|p2a: Jirachi|Toxic||[still]
|-fail|p2a: Jirachi
|move|p1a: Blissey|Calm Mind|p1a: Blissey
|-boost|p1a: Blissey|spa|1
|-boost|p1a: Blissey|spd|1
|
|-weather|Sandstorm|[upkeep]
|-damage|p1a: Blissey|94/100 par|[from] Sandstorm
|-heal|p2a: Jirachi|100/100|[from] item: Leftovers
|-heal|p1a: Blissey|100/100 par|[from] item: Leftovers
|upkeep
|turn|16
|
|t:|1730751709
|switch|p2a: Forretress|Forretress, F|100/100
|move|p1a: Blissey|Thunderbolt|p2a: Forretress
|-damage|p2a: Forretress|54/100
|
|-weather|Sandstorm|[upkeep]
|-damage|p1a: Blissey|94/100 par|[from] Sandstorm
|-heal|p2a: Forretress|60/100|[from] item: Leftovers
|-heal|p1a: Blissey|100/100 par|[from] item: Leftovers
|upkeep
|turn|17
|inactive|xtina xendrix has 150 seconds left.
|
|t:|1730751738
|-curestatus|p1a: Blissey|par|[from] ability: Natural Cure
|switch|p1a: Skarmory|Skarmory, M|100/100
|move|p2a: Forretress|Spikes|p1a: Skarmory
|-sidestart|p1: xtina xendrix|Spikes
|
|-weather|Sandstorm|[upkeep]
|-heal|p2a: Forretress|67/100|[from] item: Leftovers
|upkeep
|turn|18
|
|t:|1730751744
|move|p1a: Skarmory|Drill Peck|p2a: Forretress
|-damage|p2a: Forretress|50/100
|move|p2a: Forretress|Spikes|p1a: Skarmory
|-sidestart|p1: xtina xendrix|Spikes
|
|-weather|Sandstorm|[upkeep]
|-heal|p2a: Forretress|56/100|[from] item: Leftovers
|upkeep
|turn|19
|
|t:|1730751749
|move|p1a: Skarmory|Spikes|p2a: Forretress
|-sidestart|p2: xhoshi|Spikes
|move|p2a: Forretress|Spikes|p1a: Skarmory
|-sidestart|p1: xtina xendrix|Spikes
|
|-weather|Sandstorm|[upkeep]
|-heal|p2a: Forretress|62/100|[from] item: Leftovers
|upkeep
|turn|20
|
|t:|1730751751
|move|p1a: Skarmory|Drill Peck|p2a: Forretress
|-damage|p2a: Forretress|45/100
|move|p2a: Forretress|Rapid Spin|p1a: Skarmory
|-resisted|p1a: Skarmory
|-damage|p1a: Skarmory|99/100
|-sideend|p2: xhoshi|Spikes|[from] move: Rapid Spin|[of] p2a: Forretress
|
|-weather|Sandstorm|[upkeep]
|-heal|p1a: Skarmory|100/100|[from] item: Leftovers
|-heal|p2a: Forretress|51/100|[from] item: Leftovers
|upkeep
|turn|21
|
|t:|1730751755
|switch|p2a: Jirachi|Jirachi|100/100
|move|p1a: Skarmory|Spikes|p2a: Jirachi
|-sidestart|p2: xhoshi|Spikes
|
|-weather|Sandstorm|[upkeep]
|upkeep
|turn|22
|
|t:|1730751773
|switch|p1a: Claydol|Claydol|100/100
|move|p2a: Jirachi|Toxic|p1a: Claydol
|-status|p1a: Claydol|tox
|
|-weather|Sandstorm|[upkeep]
|-damage|p1a: Claydol|94/100 tox|[from] psn
|upkeep
|turn|23
|
|t:|1730751779
|move|p2a: Jirachi|Protect|p2a: Jirachi
|-singleturn|p2a: Jirachi|Protect
|move|p1a: Claydol|Rapid Spin|p2a: Jirachi
|-activate|p2a: Jirachi|Protect
|
|-weather|Sandstorm|[upkeep]
|-heal|p1a: Claydol|100/100 tox|[from] item: Leftovers
|-damage|p1a: Claydol|88/100 tox|[from] psn
|upkeep
|turn|24
|
|t:|1730751790
|move|p2a: Jirachi|Wish|p2a: Jirachi
|move|p1a: Claydol|Earthquake|p2a: Jirachi
|-supereffective|p2a: Jirachi
|-damage|p2a: Jirachi|60/100
|
|-weather|Sandstorm|[upkeep]
|-heal|p2a: Jirachi|66/100|[from] item: Leftovers
|-heal|p1a: Claydol|94/100 tox|[from] item: Leftovers
|-damage|p1a: Claydol|76/100 tox|[from] psn
|upkeep
|turn|25
|inactive|xtina xendrix has 180 seconds left.
|
|t:|1730751814
|switch|p2a: Forretress|Forretress, F|51/100
|-damage|p2a: Forretress|38/100|[from] Spikes
|switch|p1a: Skarmory|Skarmory, M|100/100
|
|-heal|p2a: Forretress|88/100|[from] move: Wish|[wisher] Jirachi
|-weather|Sandstorm|[upkeep]
|-heal|p2a: Forretress|95/100|[from] item: Leftovers
|upkeep
|turn|26
|
|t:|1730751819
|switch|p1a: Claydol|Claydol|76/100 tox
|move|p2a: Forretress|Rapid Spin|p1a: Claydol
|-crit|p1a: Claydol
|-damage|p1a: Claydol|67/100 tox
|-sideend|p2: xhoshi|Spikes|[from] move: Rapid Spin|[of] p2a: Forretress
|
|-weather|Sandstorm|[upkeep]
|-heal|p1a: Claydol|73/100 tox|[from] item: Leftovers
|-damage|p1a: Claydol|67/100 tox|[from] psn
|-heal|p2a: Forretress|100/100|[from] item: Leftovers
|upkeep
|turn|27
|inactive|xhoshi has 270 seconds left.
|
|t:|1730751829
|move|p1a: Claydol|Rapid Spin|p2a: Forretress
|-resisted|p2a: Forretress
|-damage|p2a: Forretress|99/100
|-sideend|p1: xtina xendrix|Spikes|[from] move: Rapid Spin|[of] p1a: Claydol
|move|p2a: Forretress|Spikes|p1a: Claydol
|-sidestart|p1: xtina xendrix|Spikes
|
|-weather|Sandstorm|[upkeep]
|-heal|p1a: Claydol|73/100 tox|[from] item: Leftovers
|-damage|p1a: Claydol|61/100 tox|[from] psn
|-heal|p2a: Forretress|100/100|[from] item: Leftovers
|upkeep
|turn|28
|
|t:|1730751835
|switch|p1a: Salamence|Salamence, F|100/100
|-ability|p1a: Salamence|Intimidate|boost
|-unboost|p2a: Forretress|atk|1
|move|p2a: Forretress|Spikes|p1a: Salamence
|-sidestart|p1: xtina xendrix|Spikes
|
|-weather|Sandstorm|[upkeep]
|-damage|p1a: Salamence|94/100|[from] Sandstorm
|-heal|p1a: Salamence|100/100|[from] item: Leftovers
|upkeep
|turn|29
|inactive|xhoshi has 270 seconds left.
|
|t:|1730751855
|switch|p2a: Tyranitar|Tyranitar, F|100/100
|move|p1a: Salamence|Brick Break|p2a: Tyranitar
|-supereffective|p2a: Tyranitar
|-damage|p2a: Tyranitar|30/100
|
|-weather|Sandstorm|[upkeep]
|-damage|p1a: Salamence|94/100|[from] Sandstorm
|-heal|p1a: Salamence|100/100|[from] item: Leftovers
|-heal|p2a: Tyranitar|36/100|[from] item: Leftovers
|upkeep
|turn|30
|
|t:|1730751861
|move|p1a: Salamence|Brick Break|p2a: Tyranitar
|-supereffective|p2a: Tyranitar
|-damage|p2a: Tyranitar|0 fnt
|faint|p2a: Tyranitar
|inactive|xhoshi has 270 seconds left.
|
|t:|1730751877
|switch|p2a: Aerodactyl|Aerodactyl, F|100/100
|
|-weather|Sandstorm|[upkeep]
|-damage|p1a: Salamence|94/100|[from] Sandstorm
|-heal|p1a: Salamence|100/100|[from] item: Leftovers
|upkeep
|turn|31
|inactive|xhoshi has 270 seconds left.
|inactive|xtina xendrix has 210 seconds left.
|
|t:|1730751889
|switch|p1a: Metagross|Metagross|100/100
|-damage|p1a: Metagross|84/100|[from] Spikes
|move|p2a: Aerodactyl|Double-Edge|p1a: Metagross
|-resisted|p1a: Metagross
|-damage|p1a: Metagross|65/100
|
|-weather|Sandstorm|[upkeep]
|-heal|p1a: Metagross|71/100|[from] item: Leftovers
|upkeep
|turn|32
|inactive|xtina xendrix has 210 seconds left.
|
|t:|1730751910
|switch|p2a: Forretress|Forretress, F|100/100
|switch|p1a: Salamence|Salamence, F|100/100
|-ability|p1a: Salamence|Intimidate|boost
|-unboost|p2a: Forretress|atk|1
|
|-weather|Sandstorm|[upkeep]
|-damage|p1a: Salamence|94/100|[from] Sandstorm
|-heal|p1a: Salamence|100/100|[from] item: Leftovers
|upkeep
|turn|33
|inactive|xhoshi has 270 seconds left.
|
|t:|1730751940
|switch|p2a: Blissey|Blissey, F|68/100
|move|p1a: Salamence|Fire Blast|p2a: Blissey
|-damage|p2a: Blissey|54/100
|
|-weather|Sandstorm|[upkeep]
|-damage|p1a: Salamence|94/100|[from] Sandstorm
|-damage|p2a: Blissey|48/100|[from] Sandstorm
|-heal|p1a: Salamence|100/100|[from] item: Leftovers
|-heal|p2a: Blissey|54/100|[from] item: Leftovers
|upkeep
|turn|34
|inactive|xtina xendrix has 180 seconds left.
|
|t:|1730751961
|move|p1a: Salamence|Brick Break|p2a: Blissey
|-supereffective|p2a: Blissey
|-damage|p2a: Blissey|13/100
|move|p2a: Blissey|Soft-Boiled|p2a: Blissey
|-heal|p2a: Blissey|63/100
|
|-weather|Sandstorm|[upkeep]
|-damage|p1a: Salamence|94/100|[from] Sandstorm
|-damage|p2a: Blissey|57/100|[from] Sandstorm
|-heal|p1a: Salamence|100/100|[from] item: Leftovers
|-heal|p2a: Blissey|63/100|[from] item: Leftovers
|upkeep
|turn|35
|inactive|xtina xendrix has 180 seconds left.
|
|t:|1730751966
|switch|p1a: Claydol|Claydol|61/100 tox
|move|p2a: Blissey|Counter|p1a: Claydol
|
|-weather|Sandstorm|[upkeep]
|-damage|p2a: Blissey|57/100|[from] Sandstorm
|-heal|p1a: Claydol|67/100 tox|[from] item: Leftovers
|-damage|p1a: Claydol|61/100 tox|[from] psn
|-heal|p2a: Blissey|63/100|[from] item: Leftovers
|upkeep
|turn|36
|
|t:|1730751980
|move|p1a: Claydol|Rapid Spin|p2a: Blissey
|-damage|p2a: Blissey|59/100
|-sideend|p1: xtina xendrix|Spikes|[from] move: Rapid Spin|[of] p1a: Claydol
|move|p2a: Blissey|Soft-Boiled|p2a: Blissey
|-heal|p2a: Blissey|100/100
|
|-weather|Sandstorm|[upkeep]
|-damage|p2a: Blissey|94/100|[from] Sandstorm
|-heal|p1a: Claydol|67/100 tox|[from] item: Leftovers
|-damage|p1a: Claydol|55/100 tox|[from] psn
|-heal|p2a: Blissey|100/100|[from] item: Leftovers
|upkeep
|turn|37
|
|t:|1730751987
|switch|p1a: Blissey|Blissey, F|100/100
|switch|p2a: Forretress|Forretress, F|100/100
|
|-weather|Sandstorm|[upkeep]
|-damage|p1a: Blissey|94/100|[from] Sandstorm
|-heal|p1a: Blissey|100/100|[from] item: Leftovers
|upkeep
|turn|38
|
|t:|1730752005
|move|p1a: Blissey|Calm Mind|p1a: Blissey
|-boost|p1a: Blissey|spa|1
|-boost|p1a: Blissey|spd|1
|move|p2a: Forretress|Spikes|p1a: Blissey
|-sidestart|p1: xtina xendrix|Spikes
|
|-weather|Sandstorm|[upkeep]
|-damage|p1a: Blissey|94/100|[from] Sandstorm
|-heal|p1a: Blissey|100/100|[from] item: Leftovers
|upkeep
|turn|39
|inactive|xtina xendrix has 180 seconds left.
|
|t:|1730752041
|move|p1a: Blissey|Thunderbolt|p2a: Forretress
|-damage|p2a: Forretress|65/100
|move|p2a: Forretress|Spikes|p1a: Blissey
|-sidestart|p1: xtina xendrix|Spikes
|
|-weather|Sandstorm|[upkeep]
|-damage|p1a: Blissey|94/100|[from] Sandstorm
|-heal|p1a: Blissey|100/100|[from] item: Leftovers
|-heal|p2a: Forretress|71/100|[from] item: Leftovers
|upkeep
|turn|40
|
|t:|1730752047
|move|p1a: Blissey|Thunderbolt|p2a: Forretress
|-damage|p2a: Forretress|38/100
|move|p2a: Forretress|Spikes|p1a: Blissey
|-sidestart|p1: xtina xendrix|Spikes
|
|-weather|Sandstorm|[upkeep]
|-damage|p1a: Blissey|94/100|[from] Sandstorm
|-heal|p1a: Blissey|100/100|[from] item: Leftovers
|-heal|p2a: Forretress|44/100|[from] item: Leftovers
|upkeep
|turn|41
|
|t:|1730752051
|move|p1a: Blissey|Calm Mind|p1a: Blissey
|-boost|p1a: Blissey|spa|1
|-boost|p1a: Blissey|spd|1
|move|p2a: Forretress|Explosion|p1a: Blissey
|-damage|p1a: Blissey|0 fnt
|faint|p2a: Forretress
|faint|p1a: Blissey
|c|☆xtina xendrix|oh nah
|c|☆xtina xendrix|you did have it
|c|☆xtina xendrix|ok
|
|t:|1730752069
|switch|p1a: Salamence|Salamence, F|100/100
|switch|p2a: Aerodactyl|Aerodactyl, F|100/100
|-ability|p1a: Salamence|Intimidate|boost
|-unboost|p2a: Aerodactyl|atk|1
|
|-weather|Sandstorm|[upkeep]
|-damage|p1a: Salamence|94/100|[from] Sandstorm
|-heal|p1a: Salamence|100/100|[from] item: Leftovers
|upkeep
|turn|42
|
|t:|1730752081
|switch|p1a: Skarmory|Skarmory, M|100/100
|move|p2a: Aerodactyl|Double-Edge|p1a: Skarmory
|-resisted|p1a: Skarmory
|-damage|p1a: Skarmory|86/100
|
|-weather|Sandstorm|[upkeep]
|-heal|p1a: Skarmory|92/100|[from] item: Leftovers
|upkeep
|turn|43
|
|t:|1730752087
|switch|p2a: Jirachi|Jirachi|66/100
|move|p1a: Skarmory|Spikes|p2a: Jirachi
|-sidestart|p2: xhoshi|Spikes
|
|-weather|Sandstorm|[upkeep]
|-heal|p2a: Jirachi|72/100|[from] item: Leftovers
|-heal|p1a: Skarmory|98/100|[from] item: Leftovers
|upkeep
|turn|44
|
|t:|1730752091
|move|p2a: Jirachi|Fire Punch|p1a: Skarmory
|-supereffective|p1a: Skarmory
|-damage|p1a: Skarmory|66/100
|move|p1a: Skarmory|Spikes|p2a: Jirachi
|-sidestart|p2: xhoshi|Spikes
|
|-weather|Sandstorm|[upkeep]
|-heal|p2a: Jirachi|78/100|[from] item: Leftovers
|-heal|p1a: Skarmory|72/100|[from] item: Leftovers
|upkeep
|turn|45
|
|t:|1730752095
|move|p2a: Jirachi|Fire Punch|p1a: Skarmory
|-supereffective|p1a: Skarmory
|-damage|p1a: Skarmory|39/100
|move|p1a: Skarmory|Spikes|p2a: Jirachi
|-sidestart|p2: xhoshi|Spikes
|
|-weather|Sandstorm|[upkeep]
|-heal|p2a: Jirachi|85/100|[from] item: Leftovers
|-heal|p1a: Skarmory|45/100|[from] item: Leftovers
|upkeep
|turn|46
|
|t:|1730752099
|switch|p1a: Claydol|Claydol|55/100 tox
|move|p2a: Jirachi|Fire Punch|p1a: Claydol
|-damage|p1a: Claydol|39/100 tox
|
|-weather|Sandstorm|[upkeep]
|-heal|p2a: Jirachi|91/100|[from] item: Leftovers
|-heal|p1a: Claydol|45/100 tox|[from] item: Leftovers
|-damage|p1a: Claydol|39/100 tox|[from] psn
|upkeep
|turn|47
|
|t:|1730752104
|move|p2a: Jirachi|Protect|p2a: Jirachi
|-singleturn|p2a: Jirachi|Protect
|move|p1a: Claydol|Rapid Spin|p2a: Jirachi
|-activate|p2a: Jirachi|Protect
|
|-weather|Sandstorm|[upkeep]
|-heal|p2a: Jirachi|97/100|[from] item: Leftovers
|-heal|p1a: Claydol|45/100 tox|[from] item: Leftovers
|-damage|p1a: Claydol|33/100 tox|[from] psn
|upkeep
|turn|48
|
|t:|1730752109
|move|p2a: Jirachi|Wish|p2a: Jirachi
|move|p1a: Claydol|Rapid Spin|p2a: Jirachi
|-resisted|p2a: Jirachi
|-damage|p2a: Jirachi|96/100
|-sideend|p1: xtina xendrix|Spikes|[from] move: Rapid Spin|[of] p1a: Claydol
|
|-weather|Sandstorm|[upkeep]
|-heal|p2a: Jirachi|100/100|[from] item: Leftovers
|-heal|p1a: Claydol|39/100 tox|[from] item: Leftovers
|-damage|p1a: Claydol|20/100 tox|[from] psn
|upkeep
|turn|49
|
|t:|1730752131
|switch|p1a: Salamence|Salamence, F|100/100
|-ability|p1a: Salamence|Intimidate|boost
|-unboost|p2a: Jirachi|atk|1
|move|p2a: Jirachi|Fire Punch|p1a: Salamence
|-resisted|p1a: Salamence
|-damage|p1a: Salamence|89/100
|
|-weather|Sandstorm|[upkeep]
|-damage|p1a: Salamence|83/100|[from] Sandstorm
|-heal|p1a: Salamence|89/100|[from] item: Leftovers
|upkeep
|turn|50
|
|t:|1730752141
|switch|p1a: Metagross|Metagross|71/100
|move|p2a: Jirachi|Protect||[still]
|-fail|p2a: Jirachi
|
|-weather|Sandstorm|[upkeep]
|-heal|p1a: Metagross|77/100|[from] item: Leftovers
|upkeep
|turn|51
|
|t:|1730752145
|move|p1a: Metagross|Protect|p1a: Metagross
|-singleturn|p1a: Metagross|Protect
|move|p2a: Jirachi|Fire Punch|p1a: Metagross
|-activate|p1a: Metagross|Protect
|
|-weather|Sandstorm|[upkeep]
|-heal|p1a: Metagross|83/100|[from] item: Leftovers
|upkeep
|turn|52
|
|t:|1730752148
|move|p2a: Jirachi|Fire Punch|p1a: Metagross
|-supereffective|p1a: Metagross
|-damage|p1a: Metagross|46/100
|move|p1a: Metagross|Earthquake|p2a: Jirachi
|-supereffective|p2a: Jirachi
|-damage|p2a: Jirachi|60/100
|
|-weather|Sandstorm|[upkeep]
|-heal|p2a: Jirachi|66/100|[from] item: Leftovers
|-heal|p1a: Metagross|52/100|[from] item: Leftovers
|upkeep
|turn|53
|
|t:|1730752158
|move|p2a: Jirachi|Wish|p2a: Jirachi
|move|p1a: Metagross|Meteor Mash|p2a: Jirachi
|-resisted|p2a: Jirachi
|-crit|p2a: Jirachi
|-damage|p2a: Jirachi|34/100
|
|-weather|Sandstorm|[upkeep]
|-heal|p2a: Jirachi|40/100|[from] item: Leftovers
|-heal|p1a: Metagross|58/100|[from] item: Leftovers
|upkeep
|turn|54
|
|t:|1730752167
|move|p2a: Jirachi|Protect|p2a: Jirachi
|-singleturn|p2a: Jirachi|Protect
|move|p1a: Metagross|Earthquake|p2a: Jirachi
|-activate|p2a: Jirachi|Protect
|
|-heal|p2a: Jirachi|90/100|[from] move: Wish|[wisher] Jirachi
|-weather|Sandstorm|[upkeep]
|-heal|p2a: Jirachi|96/100|[from] item: Leftovers
|-heal|p1a: Metagross|64/100|[from] item: Leftovers
|upkeep
|turn|55
|
|t:|1730752171
|move|p2a: Jirachi|Fire Punch|p1a: Metagross
|-supereffective|p1a: Metagross
|-damage|p1a: Metagross|28/100
|move|p1a: Metagross|Earthquake|p2a: Jirachi
|-supereffective|p2a: Jirachi
|-damage|p2a: Jirachi|50/100
|
|-weather|Sandstorm|[upkeep]
|-heal|p2a: Jirachi|57/100|[from] item: Leftovers
|-heal|p1a: Metagross|34/100|[from] item: Leftovers
|upkeep
|turn|56
|
|t:|1730752175
|move|p1a: Metagross|Protect|p1a: Metagross
|-singleturn|p1a: Metagross|Protect
|move|p2a: Jirachi|Fire Punch|p1a: Metagross
|-activate|p1a: Metagross|Protect
|
|-weather|Sandstorm|[upkeep]
|-heal|p2a: Jirachi|63/100|[from] item: Leftovers
|-heal|p1a: Metagross|40/100|[from] item: Leftovers
|upkeep
|turn|57
|
|t:|1730752191
|move|p2a: Jirachi|Wish|p2a: Jirachi
|move|p1a: Metagross|Explosion|p2a: Jirachi
|-resisted|p2a: Jirachi
|-damage|p2a: Jirachi|5/100
|faint|p1a: Metagross
|
|t:|1730752193
|switch|p1a: Salamence|Salamence, F|89/100
|-ability|p1a: Salamence|Intimidate|boost
|-unboost|p2a: Jirachi|atk|1
|
|-weather|Sandstorm|[upkeep]
|-damage|p1a: Salamence|83/100|[from] Sandstorm
|-heal|p1a: Salamence|89/100|[from] item: Leftovers
|-heal|p2a: Jirachi|12/100|[from] item: Leftovers
|upkeep
|turn|58
|
|t:|1730752200
|move|p2a: Jirachi|Protect|p2a: Jirachi
|-singleturn|p2a: Jirachi|Protect
|move|p1a: Salamence|Fire Blast|p2a: Jirachi
|-activate|p2a: Jirachi|Protect
|
|-heal|p2a: Jirachi|62/100|[from] move: Wish|[wisher] Jirachi
|-weather|Sandstorm|[upkeep]
|-damage|p1a: Salamence|83/100|[from] Sandstorm
|-heal|p1a: Salamence|89/100|[from] item: Leftovers
|-heal|p2a: Jirachi|68/100|[from] item: Leftovers
|upkeep
|turn|59
|inactive|xhoshi has 270 seconds left.
|
|t:|1730752239
|switch|p2a: Aerodactyl|Aerodactyl, F|100/100
|move|p1a: Salamence|Fire Blast|p2a: Aerodactyl
|-resisted|p2a: Aerodactyl
|-damage|p2a: Aerodactyl|77/100
|
|-weather|Sandstorm|[upkeep]
|-damage|p1a: Salamence|83/100|[from] Sandstorm
|-heal|p1a: Salamence|89/100|[from] item: Leftovers
|upkeep
|turn|60
|inactive|xhoshi has 270 seconds left.
|
|t:|1730752253
|switch|p1a: Claydol|Claydol|20/100 tox
|move|p2a: Aerodactyl|Rock Slide|p1a: Claydol
|-resisted|p1a: Claydol
|-damage|p1a: Claydol|0 fnt
|faint|p1a: Claydol
|
|t:|1730752263
|switch|p1a: Salamence|Salamence, F|89/100
|-ability|p1a: Salamence|Intimidate|boost
|-unboost|p2a: Aerodactyl|atk|1
|
|-weather|Sandstorm|[upkeep]
|-damage|p1a: Salamence|83/100|[from] Sandstorm
|-heal|p1a: Salamence|89/100|[from] item: Leftovers
|upkeep
|turn|61
|
|t:|1730752271
|move|p2a: Aerodactyl|Rock Slide|p1a: Salamence
|-supereffective|p1a: Salamence
|-damage|p1a: Salamence|2/100
|cant|p1a: Salamence|flinch
|
|-weather|Sandstorm|[upkeep]
|-damage|p1a: Salamence|0 fnt|[from] Sandstorm
|faint|p1a: Salamence
|upkeep
|
|t:|1730752274
|switch|p1a: Skarmory|Skarmory, M|45/100
|turn|62
|c|☆xtina xendrix|gg
|c|☆xhoshi|gg
|c|☆xtina xendrix|/log xtina xendrix made the replay of this battle unlisted.
|-message|xtina xendrix forfeited.
|
|win|xhoshi
|player|p1|

</script>
<script type="application/json" class="data" id="replaydata-smogtours-gen3ou-804794">
{"id":"smogtours-gen3ou-804794","format":"[Gen 3] OU","players":["xtina xendrix","xhoshi"],"uploadtime":1730752284,"views":61,"formatid":"gen3ou","rating":null,"private":1,"password":null}
</script>

<script defer src="js/replays.js?9d40a366"></script>
