<!DOCTYPE html>
<meta charset="utf-8" />
<meta name="viewport" content="width=device-width" />

<title>[Gen 3] OU: triangles vs. alargemongoose - Replays - Pok&eacute;mon Showdown!</title>

<meta name="description" content="Watch a replay of a Pok&eacute;mon battle between triangles and alargemongoose! Format: [Gen 3] OU; Date: Nov 17, 2024" />
<!--

Hey, you! Looking in the source for the replay log?

You can find them in JSON format, just add `.json` at the end of a replay URL.

https://replay.pokemonshowdown.com/gen7randomdoublesbattle-865046831.json

Or, if you only need the log itself, add `.log` instead:

https://replay.pokemonshowdown.com/gen7randomdoublesbattle-865046831.log

-->

<link rel="stylesheet" href="//pokemonshowdown.com/style/global.css?0.767286132409787" />
<link rel="stylesheet" href="//play.pokemonshowdown.com/style/font-awesome.css?0.9266228007934947" />
<link rel="stylesheet" href="//play.pokemonshowdown.com/style/battle.css?0.7924700842790926" />
<link rel="stylesheet" href="//play.pokemonshowdown.com/style/utilichart.css?0.8777417872839479" />

<!-- Global site tag (gtag.js) - Google Analytics -->
<script async src="https://www.googletagmanager.com/gtag/js?id=UA-26211653-1"></script>
<script>
  window.dataLayer = window.dataLayer || [];
  function gtag(){dataLayer.push(arguments);}
  gtag('js', new Date());

  gtag('config', 'UA-26211653-1');
</script>
<!-- End Google Analytics -->
<!-- Venatus Ad Manager - Install in <HEAD> of page -->
	<script src="https://hb.vntsm.com/v3/live/ad-manager.min.js" type="text/javascript" data-site-id="642aba63ec9a7b11c3c9c1be" data-mode="scan" async></script>
<!-- / Venatus Ad Manager -->

<style>
	@media (max-width:820px) {
		.battle {
			margin: 0 auto;
		}
		.battle-log {
			margin: 7px auto 0;
			max-width: 640px;
			height: 300px;
			position: static;
		}
	}
	.optgroup {
		display: inline-block;
		line-height: 22px;
		font-size: 10pt;
	}
	.optgroup .button {
		height: 25px;
		padding-top: 0;
		padding-bottom: 0;
	}
	.optgroup button.button {
		padding-left: 12px;
		padding-right: 12px;
	}
	.linklist {
		list-style: none;
		margin: 0.5em 0;
		padding: 0;
	}
	.linklist li {
		padding: 2px 0;
	}
	.sidebar {
		float: left;
		width: 320px;
	}
	.bar-wrapper {
		max-width: 1100px;
		margin: 0 auto;
	}
	.bar-wrapper.has-sidebar {
		max-width: 1430px;
	}
	.mainbar {
		margin: 0;
		padding-right: 1px;
	}
	.mainbar.has-sidebar {
		margin-left: 330px;
	}
	@media (min-width: 1511px) {
		.sidebar {
			width: 400px;
		}
		.bar-wrapper.has-sidebar {
			max-width: 1510px;
		}
		.mainbar.has-sidebar {
			margin-left: 410px;
		}
	}
	.section.first-section {
		margin-top: 9px;
	}
	.blocklink small {
		white-space: normal;
	}
	.button {
		vertical-align: middle;
	}
	.replay-controls {
		padding-top: 10px;
	}
	.replay-controls h1 {
		font-size: 16pt;
		font-weight: normal;
		color: #CCC;
	}
	.pagelink {
		text-align: center;
	}
	.pagelink a {
		width: 150px;
	}
	.textbox, .button {
		font-size: 11pt;
		vertical-align: middle;
	}
	@media (max-width: 450px) {
		.button {
			font-size: 9pt;
		}
	}
</style>

<div>

	<header>
		<div class="nav-wrapper"><ul class="nav">
			<li><a class="button nav-first" href="//pokemonshowdown.com/"><img src="//pokemonshowdown.com/images/pokemonshowdownbeta.png" srcset="//pokemonshowdown.com/images/pokemonshowdownbeta.png 1x, //pokemonshowdown.com/images/pokemonshowdownbeta@2x.png 2x" alt="Pok&eacute;mon Showdown" width="146" height="44" /> Home</a></li>
			<li><a class="button" href="//pokemonshowdown.com/dex/">Pok&eacute;dex</a></li>
			<li><a class="button cur" href="/">Replays</a></li>
			<li><a class="button" href="//pokemonshowdown.com/ladder/">Ladder</a></li>
			<li><a class="button nav-last" href="//pokemonshowdown.com/forums/">Forum</a></li>
			<li><a class="button greenbutton nav-first nav-last" href="//play.pokemonshowdown.com/">Play</a></li>
		</ul></div>
	</header>

	<div class="main" id="main">

		<noscript><section class="section">You need to enable JavaScript to use this page; sorry!</section></noscript>

	</div>

</div>

<script defer nomodule src="//play.pokemonshowdown.com/js/lib/ps-polyfill.js"></script>
<script defer src="//play.pokemonshowdown.com/js/lib/preact.min.js"></script>

<script defer src="//play.pokemonshowdown.com/config/config.js?6dec07f6"></script>
<script defer src="//play.pokemonshowdown.com/js/lib/jquery-1.11.0.min.js"></script>
<script defer src="//play.pokemonshowdown.com/js/lib/html-sanitizer-minified.js"></script>
<script defer src="//play.pokemonshowdown.com/js/battle-sound.js"></script>
<script defer src="//play.pokemonshowdown.com/js/battledata.js?0.6315294753075389"></script>
<script defer src="//play.pokemonshowdown.com/data/pokedex-mini.js?0.7603743185311358"></script>
<script defer src="//play.pokemonshowdown.com/data/pokedex-mini-bw.js?0.030888842834281283"></script>
<script defer src="//play.pokemonshowdown.com/data/graphics.js?0.05593094747507488"></script>
<script defer src="//play.pokemonshowdown.com/data/pokedex.js?0.47064822249611904"></script>
<script defer src="//play.pokemonshowdown.com/data/moves.js?0.8583693120512459"></script>
<script defer src="//play.pokemonshowdown.com/data/abilities.js?0.16017181182386842"></script>
<script defer src="//play.pokemonshowdown.com/data/items.js?0.4163379185673943"></script>
<script defer src="//play.pokemonshowdown.com/data/teambuilder-tables.js?0.31075597372830477"></script>
<script defer src="//play.pokemonshowdown.com/js/battle-tooltips.js?0.6536193500708172"></script>
<script defer src="//play.pokemonshowdown.com/js/battle.js?0.1916591943277901"></script>

<script defer src="js/utils.js?e31f9a17"></script>
<script defer src="js/replays-battle.js?7008c182"></script>

<!-- don't scrape this data! just add .json or .log after the URL!
Full API docs: https://github.com/smogon/pokemon-showdown-client/blob/master/WEB-API.md -->
<script type="text/plain" class="log" id="replaylog-smogtours-gen3ou-806708">
|inactive|Battle timer is ON: inactive players will automatically lose when time's up.
|t:|1731858025
|gametype|singles
|player|p1|triangles|lucas|
|player|p2|alargemongoose|fisherman|
|teamsize|p1|6
|teamsize|p2|6
|gen|3
|tier|[Gen 3] OU
|rule|Sleep Clause Mod: Limit one foe put to sleep
|rule|Switch Priority Clause Mod: Faster Pokémon switch first
|rule|Species Clause: Limit one of each Pokémon
|rule|OHKO Clause: OHKO moves are banned
|rule|Evasion Items Clause: Evasion items are banned
|rule|Evasion Moves Clause: Evasion moves are banned
|rule|Endless Battle Clause: Forcing endless battles is banned
|rule|HP Percentage Mod: HP is shown in percentages
|rule|One Boost Passer Clause: Limit one Baton Passer that has a way to boost its stats
|rule|Freeze Clause Mod: Limit one foe frozen
|
|t:|1731858025
|start
|switch|p1a: Milotic|Milotic, F, shiny|100/100
|switch|p2a: Zapdos|Zapdos|100/100
|turn|1
|c|☆alargemongoose|gl hf
|c|☆triangles|hf
|inactive|triangles has 270 seconds left.
|
|t:|1731858056
|move|p2a: Zapdos|Substitute|p2a: Zapdos
|-start|p2a: Zapdos|Substitute
|-damage|p2a: Zapdos|76/100
|move|p1a: Milotic|Ice Beam|p2a: Zapdos
|-supereffective|p2a: Zapdos
|-end|p2a: Zapdos|Substitute
|
|-heal|p2a: Zapdos|82/100|[from] item: Leftovers
|upkeep
|turn|2
|
|t:|1731858068
|move|p2a: Zapdos|Substitute|p2a: Zapdos
|-start|p2a: Zapdos|Substitute
|-damage|p2a: Zapdos|57/100
|move|p1a: Milotic|Ice Beam|p2a: Zapdos
|-supereffective|p2a: Zapdos
|-end|p2a: Zapdos|Substitute
|
|-heal|p2a: Zapdos|63/100|[from] item: Leftovers
|upkeep
|turn|3
|
|t:|1731858075
|move|p2a: Zapdos|Thunder|p1a: Milotic|[miss]
|-miss|p2a: Zapdos|p1a: Milotic
|move|p1a: Milotic|Ice Beam|p2a: Zapdos
|-supereffective|p2a: Zapdos
|-damage|p2a: Zapdos|0 fnt
|faint|p2a: Zapdos
|
|t:|1731858079
|switch|p2a: Breloom|Breloom, F|100/100
|
|upkeep
|turn|4
|
|t:|1731858082
|move|p2a: Breloom|Spore|p1a: Milotic
|-status|p1a: Milotic|slp|[from] move: Spore
|cant|p1a: Milotic|slp
|
|upkeep
|turn|5
|
|t:|1731858100
|switch|p2a: Metagross|Metagross|100/100
|cant|p1a: Milotic|slp
|
|upkeep
|turn|6
|
|t:|1731858109
|switch|p1a: Metagross|Metagross, shiny|100/100
|move|p2a: Metagross|Explosion|p1a: Metagross
|-resisted|p1a: Metagross
|-damage|p1a: Metagross|38/100
|faint|p2a: Metagross
|
|t:|1731858112
|switch|p2a: Dugtrio|Dugtrio, M|100/100
|
|-heal|p1a: Metagross|44/100|[from] item: Leftovers
|upkeep
|turn|7
|
|t:|1731858125
|move|p2a: Dugtrio|Earthquake|p1a: Metagross
|-supereffective|p1a: Metagross
|-damage|p1a: Metagross|0 fnt
|faint|p1a: Metagross
|
|t:|1731858126
|switch|p1a: Gyarados|Gyarados, F, shiny|100/100
|-ability|p1a: Gyarados|Intimidate|boost
|-unboost|p2a: Dugtrio|atk|1
|
|upkeep
|turn|8
|
|t:|1731858131
|switch|p2a: Regice|Regice|100/100
|move|p1a: Gyarados|Dragon Dance|p1a: Gyarados
|-boost|p1a: Gyarados|atk|1
|-boost|p1a: Gyarados|spe|1
|
|upkeep
|turn|9
|
|t:|1731858145
|switch|p1a: Camerupt|Camerupt, F, shiny|100/100
|move|p2a: Regice|Thunder|p1a: Camerupt
|-immune|p1a: Camerupt
|
|upkeep
|turn|10
|
|t:|1731858158
|move|p2a: Regice|Rain Dance|p2a: Regice
|-weather|RainDance
|move|p1a: Camerupt|Earthquake|p2a: Regice
|-damage|p2a: Regice|64/100
|
|-weather|RainDance|[upkeep]
|-heal|p2a: Regice|70/100|[from] item: Leftovers
|upkeep
|turn|11
|
|t:|1731858167
|move|p2a: Regice|Ice Beam|p1a: Camerupt
|-damage|p1a: Camerupt|36/100
|move|p1a: Camerupt|Earthquake|p2a: Regice
|-damage|p2a: Regice|27/100
|
|-weather|RainDance|[upkeep]
|-heal|p2a: Regice|34/100|[from] item: Leftovers
|-heal|p1a: Camerupt|42/100|[from] item: Leftovers
|upkeep
|turn|12
|
|t:|1731858172
|switch|p1a: Milotic|Milotic, F, shiny|100/100 slp
|move|p2a: Regice|Ice Beam|p1a: Milotic
|-resisted|p1a: Milotic
|-damage|p1a: Milotic|82/100 slp
|
|-weather|RainDance|[upkeep]
|-heal|p1a: Milotic|89/100 slp|[from] item: Leftovers
|-heal|p2a: Regice|40/100|[from] item: Leftovers
|upkeep
|turn|13
|
|t:|1731858179
|switch|p1a: Camerupt|Camerupt, F, shiny|42/100
|move|p2a: Regice|Thunder|p1a: Camerupt
|-immune|p1a: Camerupt
|
|-weather|RainDance|[upkeep]
|-heal|p2a: Regice|46/100|[from] item: Leftovers
|-heal|p1a: Camerupt|48/100|[from] item: Leftovers
|upkeep
|turn|14
|
|t:|1731858187
|switch|p1a: Milotic|Milotic, F, shiny|89/100 slp
|move|p2a: Regice|Ice Beam|p1a: Milotic
|-resisted|p1a: Milotic
|-damage|p1a: Milotic|69/100 slp
|
|-weather|none
|-heal|p1a: Milotic|76/100 slp|[from] item: Leftovers
|-heal|p2a: Regice|52/100|[from] item: Leftovers
|upkeep
|turn|15
|
|t:|1731858191
|cant|p1a: Milotic|slp
|move|p2a: Regice|Rain Dance|p2a: Regice
|-weather|RainDance
|
|-weather|RainDance|[upkeep]
|-heal|p1a: Milotic|82/100 slp|[from] item: Leftovers
|-heal|p2a: Regice|59/100|[from] item: Leftovers
|upkeep
|turn|16
|
|t:|1731858198
|cant|p1a: Milotic|slp
|move|p2a: Regice|Thunder|p1a: Milotic
|-supereffective|p1a: Milotic
|-damage|p1a: Milotic|27/100 slp
|
|-weather|RainDance|[upkeep]
|-heal|p1a: Milotic|33/100 slp|[from] item: Leftovers
|-heal|p2a: Regice|65/100|[from] item: Leftovers
|upkeep
|turn|17
|
|t:|1731858224
|-curestatus|p1a: Milotic|slp|[msg]
|move|p1a: Milotic|Hypnosis|p2a: Regice|[miss]
|-miss|p1a: Milotic|p2a: Regice
|move|p2a: Regice|Thunder|p1a: Milotic
|-supereffective|p1a: Milotic
|-damage|p1a: Milotic|0 fnt
|faint|p1a: Milotic
|
|t:|1731858228
|switch|p1a: Snorlax|Snorlax, M, shiny|100/100
|
|-weather|RainDance|[upkeep]
|-heal|p2a: Regice|71/100|[from] item: Leftovers
|upkeep
|turn|18
|
|t:|1731858239
|switch|p2a: Breloom|Breloom, F|100/100
|move|p1a: Snorlax|Curse|p1a: Snorlax
|-unboost|p1a: Snorlax|spe|1
|-boost|p1a: Snorlax|atk|1
|-boost|p1a: Snorlax|def|1
|
|-weather|RainDance|[upkeep]
|upkeep
|turn|19
|
|t:|1731858244
|switch|p1a: Salamence|Salamence, F, shiny|100/100
|-ability|p1a: Salamence|Intimidate|boost
|-unboost|p2a: Breloom|atk|1
|move|p2a: Breloom|Spore|p1a: Salamence
|-status|p1a: Salamence|slp|[from] move: Spore
|-enditem|p1a: Salamence|Lum Berry|[eat]
|-curestatus|p1a: Salamence|slp|[msg]
|
|-weather|none
|upkeep
|turn|20
|
|t:|1731858253
|move|p1a: Salamence|Hidden Power|p2a: Breloom
|-supereffective|p2a: Breloom
|-damage|p2a: Breloom|0 fnt
|faint|p2a: Breloom
|
|t:|1731858255
|switch|p2a: Regice|Regice|71/100
|
|-heal|p2a: Regice|77/100|[from] item: Leftovers
|upkeep
|turn|21
|c|☆triangles|hm
|c|☆triangles|k
|
|t:|1731858277
|move|p1a: Salamence|Rock Slide|p2a: Regice
|-supereffective|p2a: Regice
|-damage|p2a: Regice|24/100
|move|p2a: Regice|Ice Beam|p1a: Salamence
|-supereffective|p1a: Salamence
|-damage|p1a: Salamence|0 fnt
|faint|p1a: Salamence
|
|t:|1731858282
|switch|p1a: Gyarados|Gyarados, F, shiny|100/100
|-ability|p1a: Gyarados|Intimidate|boost
|-fail|p2a: Regice|unboost|[from] ability: Clear Body|[of] p2a: Regice
|
|-heal|p2a: Regice|30/100|[from] item: Leftovers
|upkeep
|turn|22
|
|t:|1731858290
|move|p1a: Gyarados|Double-Edge|p2a: Regice
|-damage|p2a: Regice|0 fnt
|-damage|p1a: Gyarados|91/100|[from] Recoil|[of] p2a: Regice
|faint|p2a: Regice
|
|t:|1731858301
|switch|p2a: Kingdra|Kingdra, M|100/100
|
|-heal|p1a: Gyarados|97/100|[from] item: Leftovers
|upkeep
|turn|23
|
|t:|1731858311
|move|p1a: Gyarados|Double-Edge|p2a: Kingdra
|-damage|p2a: Kingdra|58/100
|-damage|p1a: Gyarados|82/100|[from] Recoil|[of] p2a: Kingdra
|move|p2a: Kingdra|Rain Dance|p2a: Kingdra
|-weather|RainDance
|
|-weather|RainDance|[upkeep]
|-heal|p2a: Kingdra|65/100|[from] item: Leftovers
|-heal|p1a: Gyarados|89/100|[from] item: Leftovers
|upkeep
|turn|24
|
|t:|1731858321
|switch|p1a: Camerupt|Camerupt, F, shiny|48/100
|move|p2a: Kingdra|Ice Beam|p1a: Camerupt
|-damage|p1a: Camerupt|10/100
|
|-weather|RainDance|[upkeep]
|-heal|p2a: Kingdra|71/100|[from] item: Leftovers
|-heal|p1a: Camerupt|16/100|[from] item: Leftovers
|upkeep
|turn|25
|
|t:|1731858337
|move|p2a: Kingdra|Surf|p1a: Camerupt
|-supereffective|p1a: Camerupt
|-damage|p1a: Camerupt|0 fnt
|faint|p1a: Camerupt
|
|t:|1731858339
|switch|p1a: Snorlax|Snorlax, M, shiny|100/100
|
|-weather|RainDance|[upkeep]
|-heal|p2a: Kingdra|77/100|[from] item: Leftovers
|upkeep
|turn|26
|
|t:|1731858355
|move|p2a: Kingdra|Substitute|p2a: Kingdra
|-start|p2a: Kingdra|Substitute
|-damage|p2a: Kingdra|52/100
|move|p1a: Snorlax|Body Slam|p2a: Kingdra
|-end|p2a: Kingdra|Substitute
|
|-weather|RainDance|[upkeep]
|-heal|p2a: Kingdra|58/100|[from] item: Leftovers
|upkeep
|turn|27
|
|t:|1731858359
|move|p2a: Kingdra|Surf|p1a: Snorlax
|-crit|p1a: Snorlax
|-damage|p1a: Snorlax|24/100
|move|p1a: Snorlax|Body Slam|p2a: Kingdra
|-damage|p2a: Kingdra|20/100
|
|-weather|none
|-heal|p2a: Kingdra|26/100|[from] item: Leftovers
|-heal|p1a: Snorlax|31/100|[from] item: Leftovers
|upkeep
|turn|28
|inactive|triangles has 270 seconds left.
|
|t:|1731858414
|-singleturn|p1a: Snorlax|move: Focus Punch
|move|p2a: Kingdra|Surf|p1a: Snorlax
|-damage|p1a: Snorlax|6/100
|move|p1a: Snorlax|Focus Punch||[still]
|cant|p1a: Snorlax|Focus Punch|Focus Punch
|
|-heal|p2a: Kingdra|32/100|[from] item: Leftovers
|-heal|p1a: Snorlax|12/100|[from] item: Leftovers
|upkeep
|turn|29
|
|t:|1731858424
|-singleturn|p1a: Snorlax|move: Focus Punch
|move|p2a: Kingdra|Ice Beam|p1a: Snorlax
|-damage|p1a: Snorlax|0 fnt
|faint|p1a: Snorlax
|
|t:|1731858426
|switch|p1a: Gyarados|Gyarados, F, shiny|89/100
|-ability|p1a: Gyarados|Intimidate|boost
|-unboost|p2a: Kingdra|atk|1
|
|-heal|p1a: Gyarados|95/100|[from] item: Leftovers
|-heal|p2a: Kingdra|38/100|[from] item: Leftovers
|upkeep
|turn|30
|
|t:|1731858434
|move|p1a: Gyarados|Dragon Dance|p1a: Gyarados
|-boost|p1a: Gyarados|atk|1
|-boost|p1a: Gyarados|spe|1
|move|p2a: Kingdra|Ice Beam|p1a: Gyarados
|-damage|p1a: Gyarados|65/100
|
|-heal|p1a: Gyarados|71/100|[from] item: Leftovers
|-heal|p2a: Kingdra|45/100|[from] item: Leftovers
|upkeep
|turn|31
|
|t:|1731858439
|move|p1a: Gyarados|Double-Edge|p2a: Kingdra
|-damage|p2a: Kingdra|0 fnt
|-damage|p1a: Gyarados|56/100|[from] Recoil|[of] p2a: Kingdra
|faint|p2a: Kingdra
|
|t:|1731858442
|switch|p2a: Dugtrio|Dugtrio, M|100/100
|
|-heal|p1a: Gyarados|62/100|[from] item: Leftovers
|upkeep
|turn|32
|c|☆alargemongoose|gg
|
|t:|1731858446
|move|p1a: Gyarados|Double-Edge|p2a: Dugtrio
|-damage|p2a: Dugtrio|0 fnt
|-damage|p1a: Gyarados|41/100|[from] Recoil|[of] p2a: Dugtrio
|faint|p2a: Dugtrio
|
|win|triangles

</script>
<script type="application/json" class="data" id="replaydata-smogtours-gen3ou-806708">
{"id":"smogtours-gen3ou-806708","format":"[Gen 3] OU","players":["triangles","alargemongoose"],"uploadtime":1731858446,"views":21,"formatid":"gen3ou","rating":null,"private":0,"password":null}
</script>

<script defer src="js/replays.js?9d40a366"></script>
