<!DOCTYPE html>
<meta charset="utf-8" />
<meta name="viewport" content="width=device-width" />

<title>[Gen 3] OU: ojr vs. dicerat8 - Replays - Pok&eacute;mon Showdown!</title>

<meta name="description" content="Watch a replay of a Pok&eacute;mon battle between ojr and dicerat8! Format: [Gen 3] OU; Date: Oct 29, 2024" />
<!--

Hey, you! Looking in the source for the replay log?

You can find them in JSON format, just add `.json` at the end of a replay URL.

https://replay.pokemonshowdown.com/gen7randomdoublesbattle-865046831.json

Or, if you only need the log itself, add `.log` instead:

https://replay.pokemonshowdown.com/gen7randomdoublesbattle-865046831.log

-->

<link rel="stylesheet" href="//pokemonshowdown.com/style/global.css?0.023195364461161105" />
<link rel="stylesheet" href="//play.pokemonshowdown.com/style/font-awesome.css?0.13261647063804238" />
<link rel="stylesheet" href="//play.pokemonshowdown.com/style/battle.css?0.8753245789963631" />
<link rel="stylesheet" href="//play.pokemonshowdown.com/style/utilichart.css?0.8627959624976733" />

<!-- Global site tag (gtag.js) - Google Analytics -->
<script async src="https://www.googletagmanager.com/gtag/js?id=UA-26211653-1"></script>
<script>
  window.dataLayer = window.dataLayer || [];
  function gtag(){dataLayer.push(arguments);}
  gtag('js', new Date());

  gtag('config', 'UA-26211653-1');
</script>
<!-- End Google Analytics -->
<!-- Venatus Ad Manager - Install in <HEAD> of page -->
	<script src="https://hb.vntsm.com/v3/live/ad-manager.min.js" type="text/javascript" data-site-id="642aba63ec9a7b11c3c9c1be" data-mode="scan" async></script>
<!-- / Venatus Ad Manager -->

<style>
	@media (max-width:820px) {
		.battle {
			margin: 0 auto;
		}
		.battle-log {
			margin: 7px auto 0;
			max-width: 640px;
			height: 300px;
			position: static;
		}
	}
	.optgroup {
		display: inline-block;
		line-height: 22px;
		font-size: 10pt;
	}
	.optgroup .button {
		height: 25px;
		padding-top: 0;
		padding-bottom: 0;
	}
	.optgroup button.button {
		padding-left: 12px;
		padding-right: 12px;
	}
	.linklist {
		list-style: none;
		margin: 0.5em 0;
		padding: 0;
	}
	.linklist li {
		padding: 2px 0;
	}
	.sidebar {
		float: left;
		width: 320px;
	}
	.bar-wrapper {
		max-width: 1100px;
		margin: 0 auto;
	}
	.bar-wrapper.has-sidebar {
		max-width: 1430px;
	}
	.mainbar {
		margin: 0;
		padding-right: 1px;
	}
	.mainbar.has-sidebar {
		margin-left: 330px;
	}
	@media (min-width: 1511px) {
		.sidebar {
			width: 400px;
		}
		.bar-wrapper.has-sidebar {
			max-width: 1510px;
		}
		.mainbar.has-sidebar {
			margin-left: 410px;
		}
	}
	.section.first-section {
		margin-top: 9px;
	}
	.blocklink small {
		white-space: normal;
	}
	.button {
		vertical-align: middle;
	}
	.replay-controls {
		padding-top: 10px;
	}
	.replay-controls h1 {
		font-size: 16pt;
		font-weight: normal;
		color: #CCC;
	}
	.pagelink {
		text-align: center;
	}
	.pagelink a {
		width: 150px;
	}
	.textbox, .button {
		font-size: 11pt;
		vertical-align: middle;
	}
	@media (max-width: 450px) {
		.button {
			font-size: 9pt;
		}
	}
</style>

<div>

	<header>
		<div class="nav-wrapper"><ul class="nav">
			<li><a class="button nav-first" href="//pokemonshowdown.com/"><img src="//pokemonshowdown.com/images/pokemonshowdownbeta.png" srcset="//pokemonshowdown.com/images/pokemonshowdownbeta.png 1x, //pokemonshowdown.com/images/pokemonshowdownbeta@2x.png 2x" alt="Pok&eacute;mon Showdown" width="146" height="44" /> Home</a></li>
			<li><a class="button" href="//pokemonshowdown.com/dex/">Pok&eacute;dex</a></li>
			<li><a class="button cur" href="/">Replays</a></li>
			<li><a class="button" href="//pokemonshowdown.com/ladder/">Ladder</a></li>
			<li><a class="button nav-last" href="//pokemonshowdown.com/forums/">Forum</a></li>
			<li><a class="button greenbutton nav-first nav-last" href="//play.pokemonshowdown.com/">Play</a></li>
		</ul></div>
	</header>

	<div class="main" id="main">

		<noscript><section class="section">You need to enable JavaScript to use this page; sorry!</section></noscript>

	</div>

</div>

<script defer nomodule src="//play.pokemonshowdown.com/js/lib/ps-polyfill.js"></script>
<script defer src="//play.pokemonshowdown.com/js/lib/preact.min.js"></script>

<script defer src="//play.pokemonshowdown.com/config/config.js?2bddbc15"></script>
<script defer src="//play.pokemonshowdown.com/js/lib/jquery-1.11.0.min.js"></script>
<script defer src="//play.pokemonshowdown.com/js/lib/html-sanitizer-minified.js"></script>
<script defer src="//play.pokemonshowdown.com/js/battle-sound.js"></script>
<script defer src="//play.pokemonshowdown.com/js/battledata.js?0.7209276989879541"></script>
<script defer src="//play.pokemonshowdown.com/data/pokedex-mini.js?0.6111056340867951"></script>
<script defer src="//play.pokemonshowdown.com/data/pokedex-mini-bw.js?0.3532142036491459"></script>
<script defer src="//play.pokemonshowdown.com/data/graphics.js?0.24223875632456182"></script>
<script defer src="//play.pokemonshowdown.com/data/pokedex.js?0.38839984266356864"></script>
<script defer src="//play.pokemonshowdown.com/data/moves.js?0.21866028504024015"></script>
<script defer src="//play.pokemonshowdown.com/data/abilities.js?0.2005157953846628"></script>
<script defer src="//play.pokemonshowdown.com/data/items.js?0.9894211263848525"></script>
<script defer src="//play.pokemonshowdown.com/data/teambuilder-tables.js?0.6008791140282215"></script>
<script defer src="//play.pokemonshowdown.com/js/battle-tooltips.js?0.7580118955022959"></script>
<script defer src="//play.pokemonshowdown.com/js/battle.js?0.6057722274234274"></script>

<script defer src="js/utils.js?e31f9a17"></script>
<script defer src="js/replays-battle.js?7008c182"></script>

<!-- don't scrape this data! just add .json or .log after the URL!
Full API docs: https://github.com/smogon/pokemon-showdown-client/blob/master/WEB-API.md -->
<script type="text/plain" class="log" id="replaylog-smogtours-gen3ou-803231">
|inactive|Battle timer is ON: inactive players will automatically lose when time's up.
|t:|1730207207
|gametype|singles
|player|p1|ojr|#ptplvjirachis|
|player|p2|dicerat8|eusine|
|teamsize|p1|6
|teamsize|p2|6
|gen|3
|tier|[Gen 3] OU
|rule|Sleep Clause Mod: Limit one foe put to sleep
|rule|Switch Priority Clause Mod: Faster Pokémon switch first
|rule|Species Clause: Limit one of each Pokémon
|rule|OHKO Clause: OHKO moves are banned
|rule|Evasion Items Clause: Evasion items are banned
|rule|Evasion Moves Clause: Evasion moves are banned
|rule|Endless Battle Clause: Forcing endless battles is banned
|rule|HP Percentage Mod: HP is shown in percentages
|rule|One Boost Passer Clause: Limit one Baton Passer that has a way to boost its stats
|rule|Freeze Clause Mod: Limit one foe frozen
|
|t:|1730207207
|start
|switch|p1a: Salamence|Salamence, M|100/100
|switch|p2a: Tyranitar|Tyranitar, M|100/100
|-ability|p1a: Salamence|Intimidate|boost
|-unboost|p2a: Tyranitar|atk|1
|-weather|Sandstorm|[from] ability: Sand Stream|[of] p2a: Tyranitar
|turn|1
|c|☆dicerat8|gl
|c|☆ojr|hf
|inactive|ojr has 270 seconds left.
|inactive|dicerat8 has 270 seconds left.
|
|t:|1730207257
|switch|p2a: 56 Miles|Gengar, F|100/100
|move|p1a: Salamence|Brick Break|p2a: 56 Miles
|-immune|p2a: 56 Miles
|
|-weather|Sandstorm|[upkeep]
|-damage|p2a: 56 Miles|95/100|[from] Sandstorm
|-damage|p1a: Salamence|94/100|[from] Sandstorm
|-heal|p2a: 56 Miles|100/100|[from] item: Leftovers
|upkeep
|turn|2
|
|t:|1730207274
|switch|p1a: Blissey|Blissey, F|100/100
|move|p2a: 56 Miles|Substitute|p2a: 56 Miles
|-start|p2a: 56 Miles|Substitute
|-damage|p2a: 56 Miles|76/100
|
|-weather|Sandstorm|[upkeep]
|-damage|p2a: 56 Miles|70/100|[from] Sandstorm
|-damage|p1a: Blissey|94/100|[from] Sandstorm
|-heal|p2a: 56 Miles|76/100|[from] item: Leftovers
|-heal|p1a: Blissey|100/100|[from] item: Leftovers
|upkeep
|turn|3
|c|☆ojr|holy smokes
|
|t:|1730207298
|switch|p1a: Claydol|Claydol|100/100
|move|p2a: 56 Miles|Will-O-Wisp|p1a: Claydol|[miss]
|-miss|p2a: 56 Miles|p1a: Claydol
|
|-weather|Sandstorm|[upkeep]
|-damage|p2a: 56 Miles|70/100|[from] Sandstorm
|-heal|p2a: 56 Miles|76/100|[from] item: Leftovers
|upkeep
|turn|4
|
|t:|1730207302
|move|p2a: 56 Miles|Shadow Ball|p1a: Claydol
|-supereffective|p1a: Claydol
|-damage|p1a: Claydol|44/100
|move|p1a: Claydol|Psychic|p2a: 56 Miles
|-supereffective|p2a: 56 Miles
|-end|p2a: 56 Miles|Substitute
|
|-weather|Sandstorm|[upkeep]
|-damage|p2a: 56 Miles|70/100|[from] Sandstorm
|-heal|p2a: 56 Miles|76/100|[from] item: Leftovers
|-heal|p1a: Claydol|50/100|[from] item: Leftovers
|upkeep
|turn|5
|inactive|ojr has 270 seconds left.
|
|t:|1730207340
|switch|p1a: Suicune|Suicune|100/100
|move|p2a: 56 Miles|Will-O-Wisp|p1a: Suicune
|-status|p1a: Suicune|brn
|
|-weather|Sandstorm|[upkeep]
|-damage|p2a: 56 Miles|70/100|[from] Sandstorm
|-damage|p1a: Suicune|94/100 brn|[from] Sandstorm
|-heal|p2a: 56 Miles|76/100|[from] item: Leftovers
|-heal|p1a: Suicune|100/100 brn|[from] item: Leftovers
|-damage|p1a: Suicune|88/100 brn|[from] brn
|upkeep
|turn|6
|
|t:|1730207344
|switch|p2a: Celebi|Celebi|100/100
|move|p1a: Suicune|Surf|p2a: Celebi
|-resisted|p2a: Celebi
|-damage|p2a: Celebi|86/100
|
|-weather|Sandstorm|[upkeep]
|-damage|p2a: Celebi|80/100|[from] Sandstorm
|-damage|p1a: Suicune|82/100 brn|[from] Sandstorm
|-heal|p2a: Celebi|86/100|[from] item: Leftovers
|-heal|p1a: Suicune|88/100 brn|[from] item: Leftovers
|-damage|p1a: Suicune|76/100 brn|[from] brn
|upkeep
|turn|7
|
|t:|1730207349
|switch|p1a: Skarmory|Skarmory, M|100/100
|move|p2a: Celebi|Leech Seed|p1a: Skarmory
|-start|p1a: Skarmory|move: Leech Seed
|
|-weather|Sandstorm|[upkeep]
|-damage|p2a: Celebi|80/100|[from] Sandstorm
|-heal|p2a: Celebi|86/100|[from] item: Leftovers
|-damage|p1a: Skarmory|88/100|[from] Leech Seed|[of] p2a: Celebi
|-heal|p2a: Celebi|97/100|[silent]
|upkeep
|turn|8
|
|t:|1730207353
|switch|p2a: 56 Miles|Gengar, F|76/100
|move|p1a: Skarmory|Spikes|p2a: 56 Miles
|-sidestart|p2: dicerat8|Spikes
|
|-weather|Sandstorm|[upkeep]
|-damage|p2a: 56 Miles|70/100|[from] Sandstorm
|-heal|p2a: 56 Miles|76/100|[from] item: Leftovers
|-heal|p1a: Skarmory|94/100|[from] item: Leftovers
|-damage|p1a: Skarmory|82/100|[from] Leech Seed|[of] p2a: 56 Miles
|-heal|p2a: 56 Miles|91/100|[silent]
|upkeep
|turn|9
|
|t:|1730207365
|switch|p1a: Blissey|Blissey, F|100/100
|move|p2a: 56 Miles|Will-O-Wisp|p1a: Blissey
|-status|p1a: Blissey|brn
|
|-weather|Sandstorm|[upkeep]
|-damage|p2a: 56 Miles|85/100|[from] Sandstorm
|-damage|p1a: Blissey|94/100 brn|[from] Sandstorm
|-heal|p2a: 56 Miles|91/100|[from] item: Leftovers
|-heal|p1a: Blissey|100/100 brn|[from] item: Leftovers
|-damage|p1a: Blissey|88/100 brn|[from] brn
|upkeep
|turn|10
|
|t:|1730207381
|-singleturn|p2a: 56 Miles|move: Focus Punch
|-curestatus|p1a: Blissey|brn|[from] ability: Natural Cure
|switch|p1a: Suicune|Suicune|76/100 brn
|move|p2a: 56 Miles|Focus Punch|p1a: Suicune
|-damage|p1a: Suicune|56/100 brn
|
|-weather|Sandstorm|[upkeep]
|-damage|p2a: 56 Miles|85/100|[from] Sandstorm
|-damage|p1a: Suicune|50/100 brn|[from] Sandstorm
|-heal|p2a: 56 Miles|91/100|[from] item: Leftovers
|-heal|p1a: Suicune|56/100 brn|[from] item: Leftovers
|-damage|p1a: Suicune|44/100 brn|[from] brn
|upkeep
|turn|11
|
|t:|1730207393
|switch|p2a: Celebi|Celebi|97/100
|-damage|p2a: Celebi|84/100|[from] Spikes
|move|p1a: Suicune|Rest|p1a: Suicune
|-status|p1a: Suicune|slp|[from] move: Rest
|-heal|p1a: Suicune|100/100 slp|[silent]
|
|-weather|Sandstorm|[upkeep]
|-damage|p2a: Celebi|78/100|[from] Sandstorm
|-damage|p1a: Suicune|94/100 slp|[from] Sandstorm
|-heal|p2a: Celebi|84/100|[from] item: Leftovers
|-heal|p1a: Suicune|100/100 slp|[from] item: Leftovers
|upkeep
|turn|12
|inactive|ojr has 270 seconds left.
|
|t:|1730207420
|switch|p1a: Salamence|Salamence, M|94/100
|-ability|p1a: Salamence|Intimidate|boost
|-unboost|p2a: Celebi|atk|1
|move|p2a: Celebi|Leech Seed|p1a: Salamence
|-start|p1a: Salamence|move: Leech Seed
|
|-weather|Sandstorm|[upkeep]
|-damage|p1a: Salamence|88/100|[from] Sandstorm
|-damage|p2a: Celebi|78/100|[from] Sandstorm
|-damage|p1a: Salamence|76/100|[from] Leech Seed|[of] p2a: Celebi
|-heal|p2a: Celebi|89/100|[silent]
|-heal|p2a: Celebi|95/100|[from] item: Leftovers
|upkeep
|turn|13
|
|t:|1730207431
|switch|p2a: Skarmory|Skarmory, F|100/100
|move|p1a: Salamence|Hidden Power|p2a: Skarmory
|-resisted|p2a: Skarmory
|-damage|p2a: Skarmory|77/100
|
|-weather|Sandstorm|[upkeep]
|-damage|p1a: Salamence|70/100|[from] Sandstorm
|-damage|p1a: Salamence|57/100|[from] Leech Seed|[of] p2a: Skarmory
|-heal|p2a: Skarmory|89/100|[silent]
|-heal|p2a: Skarmory|95/100|[from] item: Leftovers
|upkeep
|turn|14
|
|t:|1730207435
|switch|p1a: Magneton|Magneton|100/100
|move|p2a: Skarmory|Spikes|p1a: Magneton
|-sidestart|p1: ojr|Spikes
|
|-weather|Sandstorm|[upkeep]
|-heal|p2a: Skarmory|100/100|[from] item: Leftovers
|upkeep
|turn|15
|
|t:|1730207440
|move|p1a: Magneton|Thunderbolt|p2a: Skarmory
|-supereffective|p2a: Skarmory
|-damage|p2a: Skarmory|5/100
|move|p2a: Skarmory|Roar|p1a: Magneton
|drag|p1a: Suicune|Suicune|100/100 slp
|-damage|p1a: Suicune|88/100 slp|[from] Spikes
|
|-weather|Sandstorm|[upkeep]
|-damage|p1a: Suicune|82/100 slp|[from] Sandstorm
|-heal|p1a: Suicune|88/100 slp|[from] item: Leftovers
|-heal|p2a: Skarmory|11/100|[from] item: Leftovers
|upkeep
|turn|16
|
|t:|1730207462
|switch|p1a: Magneton|Magneton|100/100
|-damage|p1a: Magneton|88/100|[from] Spikes
|switch|p2a: Celebi|Celebi|95/100
|-damage|p2a: Celebi|83/100|[from] Spikes
|
|-weather|Sandstorm|[upkeep]
|-damage|p2a: Celebi|77/100|[from] Sandstorm
|-heal|p2a: Celebi|83/100|[from] item: Leftovers
|-heal|p1a: Magneton|94/100|[from] item: Leftovers
|upkeep
|turn|17
|inactive|ojr has 270 seconds left.
|
|t:|1730207491
|move|p2a: Celebi|Hidden Power|p1a: Magneton
|-supereffective|p1a: Magneton
|-crit|p1a: Magneton
|-damage|p1a: Magneton|0 fnt
|faint|p1a: Magneton
|c|☆dicerat8|mb
|
|t:|1730207499
|switch|p1a: Salamence|Salamence, M|57/100
|-ability|p1a: Salamence|Intimidate|boost
|-unboost|p2a: Celebi|atk|1
|
|-weather|Sandstorm|[upkeep]
|-damage|p1a: Salamence|51/100|[from] Sandstorm
|-damage|p2a: Celebi|77/100|[from] Sandstorm
|-heal|p2a: Celebi|83/100|[from] item: Leftovers
|upkeep
|turn|18
|
|t:|1730207506
|switch|p2a: Tyranitar|Tyranitar, M|100/100
|-damage|p2a: Tyranitar|88/100|[from] Spikes
|move|p1a: Salamence|Hidden Power|p2a: Tyranitar
|-resisted|p2a: Tyranitar
|-damage|p2a: Tyranitar|60/100
|
|-weather|Sandstorm|[upkeep]
|-damage|p1a: Salamence|45/100|[from] Sandstorm
|-heal|p2a: Tyranitar|66/100|[from] item: Leftovers
|upkeep
|turn|19
|
|t:|1730207513
|switch|p1a: Skarmory|Skarmory, M|82/100
|move|p2a: Tyranitar|Ice Beam|p1a: Skarmory
|-damage|p1a: Skarmory|58/100
|
|-weather|Sandstorm|[upkeep]
|-heal|p2a: Tyranitar|72/100|[from] item: Leftovers
|-heal|p1a: Skarmory|64/100|[from] item: Leftovers
|upkeep
|turn|20
|
|t:|1730207524
|move|p2a: Tyranitar|Rock Slide|p1a: Skarmory
|-damage|p1a: Skarmory|32/100
|cant|p1a: Skarmory|flinch
|
|-weather|Sandstorm|[upkeep]
|-heal|p2a: Tyranitar|79/100|[from] item: Leftovers
|-heal|p1a: Skarmory|38/100|[from] item: Leftovers
|upkeep
|turn|21
|
|t:|1730207540
|switch|p2a: Skarmory|Skarmory, F|11/100
|move|p1a: Skarmory|Toxic|p2a: Skarmory
|-immune|p2a: Skarmory
|
|-weather|Sandstorm|[upkeep]
|-heal|p2a: Skarmory|17/100|[from] item: Leftovers
|-heal|p1a: Skarmory|44/100|[from] item: Leftovers
|upkeep
|turn|22
|inactive|ojr has 270 seconds left.
|
|t:|1730207558
|move|p2a: Skarmory|Spikes|p1a: Skarmory
|-sidestart|p1: ojr|Spikes
|move|p1a: Skarmory|Roar|p2a: Skarmory
|drag|p2a: Celebi|Celebi|83/100
|-damage|p2a: Celebi|71/100|[from] Spikes
|
|-weather|Sandstorm|[upkeep]
|-damage|p2a: Celebi|65/100|[from] Sandstorm
|-heal|p2a: Celebi|71/100|[from] item: Leftovers
|-heal|p1a: Skarmory|50/100|[from] item: Leftovers
|upkeep
|turn|23
|
|t:|1730207563
|move|p1a: Skarmory|Protect|p1a: Skarmory
|-singleturn|p1a: Skarmory|Protect
|move|p2a: Celebi|Leech Seed|p1a: Skarmory|[miss]
|-miss|p2a: Celebi|p1a: Skarmory
|
|-weather|Sandstorm|[upkeep]
|-damage|p2a: Celebi|65/100|[from] Sandstorm
|-heal|p2a: Celebi|71/100|[from] item: Leftovers
|-heal|p1a: Skarmory|56/100|[from] item: Leftovers
|upkeep
|turn|24
|inactive|ojr has 270 seconds left.
|
|t:|1730207583
|switch|p1a: Blissey|Blissey, F|88/100
|-damage|p1a: Blissey|71/100|[from] Spikes
|move|p2a: Celebi|Leech Seed|p1a: Blissey
|-start|p1a: Blissey|move: Leech Seed
|
|-weather|Sandstorm|[upkeep]
|-damage|p2a: Celebi|65/100|[from] Sandstorm
|-damage|p1a: Blissey|65/100|[from] Sandstorm
|-heal|p2a: Celebi|71/100|[from] item: Leftovers
|-heal|p1a: Blissey|71/100|[from] item: Leftovers
|-damage|p1a: Blissey|59/100|[from] Leech Seed|[of] p2a: Celebi
|-heal|p2a: Celebi|92/100|[silent]
|upkeep
|turn|25
|
|t:|1730207588
|switch|p2a: Skarmory|Skarmory, F|17/100
|move|p1a: Blissey|Wish|p1a: Blissey
|
|-weather|Sandstorm|[upkeep]
|-damage|p1a: Blissey|53/100|[from] Sandstorm
|-heal|p2a: Skarmory|23/100|[from] item: Leftovers
|-heal|p1a: Blissey|59/100|[from] item: Leftovers
|-damage|p1a: Blissey|47/100|[from] Leech Seed|[of] p2a: Skarmory
|-heal|p2a: Skarmory|47/100|[silent]
|upkeep
|turn|26
|
|t:|1730207598
|move|p1a: Blissey|Seismic Toss|p2a: Skarmory
|-damage|p2a: Skarmory|17/100
|move|p2a: Skarmory|Roar|p1a: Blissey
|drag|p1a: Skarmory|Skarmory, M|56/100
|
|-heal|p1a: Skarmory|100/100|[from] move: Wish|[wisher] Blissey
|-weather|Sandstorm|[upkeep]
|-heal|p2a: Skarmory|23/100|[from] item: Leftovers
|upkeep
|turn|27
|inactive|ojr has 270 seconds left.
|
|t:|1730207630
|move|p2a: Skarmory|Spikes|p1a: Skarmory
|-sidestart|p1: ojr|Spikes
|move|p1a: Skarmory|Spikes|p2a: Skarmory
|-sidestart|p2: dicerat8|Spikes
|
|-weather|Sandstorm|[upkeep]
|-heal|p2a: Skarmory|29/100|[from] item: Leftovers
|upkeep
|turn|28
|inactive|ojr has 270 seconds left.
|
|t:|1730207649
|switch|p2a: 56 Miles|Gengar, F|91/100
|move|p1a: Skarmory|Spikes|p2a: 56 Miles
|-sidestart|p2: dicerat8|Spikes
|
|-weather|Sandstorm|[upkeep]
|-damage|p2a: 56 Miles|85/100|[from] Sandstorm
|-heal|p2a: 56 Miles|91/100|[from] item: Leftovers
|upkeep
|turn|29
|inactive|ojr has 240 seconds left.
|inactive|ojr has 210 seconds left.
|
|t:|1730207734
|move|p2a: 56 Miles|Will-O-Wisp|p1a: Skarmory
|-status|p1a: Skarmory|brn
|move|p1a: Skarmory|Roar|p2a: 56 Miles
|drag|p2a: Aerodactyl|Aerodactyl, F|100/100
|
|-weather|Sandstorm|[upkeep]
|-damage|p1a: Skarmory|88/100 brn|[from] brn
|upkeep
|turn|30
|inactive|ojr has 180 seconds left.
|
|t:|1730207754
|switch|p2a: 56 Miles|Gengar, F|91/100
|switch|p1a: Claydol|Claydol|50/100
|
|-weather|Sandstorm|[upkeep]
|-damage|p2a: 56 Miles|85/100|[from] Sandstorm
|-heal|p2a: 56 Miles|91/100|[from] item: Leftovers
|-heal|p1a: Claydol|57/100|[from] item: Leftovers
|upkeep
|turn|31
|
|t:|1730207760
|move|p2a: 56 Miles|Shadow Ball|p1a: Claydol
|-supereffective|p1a: Claydol
|-damage|p1a: Claydol|0 fnt
|faint|p1a: Claydol
|inactive|ojr has 180 seconds left.
|
|t:|1730207780
|switch|p1a: Blissey|Blissey, F|47/100
|-damage|p1a: Blissey|22/100|[from] Spikes
|
|-weather|Sandstorm|[upkeep]
|-damage|p2a: 56 Miles|85/100|[from] Sandstorm
|-damage|p1a: Blissey|16/100|[from] Sandstorm
|-heal|p2a: 56 Miles|91/100|[from] item: Leftovers
|-heal|p1a: Blissey|22/100|[from] item: Leftovers
|upkeep
|turn|32
|
|t:|1730207783
|-singleturn|p2a: 56 Miles|move: Focus Punch
|move|p1a: Blissey|Ice Beam|p2a: 56 Miles
|-damage|p2a: 56 Miles|56/100
|move|p2a: 56 Miles|Focus Punch||[still]
|cant|p2a: 56 Miles|Focus Punch|Focus Punch
|
|-weather|Sandstorm|[upkeep]
|-damage|p2a: 56 Miles|50/100|[from] Sandstorm
|-damage|p1a: Blissey|16/100|[from] Sandstorm
|-heal|p2a: 56 Miles|56/100|[from] item: Leftovers
|-heal|p1a: Blissey|22/100|[from] item: Leftovers
|upkeep
|turn|33
|
|t:|1730207792
|-singleturn|p2a: 56 Miles|move: Focus Punch
|move|p1a: Blissey|Ice Beam|p2a: 56 Miles
|-damage|p2a: 56 Miles|18/100
|move|p2a: 56 Miles|Focus Punch||[still]
|cant|p2a: 56 Miles|Focus Punch|Focus Punch
|
|-weather|Sandstorm|[upkeep]
|-damage|p2a: 56 Miles|12/100|[from] Sandstorm
|-damage|p1a: Blissey|16/100|[from] Sandstorm
|-heal|p2a: 56 Miles|18/100|[from] item: Leftovers
|-heal|p1a: Blissey|22/100|[from] item: Leftovers
|upkeep
|turn|34
|
|t:|1730207806
|move|p2a: 56 Miles|Will-O-Wisp|p1a: Blissey|[miss]
|-miss|p2a: 56 Miles|p1a: Blissey
|move|p1a: Blissey|Wish|p1a: Blissey
|
|-weather|Sandstorm|[upkeep]
|-damage|p2a: 56 Miles|12/100|[from] Sandstorm
|-damage|p1a: Blissey|16/100|[from] Sandstorm
|-heal|p2a: 56 Miles|18/100|[from] item: Leftovers
|-heal|p1a: Blissey|22/100|[from] item: Leftovers
|upkeep
|turn|35
|
|t:|1730207818
|move|p2a: 56 Miles|Will-O-Wisp|p1a: Blissey|[miss]
|-miss|p2a: 56 Miles|p1a: Blissey
|move|p1a: Blissey|Ice Beam|p2a: 56 Miles
|-damage|p2a: 56 Miles|0 fnt
|faint|p2a: 56 Miles
|
|t:|1730207822
|switch|p2a: Swampert|Swampert, F|100/100
|-damage|p2a: Swampert|76/100|[from] Spikes
|
|-heal|p1a: Blissey|72/100|[from] move: Wish|[wisher] Blissey
|-weather|Sandstorm|[upkeep]
|-damage|p1a: Blissey|65/100|[from] Sandstorm
|-heal|p2a: Swampert|82/100|[from] item: Leftovers
|-heal|p1a: Blissey|72/100|[from] item: Leftovers
|upkeep
|turn|36
|
|t:|1730207832
|move|p2a: Swampert|Earthquake|p1a: Blissey
|-damage|p1a: Blissey|22/100
|move|p1a: Blissey|Soft-Boiled|p1a: Blissey
|-heal|p1a: Blissey|72/100
|
|-weather|Sandstorm|[upkeep]
|-damage|p1a: Blissey|66/100|[from] Sandstorm
|-heal|p2a: Swampert|88/100|[from] item: Leftovers
|-heal|p1a: Blissey|72/100|[from] item: Leftovers
|upkeep
|turn|37
|
|t:|1730207841
|move|p2a: Swampert|Earthquake|p1a: Blissey
|-damage|p1a: Blissey|26/100
|move|p1a: Blissey|Soft-Boiled|p1a: Blissey
|-heal|p1a: Blissey|76/100
|
|-weather|Sandstorm|[upkeep]
|-damage|p1a: Blissey|70/100|[from] Sandstorm
|-heal|p2a: Swampert|94/100|[from] item: Leftovers
|-heal|p1a: Blissey|76/100|[from] item: Leftovers
|upkeep
|turn|38
|
|t:|1730207847
|-singleturn|p2a: Swampert|move: Focus Punch
|move|p1a: Blissey|Soft-Boiled|p1a: Blissey
|-heal|p1a: Blissey|100/100
|move|p2a: Swampert|Focus Punch|p1a: Blissey
|-supereffective|p1a: Blissey
|-damage|p1a: Blissey|6/100
|
|-weather|Sandstorm|[upkeep]
|-damage|p1a: Blissey|0 fnt|[from] Sandstorm
|faint|p1a: Blissey
|-heal|p2a: Swampert|99/100|[from] item: Leftovers
|upkeep
|
|t:|1730207858
|switch|p1a: Salamence|Salamence, M|45/100
|-ability|p1a: Salamence|Intimidate|boost
|-unboost|p2a: Swampert|atk|1
|turn|39
|
|t:|1730207863
|switch|p2a: Skarmory|Skarmory, F|29/100
|move|p1a: Salamence|Hidden Power|p2a: Skarmory
|-resisted|p2a: Skarmory
|-damage|p2a: Skarmory|5/100
|
|-weather|Sandstorm|[upkeep]
|-damage|p1a: Salamence|39/100|[from] Sandstorm
|-heal|p2a: Skarmory|11/100|[from] item: Leftovers
|upkeep
|turn|40
|
|t:|1730207866
|move|p1a: Salamence|Hidden Power|p2a: Skarmory
|-resisted|p2a: Skarmory
|-damage|p2a: Skarmory|0 fnt
|faint|p2a: Skarmory
|
|t:|1730207867
|switch|p2a: Aerodactyl|Aerodactyl, F|100/100
|
|-weather|Sandstorm|[upkeep]
|-damage|p1a: Salamence|33/100|[from] Sandstorm
|upkeep
|turn|41
|
|t:|1730207873
|switch|p1a: Skarmory|Skarmory, M|88/100 brn
|move|p2a: Aerodactyl|Rock Slide|p1a: Skarmory
|-damage|p1a: Skarmory|48/100 brn
|
|-weather|Sandstorm|[upkeep]
|-heal|p1a: Skarmory|53/100 brn|[from] item: Leftovers
|-damage|p1a: Skarmory|41/100 brn|[from] brn
|upkeep
|turn|42
|
|t:|1730207879
|switch|p2a: Tyranitar|Tyranitar, M|79/100
|-damage|p2a: Tyranitar|54/100|[from] Spikes
|move|p1a: Skarmory|Toxic|p2a: Tyranitar
|-status|p2a: Tyranitar|tox
|
|-weather|Sandstorm|[upkeep]
|-heal|p2a: Tyranitar|60/100 tox|[from] item: Leftovers
|-damage|p2a: Tyranitar|54/100 tox|[from] psn
|-heal|p1a: Skarmory|47/100 brn|[from] item: Leftovers
|-damage|p1a: Skarmory|35/100 brn|[from] brn
|upkeep
|turn|43
|inactive|ojr has 240 seconds left.
|
|t:|1730207899
|move|p2a: Tyranitar|Hidden Power|p1a: Skarmory
|-resisted|p1a: Skarmory
|-damage|p1a: Skarmory|30/100 brn
|move|p1a: Skarmory|Roar|p2a: Tyranitar
|drag|p2a: Aerodactyl|Aerodactyl, F|100/100
|
|-weather|Sandstorm|[upkeep]
|-heal|p1a: Skarmory|36/100 brn|[from] item: Leftovers
|-damage|p1a: Skarmory|24/100 brn|[from] brn
|upkeep
|turn|44
|
|t:|1730207906
|move|p2a: Aerodactyl|Rock Slide|p1a: Skarmory
|-damage|p1a: Skarmory|0 fnt
|faint|p1a: Skarmory
|
|t:|1730207923
|switch|p1a: Salamence|Salamence, M|33/100
|-ability|p1a: Salamence|Intimidate|boost
|-unboost|p2a: Aerodactyl|atk|1
|
|-weather|Sandstorm|[upkeep]
|-damage|p1a: Salamence|27/100|[from] Sandstorm
|upkeep
|turn|45
|
|t:|1730207926
|switch|p2a: Tyranitar|Tyranitar, M|54/100 tox
|-damage|p2a: Tyranitar|29/100 tox|[from] Spikes
|move|p1a: Salamence|Rock Slide|p2a: Tyranitar
|-damage|p2a: Tyranitar|0 fnt
|faint|p2a: Tyranitar
|
|t:|1730207929
|switch|p2a: Aerodactyl|Aerodactyl, F|100/100
|
|-weather|Sandstorm|[upkeep]
|-damage|p1a: Salamence|21/100|[from] Sandstorm
|upkeep
|turn|46
|
|t:|1730207932
|move|p2a: Aerodactyl|Double-Edge|p1a: Salamence
|-damage|p1a: Salamence|0 fnt
|faint|p1a: Salamence
|
|t:|1730207935
|switch|p1a: Suicune|Suicune|88/100 slp
|-damage|p1a: Suicune|63/100 slp|[from] Spikes
|
|-weather|Sandstorm|[upkeep]
|-damage|p1a: Suicune|57/100 slp|[from] Sandstorm
|-heal|p1a: Suicune|63/100 slp|[from] item: Leftovers
|upkeep
|turn|47
|
|t:|1730207937
|move|p2a: Aerodactyl|Double-Edge|p1a: Suicune
|-damage|p1a: Suicune|33/100 slp
|cant|p1a: Suicune|slp
|
|-weather|Sandstorm|[upkeep]
|-damage|p1a: Suicune|26/100 slp|[from] Sandstorm
|-heal|p1a: Suicune|33/100 slp|[from] item: Leftovers
|upkeep
|turn|48
|c|☆ojr|gg
|inactive|ojr has 270 seconds left.
|c|☆dicerat8|ggwp
|
|t:|1730207944
|move|p2a: Aerodactyl|Double-Edge|p1a: Suicune
|-damage|p1a: Suicune|0 fnt
|faint|p1a: Suicune
|
|win|dicerat8
|player|p1|

</script>
<script type="application/json" class="data" id="replaydata-smogtours-gen3ou-803231">
{"id":"smogtours-gen3ou-803231","format":"[Gen 3] OU","players":["ojr","dicerat8"],"uploadtime":1730207944,"views":98,"formatid":"gen3ou","rating":null,"private":0,"password":null}
</script>

<script defer src="js/replays.js?9d40a366"></script>
