<!DOCTYPE html>
<meta charset="utf-8" />
<meta name="viewport" content="width=device-width" />

<title>[Gen 3] OU: the band pet vs. Strawbbz - Replays - Pok&eacute;mon Showdown!</title>

<meta name="description" content="Watch a replay of a Pok&eacute;mon battle between the band pet and Strawbbz! Format: [Gen 3] OU; Date: Oct 17, 2024" />
<!--

Hey, you! Looking in the source for the replay log?

You can find them in JSON format, just add `.json` at the end of a replay URL.

https://replay.pokemonshowdown.com/gen7randomdoublesbattle-865046831.json

Or, if you only need the log itself, add `.log` instead:

https://replay.pokemonshowdown.com/gen7randomdoublesbattle-865046831.log

-->

<link rel="stylesheet" href="//pokemonshowdown.com/style/global.css?0.023195364461161105" />
<link rel="stylesheet" href="//play.pokemonshowdown.com/style/font-awesome.css?0.13261647063804238" />
<link rel="stylesheet" href="//play.pokemonshowdown.com/style/battle.css?0.8753245789963631" />
<link rel="stylesheet" href="//play.pokemonshowdown.com/style/utilichart.css?0.8627959624976733" />

<!-- Global site tag (gtag.js) - Google Analytics -->
<script async src="https://www.googletagmanager.com/gtag/js?id=UA-26211653-1"></script>
<script>
  window.dataLayer = window.dataLayer || [];
  function gtag(){dataLayer.push(arguments);}
  gtag('js', new Date());

  gtag('config', 'UA-26211653-1');
</script>
<!-- End Google Analytics -->
<!-- Venatus Ad Manager - Install in <HEAD> of page -->
	<script src="https://hb.vntsm.com/v3/live/ad-manager.min.js" type="text/javascript" data-site-id="642aba63ec9a7b11c3c9c1be" data-mode="scan" async></script>
<!-- / Venatus Ad Manager -->

<style>
	@media (max-width:820px) {
		.battle {
			margin: 0 auto;
		}
		.battle-log {
			margin: 7px auto 0;
			max-width: 640px;
			height: 300px;
			position: static;
		}
	}
	.optgroup {
		display: inline-block;
		line-height: 22px;
		font-size: 10pt;
	}
	.optgroup .button {
		height: 25px;
		padding-top: 0;
		padding-bottom: 0;
	}
	.optgroup button.button {
		padding-left: 12px;
		padding-right: 12px;
	}
	.linklist {
		list-style: none;
		margin: 0.5em 0;
		padding: 0;
	}
	.linklist li {
		padding: 2px 0;
	}
	.sidebar {
		float: left;
		width: 320px;
	}
	.bar-wrapper {
		max-width: 1100px;
		margin: 0 auto;
	}
	.bar-wrapper.has-sidebar {
		max-width: 1430px;
	}
	.mainbar {
		margin: 0;
		padding-right: 1px;
	}
	.mainbar.has-sidebar {
		margin-left: 330px;
	}
	@media (min-width: 1511px) {
		.sidebar {
			width: 400px;
		}
		.bar-wrapper.has-sidebar {
			max-width: 1510px;
		}
		.mainbar.has-sidebar {
			margin-left: 410px;
		}
	}
	.section.first-section {
		margin-top: 9px;
	}
	.blocklink small {
		white-space: normal;
	}
	.button {
		vertical-align: middle;
	}
	.replay-controls {
		padding-top: 10px;
	}
	.replay-controls h1 {
		font-size: 16pt;
		font-weight: normal;
		color: #CCC;
	}
	.pagelink {
		text-align: center;
	}
	.pagelink a {
		width: 150px;
	}
	.textbox, .button {
		font-size: 11pt;
		vertical-align: middle;
	}
	@media (max-width: 450px) {
		.button {
			font-size: 9pt;
		}
	}
</style>

<div>

	<header>
		<div class="nav-wrapper"><ul class="nav">
			<li><a class="button nav-first" href="//pokemonshowdown.com/"><img src="//pokemonshowdown.com/images/pokemonshowdownbeta.png" srcset="//pokemonshowdown.com/images/pokemonshowdownbeta.png 1x, //pokemonshowdown.com/images/pokemonshowdownbeta@2x.png 2x" alt="Pok&eacute;mon Showdown" width="146" height="44" /> Home</a></li>
			<li><a class="button" href="//pokemonshowdown.com/dex/">Pok&eacute;dex</a></li>
			<li><a class="button cur" href="/">Replays</a></li>
			<li><a class="button" href="//pokemonshowdown.com/ladder/">Ladder</a></li>
			<li><a class="button nav-last" href="//pokemonshowdown.com/forums/">Forum</a></li>
			<li><a class="button greenbutton nav-first nav-last" href="//play.pokemonshowdown.com/">Play</a></li>
		</ul></div>
	</header>

	<div class="main" id="main">

		<noscript><section class="section">You need to enable JavaScript to use this page; sorry!</section></noscript>

	</div>

</div>

<script defer nomodule src="//play.pokemonshowdown.com/js/lib/ps-polyfill.js"></script>
<script defer src="//play.pokemonshowdown.com/js/lib/preact.min.js"></script>

<script defer src="//play.pokemonshowdown.com/config/config.js?2bddbc15"></script>
<script defer src="//play.pokemonshowdown.com/js/lib/jquery-1.11.0.min.js"></script>
<script defer src="//play.pokemonshowdown.com/js/lib/html-sanitizer-minified.js"></script>
<script defer src="//play.pokemonshowdown.com/js/battle-sound.js"></script>
<script defer src="//play.pokemonshowdown.com/js/battledata.js?0.7209276989879541"></script>
<script defer src="//play.pokemonshowdown.com/data/pokedex-mini.js?0.6111056340867951"></script>
<script defer src="//play.pokemonshowdown.com/data/pokedex-mini-bw.js?0.3532142036491459"></script>
<script defer src="//play.pokemonshowdown.com/data/graphics.js?0.24223875632456182"></script>
<script defer src="//play.pokemonshowdown.com/data/pokedex.js?0.38839984266356864"></script>
<script defer src="//play.pokemonshowdown.com/data/moves.js?0.21866028504024015"></script>
<script defer src="//play.pokemonshowdown.com/data/abilities.js?0.2005157953846628"></script>
<script defer src="//play.pokemonshowdown.com/data/items.js?0.9894211263848525"></script>
<script defer src="//play.pokemonshowdown.com/data/teambuilder-tables.js?0.6008791140282215"></script>
<script defer src="//play.pokemonshowdown.com/js/battle-tooltips.js?0.7580118955022959"></script>
<script defer src="//play.pokemonshowdown.com/js/battle.js?0.6057722274234274"></script>

<script defer src="js/utils.js?e31f9a17"></script>
<script defer src="js/replays-battle.js?7008c182"></script>

<!-- don't scrape this data! just add .json or .log after the URL!
Full API docs: https://github.com/smogon/pokemon-showdown-client/blob/master/WEB-API.md -->
<script type="text/plain" class="log" id="replaylog-smogtours-gen3ou-799285">
|inactive|Battle timer is ON: inactive players will automatically lose when time's up.
|t:|1729181200
|gametype|singles
|player|p1|the band pet|102|
|player|p2|Strawbbz|silver-gen2|
|teamsize|p1|6
|teamsize|p2|6
|gen|3
|tier|[Gen 3] OU
|rule|Sleep Clause Mod: Limit one foe put to sleep
|rule|Switch Priority Clause Mod: Faster Pokémon switch first
|rule|Species Clause: Limit one of each Pokémon
|rule|OHKO Clause: OHKO moves are banned
|rule|Evasion Items Clause: Evasion items are banned
|rule|Evasion Moves Clause: Evasion moves are banned
|rule|Endless Battle Clause: Forcing endless battles is banned
|rule|HP Percentage Mod: HP is shown in percentages
|rule|One Boost Passer Clause: Limit one Baton Passer that has a way to boost its stats
|rule|Freeze Clause Mod: Limit one foe frozen
|
|t:|1729181200
|start
|switch|p1a: white herb|Metagross|100/100
|switch|p2a: Pyro|Tyranitar, F|100/100
|-weather|Sandstorm|[from] ability: Sand Stream|[of] p2a: Pyro
|turn|1
|
|t:|1729181215
|switch|p2a: SwamPerc-30|Swampert, F|100/100
|move|p1a: white herb|Rock Slide|p2a: SwamPerc-30
|-resisted|p2a: SwamPerc-30
|-damage|p2a: SwamPerc-30|91/100
|
|-weather|Sandstorm|[upkeep]
|-heal|p2a: SwamPerc-30|98/100|[from] item: Leftovers
|upkeep
|turn|2
|
|t:|1729181231
|switch|p1a: choice band|Celebi|100/100
|move|p2a: SwamPerc-30|Ice Beam|p1a: choice band
|-supereffective|p1a: choice band
|-damage|p1a: choice band|64/100
|
|-weather|Sandstorm|[upkeep]
|-damage|p1a: choice band|58/100|[from] Sandstorm
|-heal|p1a: choice band|64/100|[from] item: Leftovers
|-heal|p2a: SwamPerc-30|100/100|[from] item: Leftovers
|upkeep
|turn|3
|
|t:|1729181248
|switch|p2a: Spiegel|Skarmory, F|100/100
|move|p1a: choice band|Calm Mind|p1a: choice band
|-boost|p1a: choice band|spa|1
|-boost|p1a: choice band|spd|1
|
|-weather|Sandstorm|[upkeep]
|-damage|p1a: choice band|58/100|[from] Sandstorm
|-heal|p1a: choice band|64/100|[from] item: Leftovers
|upkeep
|turn|4
|
|t:|1729181252
|switch|p1a: petaya berry|Magneton|100/100
|move|p2a: Spiegel|Spikes|p1a: petaya berry
|-sidestart|p1: the band pet|Spikes
|
|-weather|Sandstorm|[upkeep]
|upkeep
|turn|5
|
|t:|1729181255
|move|p1a: petaya berry|Thunderbolt|p2a: Spiegel
|-supereffective|p2a: Spiegel
|-damage|p2a: Spiegel|0 fnt
|faint|p2a: Spiegel
|
|t:|1729181261
|switch|p2a: Piss Missile|Aerodactyl, F|100/100
|
|-weather|Sandstorm|[upkeep]
|upkeep
|turn|6
|
|t:|1729181274
|move|p2a: Piss Missile|Earthquake|p1a: petaya berry
|-supereffective|p1a: petaya berry
|-damage|p1a: petaya berry|0 fnt
|faint|p1a: petaya berry
|
|t:|1729181277
|switch|p1a: choice band|Celebi|64/100
|-damage|p1a: choice band|51/100|[from] Spikes
|
|-weather|Sandstorm|[upkeep]
|-damage|p1a: choice band|45/100|[from] Sandstorm
|-heal|p1a: choice band|51/100|[from] item: Leftovers
|upkeep
|turn|7
|
|t:|1729181293
|move|p2a: Piss Missile|Earthquake|p1a: choice band
|-resisted|p1a: choice band
|-crit|p1a: choice band
|-damage|p1a: choice band|11/100
|move|p1a: choice band|Calm Mind|p1a: choice band
|-boost|p1a: choice band|spa|1
|-boost|p1a: choice band|spd|1
|
|-weather|Sandstorm|[upkeep]
|-damage|p1a: choice band|5/100|[from] Sandstorm
|-heal|p1a: choice band|11/100|[from] item: Leftovers
|upkeep
|turn|8
|
|t:|1729181312
|move|p2a: Piss Missile|Earthquake|p1a: choice band
|-resisted|p1a: choice band
|-damage|p1a: choice band|0 fnt
|faint|p1a: choice band
|
|t:|1729181314
|switch|p1a: heraacross|Suicune|100/100
|-damage|p1a: heraacross|88/100|[from] Spikes
|
|-weather|Sandstorm|[upkeep]
|-damage|p1a: heraacross|82/100|[from] Sandstorm
|-heal|p1a: heraacross|88/100|[from] item: Leftovers
|upkeep
|turn|9
|
|t:|1729181323
|switch|p2a: Starcrossed <\/3|Starmie, shiny|100/100
|move|p1a: heraacross|Surf|p2a: Starcrossed <\/3
|-resisted|p2a: Starcrossed <\/3
|-damage|p2a: Starcrossed <\/3|78/100
|
|-weather|Sandstorm|[upkeep]
|-damage|p2a: Starcrossed <\/3|72/100|[from] Sandstorm
|-damage|p1a: heraacross|82/100|[from] Sandstorm
|-heal|p2a: Starcrossed <\/3|78/100|[from] item: Leftovers
|-heal|p1a: heraacross|88/100|[from] item: Leftovers
|upkeep
|turn|10
|
|t:|1729181328
|move|p2a: Starcrossed <\/3|Thunder Wave|p1a: heraacross
|-status|p1a: heraacross|par
|move|p1a: heraacross|Calm Mind|p1a: heraacross
|-boost|p1a: heraacross|spa|1
|-boost|p1a: heraacross|spd|1
|
|-weather|Sandstorm|[upkeep]
|-damage|p2a: Starcrossed <\/3|72/100|[from] Sandstorm
|-damage|p1a: heraacross|82/100 par|[from] Sandstorm
|-heal|p2a: Starcrossed <\/3|78/100|[from] item: Leftovers
|-heal|p1a: heraacross|88/100 par|[from] item: Leftovers
|upkeep
|turn|11
|
|t:|1729181331
|switch|p2a: Morbidly a Beast|Blissey, F|100/100
|move|p1a: heraacross|Calm Mind|p1a: heraacross
|-boost|p1a: heraacross|spa|1
|-boost|p1a: heraacross|spd|1
|
|-weather|Sandstorm|[upkeep]
|-damage|p2a: Morbidly a Beast|94/100|[from] Sandstorm
|-damage|p1a: heraacross|82/100 par|[from] Sandstorm
|-heal|p2a: Morbidly a Beast|100/100|[from] item: Leftovers
|-heal|p1a: heraacross|88/100 par|[from] item: Leftovers
|upkeep
|turn|12
|
|t:|1729181334
|move|p2a: Morbidly a Beast|Thunderbolt|p1a: heraacross
|-supereffective|p1a: heraacross
|-damage|p1a: heraacross|71/100 par
|move|p1a: heraacross|Calm Mind|p1a: heraacross
|-boost|p1a: heraacross|spa|1
|-boost|p1a: heraacross|spd|1
|
|-weather|Sandstorm|[upkeep]
|-damage|p2a: Morbidly a Beast|94/100|[from] Sandstorm
|-damage|p1a: heraacross|64/100 par|[from] Sandstorm
|-heal|p2a: Morbidly a Beast|100/100|[from] item: Leftovers
|-heal|p1a: heraacross|71/100 par|[from] item: Leftovers
|upkeep
|turn|13
|
|t:|1729181338
|move|p2a: Morbidly a Beast|Thunderbolt|p1a: heraacross
|-supereffective|p1a: heraacross
|-damage|p1a: heraacross|57/100 par
|move|p1a: heraacross|Calm Mind|p1a: heraacross
|-boost|p1a: heraacross|spa|1
|-boost|p1a: heraacross|spd|1
|
|-weather|Sandstorm|[upkeep]
|-damage|p2a: Morbidly a Beast|94/100|[from] Sandstorm
|-damage|p1a: heraacross|51/100 par|[from] Sandstorm
|-heal|p2a: Morbidly a Beast|100/100|[from] item: Leftovers
|-heal|p1a: heraacross|57/100 par|[from] item: Leftovers
|upkeep
|turn|14
|
|t:|1729181342
|move|p2a: Morbidly a Beast|Thunderbolt|p1a: heraacross
|-supereffective|p1a: heraacross
|-damage|p1a: heraacross|46/100 par
|move|p1a: heraacross|Calm Mind|p1a: heraacross
|-boost|p1a: heraacross|spa|1
|-boost|p1a: heraacross|spd|1
|
|-weather|Sandstorm|[upkeep]
|-damage|p2a: Morbidly a Beast|94/100|[from] Sandstorm
|-damage|p1a: heraacross|40/100 par|[from] Sandstorm
|-heal|p2a: Morbidly a Beast|100/100|[from] item: Leftovers
|-heal|p1a: heraacross|46/100 par|[from] item: Leftovers
|upkeep
|turn|15
|
|t:|1729181348
|move|p2a: Morbidly a Beast|Thunderbolt|p1a: heraacross
|-supereffective|p1a: heraacross
|-damage|p1a: heraacross|35/100 par
|move|p1a: heraacross|Rest|p1a: heraacross
|-status|p1a: heraacross|slp|[from] move: Rest
|-heal|p1a: heraacross|100/100 slp|[silent]
|
|-weather|Sandstorm|[upkeep]
|-damage|p1a: heraacross|94/100 slp|[from] Sandstorm
|-damage|p2a: Morbidly a Beast|94/100|[from] Sandstorm
|-heal|p1a: heraacross|100/100 slp|[from] item: Leftovers
|-heal|p2a: Morbidly a Beast|100/100|[from] item: Leftovers
|upkeep
|turn|16
|
|t:|1729181352
|switch|p2a: Pyro|Tyranitar, F|100/100
|cant|p1a: heraacross|slp
|
|-weather|Sandstorm|[upkeep]
|-damage|p1a: heraacross|94/100 slp|[from] Sandstorm
|-heal|p1a: heraacross|100/100 slp|[from] item: Leftovers
|upkeep
|turn|17
|
|t:|1729181356
|-singleturn|p2a: Pyro|move: Focus Punch
|cant|p1a: heraacross|slp
|move|p2a: Pyro|Focus Punch|p1a: heraacross
|-damage|p1a: heraacross|38/100 slp
|
|-weather|Sandstorm|[upkeep]
|-damage|p1a: heraacross|32/100 slp|[from] Sandstorm
|-heal|p1a: heraacross|38/100 slp|[from] item: Leftovers
|upkeep
|turn|18
|
|t:|1729181367
|switch|p2a: Starcrossed <\/3|Starmie, shiny|78/100
|-curestatus|p1a: heraacross|slp|[msg]
|move|p1a: heraacross|Surf|p2a: Starcrossed <\/3
|-resisted|p2a: Starcrossed <\/3
|-damage|p2a: Starcrossed <\/3|0 fnt
|faint|p2a: Starcrossed <\/3
|inactive|Strawbbz has 270 seconds left.
|
|t:|1729181420
|switch|p2a: Pyro|Tyranitar, F|100/100
|
|-weather|Sandstorm|[upkeep]
|-damage|p1a: heraacross|32/100|[from] Sandstorm
|-heal|p1a: heraacross|38/100|[from] item: Leftovers
|upkeep
|turn|19
|
|t:|1729181437
|move|p2a: Pyro|Rock Slide|p1a: heraacross
|-damage|p1a: heraacross|0 fnt
|faint|p1a: heraacross
|
|t:|1729181440
|switch|p1a: white herb|Metagross|100/100
|-damage|p1a: white herb|88/100|[from] Spikes
|
|-weather|Sandstorm|[upkeep]
|-heal|p1a: white herb|94/100|[from] item: Leftovers
|upkeep
|turn|20
|
|t:|1729181446
|switch|p2a: SwamPerc-30|Swampert, F|100/100
|move|p1a: white herb|Meteor Mash|p2a: SwamPerc-30
|-resisted|p2a: SwamPerc-30
|-damage|p2a: SwamPerc-30|81/100
|
|-weather|Sandstorm|[upkeep]
|-heal|p1a: white herb|100/100|[from] item: Leftovers
|-heal|p2a: SwamPerc-30|87/100|[from] item: Leftovers
|upkeep
|turn|21
|inactive|Strawbbz has 270 seconds left.
|
|t:|1729181457
|move|p1a: white herb|Explosion|p2a: SwamPerc-30
|-damage|p2a: SwamPerc-30|0 fnt
|faint|p1a: white herb
|faint|p2a: SwamPerc-30
|inactive|Strawbbz has 270 seconds left.
|
|t:|1729181469
|switch|p1a: ninjaask|Snorlax, F|100/100
|switch|p2a: Piss Missile|Aerodactyl, F|100/100
|-damage|p1a: ninjaask|88/100|[from] Spikes
|
|-weather|Sandstorm|[upkeep]
|-damage|p1a: ninjaask|82/100|[from] Sandstorm
|-heal|p1a: ninjaask|88/100|[from] item: Leftovers
|upkeep
|turn|22
|
|t:|1729181473
|move|p2a: Piss Missile|Rock Slide|p1a: ninjaask
|-damage|p1a: ninjaask|40/100
|move|p1a: ninjaask|Body Slam|p2a: Piss Missile
|-resisted|p2a: Piss Missile
|-damage|p2a: Piss Missile|69/100
|
|-weather|Sandstorm|[upkeep]
|-damage|p1a: ninjaask|34/100|[from] Sandstorm
|-heal|p1a: ninjaask|40/100|[from] item: Leftovers
|upkeep
|turn|23
|
|t:|1729181483
|move|p2a: Piss Missile|Rock Slide|p1a: ninjaask
|-damage|p1a: ninjaask|0 fnt
|faint|p1a: ninjaask
|
|t:|1729181486
|switch|p1a: mud slap|Heracross, F|100/100
|-damage|p1a: mud slap|88/100|[from] Spikes
|
|-weather|Sandstorm|[upkeep]
|-damage|p1a: mud slap|82/100|[from] Sandstorm
|upkeep
|turn|24
|
|t:|1729181492
|move|p2a: Piss Missile|Rock Slide|p1a: mud slap
|-damage|p1a: mud slap|16/100
|cant|p1a: mud slap|flinch
|
|-weather|Sandstorm|[upkeep]
|-damage|p1a: mud slap|10/100|[from] Sandstorm
|-enditem|p1a: mud slap|Salac Berry|[eat]
|-boost|p1a: mud slap|spe|1|[from] item: Salac Berry
|upkeep
|turn|25
|
|t:|1729181498
|move|p1a: mud slap|Rock Slide|p2a: Piss Missile
|-supereffective|p2a: Piss Missile
|-damage|p2a: Piss Missile|0 fnt
|faint|p2a: Piss Missile
|
|t:|1729181500
|switch|p2a: Morbidly a Beast|Blissey, F|100/100
|
|-weather|Sandstorm|[upkeep]
|-damage|p1a: mud slap|4/100|[from] Sandstorm
|-damage|p2a: Morbidly a Beast|94/100|[from] Sandstorm
|-heal|p2a: Morbidly a Beast|100/100|[from] item: Leftovers
|upkeep
|turn|26
|
|t:|1729181503
|move|p1a: mud slap|Megahorn|p2a: Morbidly a Beast
|-damage|p2a: Morbidly a Beast|0 fnt
|faint|p2a: Morbidly a Beast
|
|t:|1729181505
|switch|p2a: Pyro|Tyranitar, F|100/100
|
|-weather|Sandstorm|[upkeep]
|-damage|p1a: mud slap|0 fnt|[from] Sandstorm
|faint|p1a: mud slap
|
|win|Strawbbz
|upkeep
|c|☆the band pet|gg
|c|☆Strawbbz|gg'
|player|p1|

</script>
<script type="application/json" class="data" id="replaydata-smogtours-gen3ou-799285">
{"id":"smogtours-gen3ou-799285","format":"[Gen 3] OU","players":["the band pet","Strawbbz"],"uploadtime":1729181505,"views":87,"formatid":"gen3ou","rating":null,"private":0,"password":null}
</script>

<script defer src="js/replays.js?9d40a366"></script>
