<!DOCTYPE html>
<meta charset="utf-8" />
<meta name="viewport" content="width=device-width" />

<title>[Gen 3] OU: I&#039;m the Dome Ace vs. SBMalus - Replays - Pok&eacute;mon Showdown!</title>

<meta name="description" content="Watch a replay of a Pok&eacute;mon battle between I&#039;m the Dome Ace and SBMalus! Format: [Gen 3] OU; Date: Oct 15, 2024" />
<!--

Hey, you! Looking in the source for the replay log?

You can find them in JSON format, just add `.json` at the end of a replay URL.

https://replay.pokemonshowdown.com/gen7randomdoublesbattle-865046831.json

Or, if you only need the log itself, add `.log` instead:

https://replay.pokemonshowdown.com/gen7randomdoublesbattle-865046831.log

-->

<link rel="stylesheet" href="//pokemonshowdown.com/style/global.css?0.767286132409787" />
<link rel="stylesheet" href="//play.pokemonshowdown.com/style/font-awesome.css?0.9266228007934947" />
<link rel="stylesheet" href="//play.pokemonshowdown.com/style/battle.css?0.7924700842790926" />
<link rel="stylesheet" href="//play.pokemonshowdown.com/style/utilichart.css?0.8777417872839479" />

<!-- Global site tag (gtag.js) - Google Analytics -->
<script async src="https://www.googletagmanager.com/gtag/js?id=UA-26211653-1"></script>
<script>
  window.dataLayer = window.dataLayer || [];
  function gtag(){dataLayer.push(arguments);}
  gtag('js', new Date());

  gtag('config', 'UA-26211653-1');
</script>
<!-- End Google Analytics -->
<!-- Venatus Ad Manager - Install in <HEAD> of page -->
	<script src="https://hb.vntsm.com/v3/live/ad-manager.min.js" type="text/javascript" data-site-id="642aba63ec9a7b11c3c9c1be" data-mode="scan" async></script>
<!-- / Venatus Ad Manager -->

<style>
	@media (max-width:820px) {
		.battle {
			margin: 0 auto;
		}
		.battle-log {
			margin: 7px auto 0;
			max-width: 640px;
			height: 300px;
			position: static;
		}
	}
	.optgroup {
		display: inline-block;
		line-height: 22px;
		font-size: 10pt;
	}
	.optgroup .button {
		height: 25px;
		padding-top: 0;
		padding-bottom: 0;
	}
	.optgroup button.button {
		padding-left: 12px;
		padding-right: 12px;
	}
	.linklist {
		list-style: none;
		margin: 0.5em 0;
		padding: 0;
	}
	.linklist li {
		padding: 2px 0;
	}
	.sidebar {
		float: left;
		width: 320px;
	}
	.bar-wrapper {
		max-width: 1100px;
		margin: 0 auto;
	}
	.bar-wrapper.has-sidebar {
		max-width: 1430px;
	}
	.mainbar {
		margin: 0;
		padding-right: 1px;
	}
	.mainbar.has-sidebar {
		margin-left: 330px;
	}
	@media (min-width: 1511px) {
		.sidebar {
			width: 400px;
		}
		.bar-wrapper.has-sidebar {
			max-width: 1510px;
		}
		.mainbar.has-sidebar {
			margin-left: 410px;
		}
	}
	.section.first-section {
		margin-top: 9px;
	}
	.blocklink small {
		white-space: normal;
	}
	.button {
		vertical-align: middle;
	}
	.replay-controls {
		padding-top: 10px;
	}
	.replay-controls h1 {
		font-size: 16pt;
		font-weight: normal;
		color: #CCC;
	}
	.pagelink {
		text-align: center;
	}
	.pagelink a {
		width: 150px;
	}
	.textbox, .button {
		font-size: 11pt;
		vertical-align: middle;
	}
	@media (max-width: 450px) {
		.button {
			font-size: 9pt;
		}
	}
</style>

<div>

	<header>
		<div class="nav-wrapper"><ul class="nav">
			<li><a class="button nav-first" href="//pokemonshowdown.com/"><img src="//pokemonshowdown.com/images/pokemonshowdownbeta.png" srcset="//pokemonshowdown.com/images/pokemonshowdownbeta.png 1x, //pokemonshowdown.com/images/pokemonshowdownbeta@2x.png 2x" alt="Pok&eacute;mon Showdown" width="146" height="44" /> Home</a></li>
			<li><a class="button" href="//pokemonshowdown.com/dex/">Pok&eacute;dex</a></li>
			<li><a class="button cur" href="/">Replays</a></li>
			<li><a class="button" href="//pokemonshowdown.com/ladder/">Ladder</a></li>
			<li><a class="button nav-last" href="//pokemonshowdown.com/forums/">Forum</a></li>
			<li><a class="button greenbutton nav-first nav-last" href="//play.pokemonshowdown.com/">Play</a></li>
		</ul></div>
	</header>

	<div class="main" id="main">

		<noscript><section class="section">You need to enable JavaScript to use this page; sorry!</section></noscript>

	</div>

</div>

<script defer nomodule src="//play.pokemonshowdown.com/js/lib/ps-polyfill.js"></script>
<script defer src="//play.pokemonshowdown.com/js/lib/preact.min.js"></script>

<script defer src="//play.pokemonshowdown.com/config/config.js?6dec07f6"></script>
<script defer src="//play.pokemonshowdown.com/js/lib/jquery-1.11.0.min.js"></script>
<script defer src="//play.pokemonshowdown.com/js/lib/html-sanitizer-minified.js"></script>
<script defer src="//play.pokemonshowdown.com/js/battle-sound.js"></script>
<script defer src="//play.pokemonshowdown.com/js/battledata.js?0.6315294753075389"></script>
<script defer src="//play.pokemonshowdown.com/data/pokedex-mini.js?0.7603743185311358"></script>
<script defer src="//play.pokemonshowdown.com/data/pokedex-mini-bw.js?0.030888842834281283"></script>
<script defer src="//play.pokemonshowdown.com/data/graphics.js?0.05593094747507488"></script>
<script defer src="//play.pokemonshowdown.com/data/pokedex.js?0.47064822249611904"></script>
<script defer src="//play.pokemonshowdown.com/data/moves.js?0.8583693120512459"></script>
<script defer src="//play.pokemonshowdown.com/data/abilities.js?0.16017181182386842"></script>
<script defer src="//play.pokemonshowdown.com/data/items.js?0.4163379185673943"></script>
<script defer src="//play.pokemonshowdown.com/data/teambuilder-tables.js?0.31075597372830477"></script>
<script defer src="//play.pokemonshowdown.com/js/battle-tooltips.js?0.6536193500708172"></script>
<script defer src="//play.pokemonshowdown.com/js/battle.js?0.1916591943277901"></script>

<script defer src="js/utils.js?e31f9a17"></script>
<script defer src="js/replays-battle.js?7008c182"></script>

<!-- don't scrape this data! just add .json or .log after the URL!
Full API docs: https://github.com/smogon/pokemon-showdown-client/blob/master/WEB-API.md -->
<script type="text/plain" class="log" id="replaylog-smogtours-gen3ou-798852">
|inactive|Battle timer is ON: inactive players will automatically lose when time's up.
|t:|1728953426
|gametype|singles
|player|p1|I'm the Dome Ace|1|
|player|p2|SBMalus|chuck|
|teamsize|p1|6
|teamsize|p2|6
|gen|3
|tier|[Gen 3] OU
|rule|Sleep Clause Mod: Limit one foe put to sleep
|rule|Switch Priority Clause Mod: Faster Pokémon switch first
|rule|Species Clause: Limit one of each Pokémon
|rule|OHKO Clause: OHKO moves are banned
|rule|Evasion Items Clause: Evasion items are banned
|rule|Evasion Moves Clause: Evasion moves are banned
|rule|Endless Battle Clause: Forcing endless battles is banned
|rule|HP Percentage Mod: HP is shown in percentages
|rule|One Boost Passer Clause: Limit one Baton Passer that has a way to boost its stats
|rule|Freeze Clause Mod: Limit one foe frozen
|
|t:|1728953426
|start
|switch|p1a: Salamence|Salamence, F|100/100
|switch|p2a: Salamence|Salamence, M|100/100
|-ability|p1a: Salamence|Intimidate|boost
|-unboost|p2a: Salamence|atk|1
|-ability|p2a: Salamence|Intimidate|boost
|-unboost|p1a: Salamence|atk|1
|turn|1
|
|t:|1728953447
|switch|p1a: Jirachi|Jirachi|100/100
|switch|p2a: Metagross|Metagross, shiny|100/100
|
|upkeep
|turn|2
|
|t:|1728953457
|switch|p1a: Suicune|Suicune|100/100
|switch|p2a: Swampert|Swampert, F|100/100
|
|upkeep
|turn|3
|
|t:|1728953463
|move|p1a: Suicune|Calm Mind|p1a: Suicune
|-boost|p1a: Suicune|spa|1
|-boost|p1a: Suicune|spd|1
|move|p2a: Swampert|Roar|p1a: Suicune
|drag|p1a: Tyranitar|Tyranitar, M|100/100
|-weather|Sandstorm|[from] ability: Sand Stream|[of] p1a: Tyranitar
|
|-weather|Sandstorm|[upkeep]
|upkeep
|turn|4
|
|t:|1728953469
|switch|p2a: Metagross|Metagross, shiny|100/100
|switch|p1a: Suicune|Suicune|100/100
|
|-weather|Sandstorm|[upkeep]
|-damage|p1a: Suicune|94/100|[from] Sandstorm
|-heal|p1a: Suicune|100/100|[from] item: Leftovers
|upkeep
|turn|5
|
|t:|1728953489
|switch|p1a: Claydol|Claydol|100/100
|move|p2a: Metagross|Explosion|p1a: Claydol
|-damage|p1a: Claydol|0 fnt
|faint|p2a: Metagross
|faint|p1a: Claydol
|
|t:|1728953504
|switch|p1a: Jirachi|Jirachi|100/100
|switch|p2a: Gengar|Gengar, M, shiny|100/100
|
|-weather|Sandstorm|[upkeep]
|-damage|p2a: Gengar|94/100|[from] Sandstorm
|-heal|p2a: Gengar|100/100|[from] item: Leftovers
|upkeep
|turn|6
|
|t:|1728953510
|move|p1a: Jirachi|Protect|p1a: Jirachi
|-singleturn|p1a: Jirachi|Protect
|move|p2a: Gengar|Hypnosis|p1a: Jirachi
|-activate|p1a: Jirachi|Protect
|
|-weather|Sandstorm|[upkeep]
|-damage|p2a: Gengar|94/100|[from] Sandstorm
|-heal|p2a: Gengar|100/100|[from] item: Leftovers
|upkeep
|turn|7
|
|t:|1728953517
|switch|p2a: Swampert|Swampert, F|100/100
|move|p1a: Jirachi|Fire Punch|p2a: Swampert
|-resisted|p2a: Swampert
|-crit|p2a: Swampert
|-damage|p2a: Swampert|86/100
|-status|p2a: Swampert|brn
|
|-weather|Sandstorm|[upkeep]
|-heal|p2a: Swampert|92/100 brn|[from] item: Leftovers
|-damage|p2a: Swampert|79/100 brn|[from] brn
|upkeep
|turn|8
|c|☆I'm the Dome Ace|mb
|c|☆I'm the Dome Ace|got the crit too just because 
|
|t:|1728953531
|switch|p2a: Cloyster|Cloyster, M, shiny|100/100
|move|p1a: Jirachi|Fire Punch|p2a: Cloyster
|-damage|p2a: Cloyster|69/100
|-status|p2a: Cloyster|brn
|
|-weather|Sandstorm|[upkeep]
|-damage|p2a: Cloyster|63/100 brn|[from] Sandstorm
|-heal|p2a: Cloyster|69/100 brn|[from] item: Leftovers
|-damage|p2a: Cloyster|57/100 brn|[from] brn
|upkeep
|turn|9
|
|t:|1728953535
|move|p2a: Cloyster|Spikes|p1a: Jirachi
|-sidestart|p1: I'm the Dome Ace|Spikes
|move|p1a: Jirachi|Fire Punch|p2a: Cloyster
|-damage|p2a: Cloyster|26/100 brn
|
|-weather|Sandstorm|[upkeep]
|-damage|p2a: Cloyster|19/100 brn|[from] Sandstorm
|-heal|p2a: Cloyster|26/100 brn|[from] item: Leftovers
|-damage|p2a: Cloyster|13/100 brn|[from] brn
|upkeep
|turn|10
|
|t:|1728953537
|move|p2a: Cloyster|Spikes|p1a: Jirachi
|-sidestart|p1: I'm the Dome Ace|Spikes
|move|p1a: Jirachi|Fire Punch|p2a: Cloyster
|-damage|p2a: Cloyster|0 fnt
|faint|p2a: Cloyster
|
|t:|1728953539
|switch|p2a: Jolteon|Jolteon, M|100/100
|
|-weather|Sandstorm|[upkeep]
|-damage|p2a: Jolteon|94/100|[from] Sandstorm
|-heal|p2a: Jolteon|100/100|[from] item: Leftovers
|upkeep
|turn|11
|
|t:|1728953543
|move|p2a: Jolteon|Thunder Wave|p1a: Jirachi
|-status|p1a: Jirachi|par
|cant|p1a: Jirachi|par
|
|-weather|Sandstorm|[upkeep]
|-damage|p2a: Jolteon|94/100|[from] Sandstorm
|-heal|p2a: Jolteon|100/100|[from] item: Leftovers
|upkeep
|turn|12
|
|t:|1728953547
|move|p2a: Jolteon|Baton Pass|p2a: Jolteon
|
|t:|1728953549
|switch|p2a: Salamence|Salamence, M|100/100|[from] Baton Pass
|-ability|p2a: Salamence|Intimidate|boost
|-unboost|p1a: Jirachi|atk|1
|move|p1a: Jirachi|Body Slam|p2a: Salamence
|-damage|p2a: Salamence|84/100
|
|-weather|Sandstorm|[upkeep]
|-damage|p2a: Salamence|78/100|[from] Sandstorm
|-heal|p2a: Salamence|84/100|[from] item: Leftovers
|upkeep
|turn|13
|
|t:|1728953554
|switch|p1a: Salamence|Salamence, F|100/100
|-ability|p1a: Salamence|Intimidate|boost
|-unboost|p2a: Salamence|atk|1
|move|p2a: Salamence|Fire Blast|p1a: Salamence
|-resisted|p1a: Salamence
|-damage|p1a: Salamence|70/100
|
|-weather|Sandstorm|[upkeep]
|-damage|p1a: Salamence|64/100|[from] Sandstorm
|-damage|p2a: Salamence|78/100|[from] Sandstorm
|-heal|p1a: Salamence|70/100|[from] item: Leftovers
|-heal|p2a: Salamence|84/100|[from] item: Leftovers
|upkeep
|turn|14
|
|t:|1728953557
|move|p1a: Salamence|Dragon Claw|p2a: Salamence
|-supereffective|p2a: Salamence
|-damage|p2a: Salamence|0 fnt
|faint|p2a: Salamence
|
|t:|1728953560
|switch|p2a: Jolteon|Jolteon, M|100/100
|
|-weather|Sandstorm|[upkeep]
|-damage|p2a: Jolteon|94/100|[from] Sandstorm
|-damage|p1a: Salamence|64/100|[from] Sandstorm
|-heal|p2a: Jolteon|100/100|[from] item: Leftovers
|-heal|p1a: Salamence|70/100|[from] item: Leftovers
|upkeep
|turn|15
|
|t:|1728953569
|move|p2a: Jolteon|Thunderbolt|p1a: Salamence
|-crit|p1a: Salamence
|-damage|p1a: Salamence|0 fnt
|faint|p1a: Salamence
|
|t:|1728953576
|switch|p1a: Jirachi|Jirachi|100/100 par
|-damage|p1a: Jirachi|84/100 par|[from] Spikes
|
|-weather|Sandstorm|[upkeep]
|-damage|p2a: Jolteon|94/100|[from] Sandstorm
|-heal|p2a: Jolteon|100/100|[from] item: Leftovers
|-heal|p1a: Jirachi|90/100 par|[from] item: Leftovers
|upkeep
|turn|16
|
|t:|1728953579
|switch|p2a: Gengar|Gengar, M, shiny|100/100
|cant|p1a: Jirachi|par
|
|-weather|Sandstorm|[upkeep]
|-damage|p2a: Gengar|94/100|[from] Sandstorm
|-heal|p2a: Gengar|100/100|[from] item: Leftovers
|-heal|p1a: Jirachi|96/100 par|[from] item: Leftovers
|upkeep
|turn|17
|
|t:|1728953583
|move|p2a: Gengar|Thunderbolt|p1a: Jirachi
|-damage|p1a: Jirachi|75/100 par
|move|p1a: Jirachi|Wish|p1a: Jirachi
|
|-weather|Sandstorm|[upkeep]
|-damage|p2a: Gengar|94/100|[from] Sandstorm
|-heal|p2a: Gengar|100/100|[from] item: Leftovers
|-heal|p1a: Jirachi|82/100 par|[from] item: Leftovers
|upkeep
|turn|18
|
|t:|1728953586
|switch|p2a: Swampert|Swampert, F|79/100 brn
|cant|p1a: Jirachi|par
|
|-heal|p1a: Jirachi|100/100 par|[from] move: Wish|[wisher] Jirachi
|-weather|Sandstorm|[upkeep]
|-heal|p2a: Swampert|86/100 brn|[from] item: Leftovers
|-damage|p2a: Swampert|73/100 brn|[from] brn
|upkeep
|turn|19
|
|t:|1728953589
|move|p1a: Jirachi|Wish|p1a: Jirachi
|move|p2a: Swampert|Roar|p1a: Jirachi
|drag|p1a: Tyranitar|Tyranitar, M|100/100
|-damage|p1a: Tyranitar|84/100|[from] Spikes
|
|-weather|Sandstorm|[upkeep]
|-heal|p1a: Tyranitar|90/100|[from] item: Leftovers
|-heal|p2a: Swampert|79/100 brn|[from] item: Leftovers
|-damage|p2a: Swampert|67/100 brn|[from] brn
|upkeep
|turn|20
|
|t:|1728953597
|switch|p1a: Jirachi|Jirachi|100/100 par
|-damage|p1a: Jirachi|84/100 par|[from] Spikes
|move|p2a: Swampert|Surf|p1a: Jirachi
|-damage|p1a: Jirachi|65/100 par
|
|-heal|p1a: Jirachi|100/100 par|[from] move: Wish|[wisher] Jirachi
|-weather|Sandstorm|[upkeep]
|-heal|p2a: Swampert|73/100 brn|[from] item: Leftovers
|-damage|p2a: Swampert|61/100 brn|[from] brn
|upkeep
|turn|21
|
|t:|1728953603
|move|p1a: Jirachi|Body Slam|p2a: Swampert
|-damage|p2a: Swampert|47/100 brn
|move|p2a: Swampert|Roar|p1a: Jirachi
|drag|p1a: Tyranitar|Tyranitar, M|90/100
|-damage|p1a: Tyranitar|74/100|[from] Spikes
|
|-weather|Sandstorm|[upkeep]
|-heal|p1a: Tyranitar|80/100|[from] item: Leftovers
|-heal|p2a: Swampert|53/100 brn|[from] item: Leftovers
|-damage|p2a: Swampert|41/100 brn|[from] brn
|upkeep
|turn|22
|
|t:|1728953608
|switch|p1a: Suicune|Suicune|100/100
|-damage|p1a: Suicune|84/100|[from] Spikes
|switch|p2a: Jolteon|Jolteon, M|100/100
|
|-weather|Sandstorm|[upkeep]
|-damage|p2a: Jolteon|94/100|[from] Sandstorm
|-damage|p1a: Suicune|78/100|[from] Sandstorm
|-heal|p2a: Jolteon|100/100|[from] item: Leftovers
|-heal|p1a: Suicune|84/100|[from] item: Leftovers
|upkeep
|turn|23
|
|t:|1728953612
|switch|p1a: Snorlax|Snorlax, F|100/100
|-damage|p1a: Snorlax|84/100|[from] Spikes
|move|p2a: Jolteon|Thunderbolt|p1a: Snorlax
|-damage|p1a: Snorlax|60/100
|
|-weather|Sandstorm|[upkeep]
|-damage|p2a: Jolteon|94/100|[from] Sandstorm
|-damage|p1a: Snorlax|54/100|[from] Sandstorm
|-heal|p2a: Jolteon|100/100|[from] item: Leftovers
|-heal|p1a: Snorlax|60/100|[from] item: Leftovers
|upkeep
|turn|24
|
|t:|1728953614
|switch|p2a: Gengar|Gengar, M, shiny|100/100
|move|p1a: Snorlax|Earthquake|p2a: Gengar
|-immune|p2a: Gengar
|
|-weather|Sandstorm|[upkeep]
|-damage|p2a: Gengar|94/100|[from] Sandstorm
|-damage|p1a: Snorlax|54/100|[from] Sandstorm
|-heal|p2a: Gengar|100/100|[from] item: Leftovers
|-heal|p1a: Snorlax|60/100|[from] item: Leftovers
|upkeep
|turn|25
|
|t:|1728953617
|switch|p2a: Jolteon|Jolteon, M|100/100
|switch|p1a: Jirachi|Jirachi|100/100 par
|-damage|p1a: Jirachi|84/100 par|[from] Spikes
|
|-weather|Sandstorm|[upkeep]
|-damage|p2a: Jolteon|94/100|[from] Sandstorm
|-heal|p2a: Jolteon|100/100|[from] item: Leftovers
|-heal|p1a: Jirachi|90/100 par|[from] item: Leftovers
|upkeep
|turn|26
|
|t:|1728953619
|move|p2a: Jolteon|Thunderbolt|p1a: Jirachi
|-damage|p1a: Jirachi|60/100 par
|move|p1a: Jirachi|Wish|p1a: Jirachi
|
|-weather|Sandstorm|[upkeep]
|-damage|p2a: Jolteon|94/100|[from] Sandstorm
|-heal|p2a: Jolteon|100/100|[from] item: Leftovers
|-heal|p1a: Jirachi|66/100 par|[from] item: Leftovers
|upkeep
|turn|27
|
|t:|1728953623
|switch|p2a: Swampert|Swampert, F|41/100 brn
|cant|p1a: Jirachi|par
|
|-heal|p1a: Jirachi|100/100 par|[from] move: Wish|[wisher] Jirachi
|-weather|Sandstorm|[upkeep]
|-heal|p2a: Swampert|47/100 brn|[from] item: Leftovers
|-damage|p2a: Swampert|34/100 brn|[from] brn
|upkeep
|turn|28
|
|t:|1728953626
|move|p1a: Jirachi|Wish|p1a: Jirachi
|move|p2a: Swampert|Roar|p1a: Jirachi
|drag|p1a: Snorlax|Snorlax, F|60/100
|-damage|p1a: Snorlax|44/100|[from] Spikes
|
|-weather|Sandstorm|[upkeep]
|-damage|p1a: Snorlax|37/100|[from] Sandstorm
|-heal|p2a: Swampert|41/100 brn|[from] item: Leftovers
|-damage|p2a: Swampert|28/100 brn|[from] brn
|-heal|p1a: Snorlax|44/100|[from] item: Leftovers
|upkeep
|turn|29
|
|t:|1728953630
|move|p1a: Snorlax|Body Slam|p2a: Swampert
|-crit|p2a: Swampert
|-damage|p2a: Swampert|0 fnt
|faint|p2a: Swampert
|
|t:|1728953633
|switch|p2a: Gengar|Gengar, M, shiny|100/100
|
|-heal|p1a: Snorlax|93/100|[from] move: Wish|[wisher] Jirachi
|-weather|Sandstorm|[upkeep]
|-damage|p2a: Gengar|94/100|[from] Sandstorm
|-damage|p1a: Snorlax|87/100|[from] Sandstorm
|-heal|p2a: Gengar|100/100|[from] item: Leftovers
|-heal|p1a: Snorlax|93/100|[from] item: Leftovers
|upkeep
|turn|30
|
|t:|1728953641
|switch|p1a: Suicune|Suicune|84/100
|-damage|p1a: Suicune|68/100|[from] Spikes
|move|p2a: Gengar|Hypnosis|p1a: Suicune
|-status|p1a: Suicune|slp|[from] move: Hypnosis
|
|-weather|Sandstorm|[upkeep]
|-damage|p2a: Gengar|94/100|[from] Sandstorm
|-damage|p1a: Suicune|61/100 slp|[from] Sandstorm
|-heal|p2a: Gengar|100/100|[from] item: Leftovers
|-heal|p1a: Suicune|68/100 slp|[from] item: Leftovers
|upkeep
|turn|31
|
|t:|1728953645
|switch|p1a: Jirachi|Jirachi|100/100 par
|-damage|p1a: Jirachi|84/100 par|[from] Spikes
|move|p2a: Gengar|Thunderbolt|p1a: Jirachi
|-damage|p1a: Jirachi|63/100 par
|
|-weather|Sandstorm|[upkeep]
|-damage|p2a: Gengar|94/100|[from] Sandstorm
|-heal|p2a: Gengar|100/100|[from] item: Leftovers
|-heal|p1a: Jirachi|70/100 par|[from] item: Leftovers
|upkeep
|turn|32
|
|t:|1728953648
|move|p2a: Gengar|Thunderbolt|p1a: Jirachi
|-damage|p1a: Jirachi|49/100 par
|move|p1a: Jirachi|Wish|p1a: Jirachi
|
|-weather|Sandstorm|[upkeep]
|-damage|p2a: Gengar|94/100|[from] Sandstorm
|-heal|p2a: Gengar|100/100|[from] item: Leftovers
|-heal|p1a: Jirachi|55/100 par|[from] item: Leftovers
|upkeep
|turn|33
|
|t:|1728953653
|move|p2a: Gengar|Thunderbolt|p1a: Jirachi
|-damage|p1a: Jirachi|34/100 par
|move|p1a: Jirachi|Fire Punch|p2a: Gengar
|-damage|p2a: Gengar|73/100
|
|-heal|p1a: Jirachi|84/100 par|[from] move: Wish|[wisher] Jirachi
|-weather|Sandstorm|[upkeep]
|-damage|p2a: Gengar|67/100|[from] Sandstorm
|-heal|p2a: Gengar|73/100|[from] item: Leftovers
|-heal|p1a: Jirachi|90/100 par|[from] item: Leftovers
|upkeep
|turn|34
|
|t:|1728953657
|switch|p1a: Tyranitar|Tyranitar, M|80/100
|-damage|p1a: Tyranitar|63/100|[from] Spikes
|move|p2a: Gengar|Thunderbolt|p1a: Tyranitar
|-damage|p1a: Tyranitar|36/100
|
|-weather|Sandstorm|[upkeep]
|-damage|p2a: Gengar|67/100|[from] Sandstorm
|-heal|p2a: Gengar|73/100|[from] item: Leftovers
|-heal|p1a: Tyranitar|43/100|[from] item: Leftovers
|upkeep
|turn|35
|
|t:|1728953660
|move|p2a: Gengar|Giga Drain|p1a: Tyranitar
|-supereffective|p1a: Tyranitar
|-damage|p1a: Tyranitar|8/100
|-heal|p2a: Gengar|99/100|[from] drain|[of] p1a: Tyranitar
|move|p1a: Tyranitar|Crunch|p2a: Gengar
|-supereffective|p2a: Gengar
|-damage|p2a: Gengar|0 fnt
|faint|p2a: Gengar
|
|t:|1728953662
|switch|p2a: Jolteon|Jolteon, M|100/100
|
|-weather|Sandstorm|[upkeep]
|-damage|p2a: Jolteon|94/100|[from] Sandstorm
|-heal|p2a: Jolteon|100/100|[from] item: Leftovers
|-heal|p1a: Tyranitar|14/100|[from] item: Leftovers
|upkeep
|turn|36
|c|☆I'm the Dome Ace|gg sorry for rachi moments
|
|t:|1728953669
|move|p2a: Jolteon|Thunderbolt|p1a: Tyranitar
|-damage|p1a: Tyranitar|0 fnt
|faint|p1a: Tyranitar
|
|t:|1728953670
|switch|p1a: Snorlax|Snorlax, F|93/100
|-damage|p1a: Snorlax|77/100|[from] Spikes
|
|-weather|Sandstorm|[upkeep]
|-damage|p2a: Jolteon|94/100|[from] Sandstorm
|-damage|p1a: Snorlax|71/100|[from] Sandstorm
|-heal|p2a: Jolteon|100/100|[from] item: Leftovers
|-heal|p1a: Snorlax|77/100|[from] item: Leftovers
|upkeep
|turn|37
|
|t:|1728953672
|move|p2a: Jolteon|Thunder Wave|p1a: Snorlax
|-status|p1a: Snorlax|par
|move|p1a: Snorlax|Earthquake|p2a: Jolteon
|-supereffective|p2a: Jolteon
|-damage|p2a: Jolteon|0 fnt
|faint|p2a: Jolteon
|
|win|I'm the Dome Ace
|player|p2|

</script>
<script type="application/json" class="data" id="replaydata-smogtours-gen3ou-798852">
{"id":"smogtours-gen3ou-798852","format":"[Gen 3] OU","players":["I'm the Dome Ace","SBMalus"],"uploadtime":1728953672,"views":149,"formatid":"gen3ou","rating":null,"private":0,"password":null}
</script>

<script defer src="js/replays.js?9d40a366"></script>
