<!DOCTYPE html>
<meta charset="utf-8" />
<meta name="viewport" content="width=device-width" />

<title>[Gen 3] OU: NekuYagokoro vs. Vermillion Gangsta - Replays - Pok&eacute;mon Showdown!</title>

<meta name="description" content="Watch a replay of a Pok&eacute;mon battle between NekuYagokoro and Vermillion Gangsta! Format: [Gen 3] OU; Date: Oct 8, 2024" />
<!--

Hey, you! Looking in the source for the replay log?

You can find them in JSON format, just add `.json` at the end of a replay URL.

https://replay.pokemonshowdown.com/gen7randomdoublesbattle-865046831.json

Or, if you only need the log itself, add `.log` instead:

https://replay.pokemonshowdown.com/gen7randomdoublesbattle-865046831.log

-->

<link rel="stylesheet" href="//pokemonshowdown.com/style/global.css?0.023195364461161105" />
<link rel="stylesheet" href="//play.pokemonshowdown.com/style/font-awesome.css?0.13261647063804238" />
<link rel="stylesheet" href="//play.pokemonshowdown.com/style/battle.css?0.8753245789963631" />
<link rel="stylesheet" href="//play.pokemonshowdown.com/style/utilichart.css?0.8627959624976733" />

<!-- Global site tag (gtag.js) - Google Analytics -->
<script async src="https://www.googletagmanager.com/gtag/js?id=UA-26211653-1"></script>
<script>
  window.dataLayer = window.dataLayer || [];
  function gtag(){dataLayer.push(arguments);}
  gtag('js', new Date());

  gtag('config', 'UA-26211653-1');
</script>
<!-- End Google Analytics -->
<!-- Venatus Ad Manager - Install in <HEAD> of page -->
	<script src="https://hb.vntsm.com/v3/live/ad-manager.min.js" type="text/javascript" data-site-id="642aba63ec9a7b11c3c9c1be" data-mode="scan" async></script>
<!-- / Venatus Ad Manager -->

<style>
	@media (max-width:820px) {
		.battle {
			margin: 0 auto;
		}
		.battle-log {
			margin: 7px auto 0;
			max-width: 640px;
			height: 300px;
			position: static;
		}
	}
	.optgroup {
		display: inline-block;
		line-height: 22px;
		font-size: 10pt;
	}
	.optgroup .button {
		height: 25px;
		padding-top: 0;
		padding-bottom: 0;
	}
	.optgroup button.button {
		padding-left: 12px;
		padding-right: 12px;
	}
	.linklist {
		list-style: none;
		margin: 0.5em 0;
		padding: 0;
	}
	.linklist li {
		padding: 2px 0;
	}
	.sidebar {
		float: left;
		width: 320px;
	}
	.bar-wrapper {
		max-width: 1100px;
		margin: 0 auto;
	}
	.bar-wrapper.has-sidebar {
		max-width: 1430px;
	}
	.mainbar {
		margin: 0;
		padding-right: 1px;
	}
	.mainbar.has-sidebar {
		margin-left: 330px;
	}
	@media (min-width: 1511px) {
		.sidebar {
			width: 400px;
		}
		.bar-wrapper.has-sidebar {
			max-width: 1510px;
		}
		.mainbar.has-sidebar {
			margin-left: 410px;
		}
	}
	.section.first-section {
		margin-top: 9px;
	}
	.blocklink small {
		white-space: normal;
	}
	.button {
		vertical-align: middle;
	}
	.replay-controls {
		padding-top: 10px;
	}
	.replay-controls h1 {
		font-size: 16pt;
		font-weight: normal;
		color: #CCC;
	}
	.pagelink {
		text-align: center;
	}
	.pagelink a {
		width: 150px;
	}
	.textbox, .button {
		font-size: 11pt;
		vertical-align: middle;
	}
	@media (max-width: 450px) {
		.button {
			font-size: 9pt;
		}
	}
</style>

<div>

	<header>
		<div class="nav-wrapper"><ul class="nav">
			<li><a class="button nav-first" href="//pokemonshowdown.com/"><img src="//pokemonshowdown.com/images/pokemonshowdownbeta.png" srcset="//pokemonshowdown.com/images/pokemonshowdownbeta.png 1x, //pokemonshowdown.com/images/pokemonshowdownbeta@2x.png 2x" alt="Pok&eacute;mon Showdown" width="146" height="44" /> Home</a></li>
			<li><a class="button" href="//pokemonshowdown.com/dex/">Pok&eacute;dex</a></li>
			<li><a class="button cur" href="/">Replays</a></li>
			<li><a class="button" href="//pokemonshowdown.com/ladder/">Ladder</a></li>
			<li><a class="button nav-last" href="//pokemonshowdown.com/forums/">Forum</a></li>
			<li><a class="button greenbutton nav-first nav-last" href="//play.pokemonshowdown.com/">Play</a></li>
		</ul></div>
	</header>

	<div class="main" id="main">

		<noscript><section class="section">You need to enable JavaScript to use this page; sorry!</section></noscript>

	</div>

</div>

<script defer nomodule src="//play.pokemonshowdown.com/js/lib/ps-polyfill.js"></script>
<script defer src="//play.pokemonshowdown.com/js/lib/preact.min.js"></script>

<script defer src="//play.pokemonshowdown.com/config/config.js?2bddbc15"></script>
<script defer src="//play.pokemonshowdown.com/js/lib/jquery-1.11.0.min.js"></script>
<script defer src="//play.pokemonshowdown.com/js/lib/html-sanitizer-minified.js"></script>
<script defer src="//play.pokemonshowdown.com/js/battle-sound.js"></script>
<script defer src="//play.pokemonshowdown.com/js/battledata.js?0.7209276989879541"></script>
<script defer src="//play.pokemonshowdown.com/data/pokedex-mini.js?0.6111056340867951"></script>
<script defer src="//play.pokemonshowdown.com/data/pokedex-mini-bw.js?0.3532142036491459"></script>
<script defer src="//play.pokemonshowdown.com/data/graphics.js?0.24223875632456182"></script>
<script defer src="//play.pokemonshowdown.com/data/pokedex.js?0.38839984266356864"></script>
<script defer src="//play.pokemonshowdown.com/data/moves.js?0.21866028504024015"></script>
<script defer src="//play.pokemonshowdown.com/data/abilities.js?0.2005157953846628"></script>
<script defer src="//play.pokemonshowdown.com/data/items.js?0.9894211263848525"></script>
<script defer src="//play.pokemonshowdown.com/data/teambuilder-tables.js?0.6008791140282215"></script>
<script defer src="//play.pokemonshowdown.com/js/battle-tooltips.js?0.7580118955022959"></script>
<script defer src="//play.pokemonshowdown.com/js/battle.js?0.6057722274234274"></script>

<script defer src="js/utils.js?e31f9a17"></script>
<script defer src="js/replays-battle.js?7008c182"></script>

<!-- don't scrape this data! just add .json or .log after the URL!
Full API docs: https://github.com/smogon/pokemon-showdown-client/blob/master/WEB-API.md -->
<script type="text/plain" class="log" id="replaylog-smogtours-gen3ou-796473">
|inactive|Battle timer is ON: inactive players will automatically lose when time's up.
|t:|1728417963
|gametype|singles
|player|p1|NekuYagokoro|1|
|player|p2|Vermillion Gangsta|170|
|teamsize|p1|6
|teamsize|p2|6
|gen|3
|tier|[Gen 3] OU
|rule|Sleep Clause Mod: Limit one foe put to sleep
|rule|Switch Priority Clause Mod: Faster Pokémon switch first
|rule|Species Clause: Limit one of each Pokémon
|rule|OHKO Clause: OHKO moves are banned
|rule|Evasion Items Clause: Evasion items are banned
|rule|Evasion Moves Clause: Evasion moves are banned
|rule|Endless Battle Clause: Forcing endless battles is banned
|rule|HP Percentage Mod: HP is shown in percentages
|rule|One Boost Passer Clause: Limit one Baton Passer that has a way to boost its stats
|rule|Freeze Clause Mod: Limit one foe frozen
|
|t:|1728417963
|start
|switch|p1a: bowser|Salamence, M|100/100
|switch|p2a: Zapdos|Zapdos|100/100
|-ability|p1a: bowser|Intimidate|boost
|-unboost|p2a: Zapdos|atk|1
|turn|1
|c|☆Vermillion Gangsta|hf bro
|
|t:|1728417976
|switch|p1a: the wall|Blissey, F|100/100
|move|p2a: Zapdos|Thunder Wave|p1a: the wall
|-status|p1a: the wall|par
|
|upkeep
|turn|2
|c|☆NekuYagokoro|glhf!
|
|t:|1728417987
|switch|p2a: Metagross|Metagross|100/100
|cant|p1a: the wall|par
|
|upkeep
|turn|3
|
|t:|1728417994
|-curestatus|p1a: the wall|par|[from] ability: Natural Cure
|switch|p1a: lets go gambling!|Metagross|100/100
|move|p2a: Metagross|Explosion|p1a: lets go gambling!
|-resisted|p1a: lets go gambling!
|-damage|p1a: lets go gambling!|6/100
|faint|p2a: Metagross
|
|t:|1728418008
|switch|p2a: Zapdos|Zapdos|100/100
|
|-heal|p1a: lets go gambling!|12/100|[from] item: Leftovers
|upkeep
|turn|4
|
|t:|1728418016
|switch|p2a: Swampert|Swampert, M|100/100
|move|p1a: lets go gambling!|Explosion|p2a: Swampert
|-crit|p2a: Swampert
|-damage|p2a: Swampert|0 fnt
|faint|p1a: lets go gambling!
|faint|p2a: Swampert
|
|t:|1728418023
|switch|p1a: bowser|Salamence, M|100/100
|switch|p2a: Tyranitar|Tyranitar, F|100/100
|-ability|p1a: bowser|Intimidate|boost
|-unboost|p2a: Tyranitar|atk|1
|-weather|Sandstorm|[from] ability: Sand Stream|[of] p2a: Tyranitar
|
|-weather|Sandstorm|[upkeep]
|-damage|p1a: bowser|94/100|[from] Sandstorm
|upkeep
|turn|5
|
|t:|1728418031
|switch|p2a: Zapdos|Zapdos|100/100
|move|p1a: bowser|Rock Slide|p2a: Zapdos
|-supereffective|p2a: Zapdos
|-damage|p2a: Zapdos|8/100
|
|-weather|Sandstorm|[upkeep]
|-damage|p1a: bowser|88/100|[from] Sandstorm
|-damage|p2a: Zapdos|2/100|[from] Sandstorm
|-heal|p2a: Zapdos|8/100|[from] item: Leftovers
|upkeep
|turn|6
|
|t:|1728418040
|move|p1a: bowser|Rock Slide|p2a: Zapdos
|-supereffective|p2a: Zapdos
|-damage|p2a: Zapdos|0 fnt
|faint|p2a: Zapdos
|
|t:|1728418045
|switch|p2a: Salamence|Salamence, M|100/100
|-ability|p2a: Salamence|Intimidate|boost
|-unboost|p1a: bowser|atk|1
|
|-weather|Sandstorm|[upkeep]
|-damage|p1a: bowser|82/100|[from] Sandstorm
|-damage|p2a: Salamence|95/100|[from] Sandstorm
|-heal|p2a: Salamence|100/100|[from] item: Leftovers
|upkeep
|turn|7
|
|t:|1728418058
|move|p1a: bowser|Rock Slide|p2a: Salamence
|-supereffective|p2a: Salamence
|-damage|p2a: Salamence|27/100
|move|p2a: Salamence|Dragon Dance|p2a: Salamence
|-boost|p2a: Salamence|atk|1
|-boost|p2a: Salamence|spe|1
|
|-weather|Sandstorm|[upkeep]
|-damage|p2a: Salamence|21/100|[from] Sandstorm
|-damage|p1a: bowser|76/100|[from] Sandstorm
|-heal|p2a: Salamence|27/100|[from] item: Leftovers
|upkeep
|turn|8
|
|t:|1728418069
|move|p2a: Salamence|Rock Slide|p1a: bowser
|-supereffective|p1a: bowser
|-damage|p1a: bowser|0 fnt
|faint|p1a: bowser
|
|t:|1728418076
|switch|p1a: the spinnerrr|Claydol|100/100
|
|-weather|Sandstorm|[upkeep]
|-damage|p2a: Salamence|21/100|[from] Sandstorm
|-heal|p2a: Salamence|27/100|[from] item: Leftovers
|upkeep
|turn|9
|
|t:|1728418095
|move|p2a: Salamence|Hidden Power|p1a: the spinnerrr
|-damage|p1a: the spinnerrr|47/100
|move|p1a: the spinnerrr|Psychic|p2a: Salamence
|-damage|p2a: Salamence|7/100
|
|-weather|Sandstorm|[upkeep]
|-damage|p2a: Salamence|1/100|[from] Sandstorm
|-heal|p2a: Salamence|7/100|[from] item: Leftovers
|-heal|p1a: the spinnerrr|53/100|[from] item: Leftovers
|upkeep
|turn|10
|
|t:|1728418101
|move|p2a: Salamence|Hidden Power|p1a: the spinnerrr
|-damage|p1a: the spinnerrr|0 fnt
|faint|p1a: the spinnerrr
|
|t:|1728418104
|switch|p1a: honk shoooo|Suicune|100/100
|
|-weather|Sandstorm|[upkeep]
|-damage|p2a: Salamence|1/100|[from] Sandstorm
|-damage|p1a: honk shoooo|94/100|[from] Sandstorm
|-heal|p2a: Salamence|7/100|[from] item: Leftovers
|-heal|p1a: honk shoooo|100/100|[from] item: Leftovers
|upkeep
|turn|11
|
|t:|1728418123
|move|p2a: Salamence|Hidden Power|p1a: honk shoooo
|-damage|p1a: honk shoooo|69/100
|move|p1a: honk shoooo|Surf|p2a: Salamence
|-resisted|p2a: Salamence
|-damage|p2a: Salamence|0 fnt
|faint|p2a: Salamence
|
|t:|1728418129
|switch|p2a: Jirachi|Jirachi|100/100
|
|-weather|Sandstorm|[upkeep]
|-damage|p1a: honk shoooo|63/100|[from] Sandstorm
|-heal|p1a: honk shoooo|69/100|[from] item: Leftovers
|upkeep
|turn|12
|
|t:|1728418135
|move|p2a: Jirachi|Calm Mind|p2a: Jirachi
|-boost|p2a: Jirachi|spa|1
|-boost|p2a: Jirachi|spd|1
|move|p1a: honk shoooo|Calm Mind|p1a: honk shoooo
|-boost|p1a: honk shoooo|spa|1
|-boost|p1a: honk shoooo|spd|1
|
|-weather|Sandstorm|[upkeep]
|-damage|p1a: honk shoooo|63/100|[from] Sandstorm
|-heal|p1a: honk shoooo|69/100|[from] item: Leftovers
|upkeep
|turn|13
|
|t:|1728418141
|move|p2a: Jirachi|Hidden Power|p1a: honk shoooo
|-supereffective|p1a: honk shoooo
|-damage|p1a: honk shoooo|38/100
|move|p1a: honk shoooo|Calm Mind|p1a: honk shoooo
|-boost|p1a: honk shoooo|spa|1
|-boost|p1a: honk shoooo|spd|1
|
|-weather|Sandstorm|[upkeep]
|-damage|p1a: honk shoooo|32/100|[from] Sandstorm
|-heal|p1a: honk shoooo|38/100|[from] item: Leftovers
|upkeep
|turn|14
|
|t:|1728418147
|move|p2a: Jirachi|Calm Mind|p2a: Jirachi
|-boost|p2a: Jirachi|spa|1
|-boost|p2a: Jirachi|spd|1
|move|p1a: honk shoooo|Calm Mind|p1a: honk shoooo
|-boost|p1a: honk shoooo|spa|1
|-boost|p1a: honk shoooo|spd|1
|
|-weather|Sandstorm|[upkeep]
|-damage|p1a: honk shoooo|32/100|[from] Sandstorm
|-heal|p1a: honk shoooo|38/100|[from] item: Leftovers
|upkeep
|turn|15
|
|t:|1728418155
|move|p2a: Jirachi|Hidden Power|p1a: honk shoooo
|-supereffective|p1a: honk shoooo
|-damage|p1a: honk shoooo|15/100
|move|p1a: honk shoooo|Calm Mind|p1a: honk shoooo
|-boost|p1a: honk shoooo|spa|1
|-boost|p1a: honk shoooo|spd|1
|
|-weather|Sandstorm|[upkeep]
|-damage|p1a: honk shoooo|9/100|[from] Sandstorm
|-heal|p1a: honk shoooo|15/100|[from] item: Leftovers
|upkeep
|turn|16
|
|t:|1728418161
|move|p2a: Jirachi|Hidden Power|p1a: honk shoooo
|-supereffective|p1a: honk shoooo
|-damage|p1a: honk shoooo|0 fnt
|faint|p1a: honk shoooo
|
|t:|1728418166
|switch|p1a: mag jumpscare|Magneton|100/100
|
|-weather|Sandstorm|[upkeep]
|upkeep
|turn|17
|
|t:|1728418172
|move|p2a: Jirachi|Fire Punch|p1a: mag jumpscare
|-supereffective|p1a: mag jumpscare
|-damage|p1a: mag jumpscare|0 fnt
|faint|p1a: mag jumpscare
|
|t:|1728418176
|switch|p1a: the wall|Blissey, F|100/100
|
|-weather|Sandstorm|[upkeep]
|-damage|p1a: the wall|94/100|[from] Sandstorm
|-heal|p1a: the wall|100/100|[from] item: Leftovers
|upkeep
|turn|18
|
|t:|1728418186
|move|p2a: Jirachi|Psychic|p1a: the wall
|-damage|p1a: the wall|72/100
|move|p1a: the wall|Seismic Toss|p2a: Jirachi
|-damage|p2a: Jirachi|71/100
|
|-weather|Sandstorm|[upkeep]
|-damage|p1a: the wall|66/100|[from] Sandstorm
|-heal|p2a: Jirachi|77/100|[from] item: Leftovers
|-heal|p1a: the wall|72/100|[from] item: Leftovers
|upkeep
|turn|19
|
|t:|1728418191
|move|p2a: Jirachi|Calm Mind|p2a: Jirachi
|-boost|p2a: Jirachi|spa|1
|-boost|p2a: Jirachi|spd|1
|move|p1a: the wall|Soft-Boiled|p1a: the wall
|-heal|p1a: the wall|100/100
|
|-weather|Sandstorm|[upkeep]
|-damage|p1a: the wall|94/100|[from] Sandstorm
|-heal|p2a: Jirachi|83/100|[from] item: Leftovers
|-heal|p1a: the wall|100/100|[from] item: Leftovers
|upkeep
|turn|20
|
|t:|1728418196
|move|p2a: Jirachi|Psychic|p1a: the wall
|-damage|p1a: the wall|60/100
|move|p1a: the wall|Seismic Toss|p2a: Jirachi
|-damage|p2a: Jirachi|54/100
|
|-weather|Sandstorm|[upkeep]
|-damage|p1a: the wall|54/100|[from] Sandstorm
|-heal|p2a: Jirachi|60/100|[from] item: Leftovers
|-heal|p1a: the wall|60/100|[from] item: Leftovers
|upkeep
|turn|21
|
|t:|1728418203
|move|p2a: Jirachi|Calm Mind|p2a: Jirachi
|-boost|p2a: Jirachi|spa|1
|-boost|p2a: Jirachi|spd|1
|move|p1a: the wall|Soft-Boiled|p1a: the wall
|-heal|p1a: the wall|100/100
|
|-weather|Sandstorm|[upkeep]
|-damage|p1a: the wall|94/100|[from] Sandstorm
|-heal|p2a: Jirachi|66/100|[from] item: Leftovers
|-heal|p1a: the wall|100/100|[from] item: Leftovers
|upkeep
|turn|22
|
|t:|1728418206
|move|p2a: Jirachi|Calm Mind|p2a: Jirachi
|-boost|p2a: Jirachi|spa|1
|-boost|p2a: Jirachi|spd|1
|move|p1a: the wall|Wish|p1a: the wall
|
|-weather|Sandstorm|[upkeep]
|-damage|p1a: the wall|94/100|[from] Sandstorm
|-heal|p2a: Jirachi|73/100|[from] item: Leftovers
|-heal|p1a: the wall|100/100|[from] item: Leftovers
|upkeep
|turn|23
|
|t:|1728418217
|move|p2a: Jirachi|Psychic|p1a: the wall
|-damage|p1a: the wall|44/100
|move|p1a: the wall|Seismic Toss|p2a: Jirachi
|-damage|p2a: Jirachi|43/100
|
|-heal|p1a: the wall|94/100|[from] move: Wish|[wisher] the wall
|-weather|Sandstorm|[upkeep]
|-damage|p1a: the wall|88/100|[from] Sandstorm
|-heal|p2a: Jirachi|49/100|[from] item: Leftovers
|-heal|p1a: the wall|94/100|[from] item: Leftovers
|upkeep
|turn|24
|
|t:|1728418224
|move|p2a: Jirachi|Calm Mind|p2a: Jirachi
|-boost|p2a: Jirachi|spa|1
|-boost|p2a: Jirachi|spd|1
|move|p1a: the wall|Seismic Toss|p2a: Jirachi
|-damage|p2a: Jirachi|20/100
|
|-weather|Sandstorm|[upkeep]
|-damage|p1a: the wall|88/100|[from] Sandstorm
|-heal|p2a: Jirachi|26/100|[from] item: Leftovers
|-heal|p1a: the wall|94/100|[from] item: Leftovers
|upkeep
|turn|25
|
|t:|1728418232
|move|p2a: Jirachi|Psychic|p1a: the wall
|-damage|p1a: the wall|28/100
|move|p1a: the wall|Seismic Toss|p2a: Jirachi
|-damage|p2a: Jirachi|0 fnt
|faint|p2a: Jirachi
|
|t:|1728418236
|switch|p2a: Tyranitar|Tyranitar, F|100/100
|
|-weather|Sandstorm|[upkeep]
|-damage|p1a: the wall|22/100|[from] Sandstorm
|-heal|p1a: the wall|28/100|[from] item: Leftovers
|upkeep
|turn|26
|
|t:|1728418242
|move|p2a: Tyranitar|Double-Edge|p1a: the wall
|-damage|p1a: the wall|0 fnt
|-damage|p2a: Tyranitar|86/100|[from] Recoil|[of] p1a: the wall
|faint|p1a: the wall
|
|win|Vermillion Gangsta
|c|☆Vermillion Gangsta|ggwp
|c|☆NekuYagokoro|ggs!

</script>
<script type="application/json" class="data" id="replaydata-smogtours-gen3ou-796473">
{"id":"smogtours-gen3ou-796473","format":"[Gen 3] OU","players":["NekuYagokoro","Vermillion Gangsta"],"uploadtime":1728418242,"views":128,"formatid":"gen3ou","rating":null,"private":0,"password":null}
</script>

<script defer src="js/replays.js?9d40a366"></script>
