<!DOCTYPE html>
<meta charset="utf-8" />
<meta name="viewport" content="width=device-width" />

<title>[Gen 3] OU: AutumnWailord vs. witgiz - Replays - Pok&eacute;mon Showdown!</title>

<meta name="description" content="Watch a replay of a Pok&eacute;mon battle between AutumnWailord and witgiz! Format: [Gen 3] OU; Date: Oct 23, 2024" />
<!--

Hey, you! Looking in the source for the replay log?

You can find them in JSON format, just add `.json` at the end of a replay URL.

https://replay.pokemonshowdown.com/gen7randomdoublesbattle-865046831.json

Or, if you only need the log itself, add `.log` instead:

https://replay.pokemonshowdown.com/gen7randomdoublesbattle-865046831.log

-->

<link rel="stylesheet" href="//pokemonshowdown.com/style/global.css?0.023195364461161105" />
<link rel="stylesheet" href="//play.pokemonshowdown.com/style/font-awesome.css?0.13261647063804238" />
<link rel="stylesheet" href="//play.pokemonshowdown.com/style/battle.css?0.8753245789963631" />
<link rel="stylesheet" href="//play.pokemonshowdown.com/style/utilichart.css?0.8627959624976733" />

<!-- Global site tag (gtag.js) - Google Analytics -->
<script async src="https://www.googletagmanager.com/gtag/js?id=UA-26211653-1"></script>
<script>
  window.dataLayer = window.dataLayer || [];
  function gtag(){dataLayer.push(arguments);}
  gtag('js', new Date());

  gtag('config', 'UA-26211653-1');
</script>
<!-- End Google Analytics -->
<!-- Venatus Ad Manager - Install in <HEAD> of page -->
	<script src="https://hb.vntsm.com/v3/live/ad-manager.min.js" type="text/javascript" data-site-id="642aba63ec9a7b11c3c9c1be" data-mode="scan" async></script>
<!-- / Venatus Ad Manager -->

<style>
	@media (max-width:820px) {
		.battle {
			margin: 0 auto;
		}
		.battle-log {
			margin: 7px auto 0;
			max-width: 640px;
			height: 300px;
			position: static;
		}
	}
	.optgroup {
		display: inline-block;
		line-height: 22px;
		font-size: 10pt;
	}
	.optgroup .button {
		height: 25px;
		padding-top: 0;
		padding-bottom: 0;
	}
	.optgroup button.button {
		padding-left: 12px;
		padding-right: 12px;
	}
	.linklist {
		list-style: none;
		margin: 0.5em 0;
		padding: 0;
	}
	.linklist li {
		padding: 2px 0;
	}
	.sidebar {
		float: left;
		width: 320px;
	}
	.bar-wrapper {
		max-width: 1100px;
		margin: 0 auto;
	}
	.bar-wrapper.has-sidebar {
		max-width: 1430px;
	}
	.mainbar {
		margin: 0;
		padding-right: 1px;
	}
	.mainbar.has-sidebar {
		margin-left: 330px;
	}
	@media (min-width: 1511px) {
		.sidebar {
			width: 400px;
		}
		.bar-wrapper.has-sidebar {
			max-width: 1510px;
		}
		.mainbar.has-sidebar {
			margin-left: 410px;
		}
	}
	.section.first-section {
		margin-top: 9px;
	}
	.blocklink small {
		white-space: normal;
	}
	.button {
		vertical-align: middle;
	}
	.replay-controls {
		padding-top: 10px;
	}
	.replay-controls h1 {
		font-size: 16pt;
		font-weight: normal;
		color: #CCC;
	}
	.pagelink {
		text-align: center;
	}
	.pagelink a {
		width: 150px;
	}
	.textbox, .button {
		font-size: 11pt;
		vertical-align: middle;
	}
	@media (max-width: 450px) {
		.button {
			font-size: 9pt;
		}
	}
</style>

<div>

	<header>
		<div class="nav-wrapper"><ul class="nav">
			<li><a class="button nav-first" href="//pokemonshowdown.com/"><img src="//pokemonshowdown.com/images/pokemonshowdownbeta.png" srcset="//pokemonshowdown.com/images/pokemonshowdownbeta.png 1x, //pokemonshowdown.com/images/pokemonshowdownbeta@2x.png 2x" alt="Pok&eacute;mon Showdown" width="146" height="44" /> Home</a></li>
			<li><a class="button" href="//pokemonshowdown.com/dex/">Pok&eacute;dex</a></li>
			<li><a class="button cur" href="/">Replays</a></li>
			<li><a class="button" href="//pokemonshowdown.com/ladder/">Ladder</a></li>
			<li><a class="button nav-last" href="//pokemonshowdown.com/forums/">Forum</a></li>
			<li><a class="button greenbutton nav-first nav-last" href="//play.pokemonshowdown.com/">Play</a></li>
		</ul></div>
	</header>

	<div class="main" id="main">

		<noscript><section class="section">You need to enable JavaScript to use this page; sorry!</section></noscript>

	</div>

</div>

<script defer nomodule src="//play.pokemonshowdown.com/js/lib/ps-polyfill.js"></script>
<script defer src="//play.pokemonshowdown.com/js/lib/preact.min.js"></script>

<script defer src="//play.pokemonshowdown.com/config/config.js?2bddbc15"></script>
<script defer src="//play.pokemonshowdown.com/js/lib/jquery-1.11.0.min.js"></script>
<script defer src="//play.pokemonshowdown.com/js/lib/html-sanitizer-minified.js"></script>
<script defer src="//play.pokemonshowdown.com/js/battle-sound.js"></script>
<script defer src="//play.pokemonshowdown.com/js/battledata.js?0.7209276989879541"></script>
<script defer src="//play.pokemonshowdown.com/data/pokedex-mini.js?0.6111056340867951"></script>
<script defer src="//play.pokemonshowdown.com/data/pokedex-mini-bw.js?0.3532142036491459"></script>
<script defer src="//play.pokemonshowdown.com/data/graphics.js?0.24223875632456182"></script>
<script defer src="//play.pokemonshowdown.com/data/pokedex.js?0.38839984266356864"></script>
<script defer src="//play.pokemonshowdown.com/data/moves.js?0.21866028504024015"></script>
<script defer src="//play.pokemonshowdown.com/data/abilities.js?0.2005157953846628"></script>
<script defer src="//play.pokemonshowdown.com/data/items.js?0.9894211263848525"></script>
<script defer src="//play.pokemonshowdown.com/data/teambuilder-tables.js?0.6008791140282215"></script>
<script defer src="//play.pokemonshowdown.com/js/battle-tooltips.js?0.7580118955022959"></script>
<script defer src="//play.pokemonshowdown.com/js/battle.js?0.6057722274234274"></script>

<script defer src="js/utils.js?e31f9a17"></script>
<script defer src="js/replays-battle.js?7008c182"></script>

<!-- don't scrape this data! just add .json or .log after the URL!
Full API docs: https://github.com/smogon/pokemon-showdown-client/blob/master/WEB-API.md -->
<script type="text/plain" class="log" id="replaylog-smogtours-gen3ou-801379">
|inactive|Battle timer is ON: inactive players will automatically lose when time's up.
|t:|1729699310
|gametype|singles
|player|p1|AutumnWailord|skyla-masters2|
|player|p2|witgiz|linebacker|
|teamsize|p1|6
|teamsize|p2|6
|gen|3
|tier|[Gen 3] OU
|rule|Sleep Clause Mod: Limit one foe put to sleep
|rule|Switch Priority Clause Mod: Faster Pokémon switch first
|rule|Species Clause: Limit one of each Pokémon
|rule|OHKO Clause: OHKO moves are banned
|rule|Evasion Items Clause: Evasion items are banned
|rule|Evasion Moves Clause: Evasion moves are banned
|rule|Endless Battle Clause: Forcing endless battles is banned
|rule|HP Percentage Mod: HP is shown in percentages
|rule|One Boost Passer Clause: Limit one Baton Passer that has a way to boost its stats
|rule|Freeze Clause Mod: Limit one foe frozen
|
|t:|1729699310
|start
|switch|p1a: Tyranitar|Tyranitar, M|100/100
|switch|p2a: NoOneAtAII|Zapdos|100/100
|-weather|Sandstorm|[from] ability: Sand Stream|[of] p1a: Tyranitar
|turn|1
|c|☆AutumnWailord|gl hf
|c|☆witgiz|u2
|
|t:|1729699328
|move|p2a: NoOneAtAII|Substitute|p2a: NoOneAtAII
|-start|p2a: NoOneAtAII|Substitute
|-damage|p2a: NoOneAtAII|76/100
|move|p1a: Tyranitar|Fire Blast|p2a: NoOneAtAII|[miss]
|-miss|p1a: Tyranitar|p2a: NoOneAtAII
|
|-weather|Sandstorm|[upkeep]
|-damage|p2a: NoOneAtAII|69/100|[from] Sandstorm
|-heal|p2a: NoOneAtAII|76/100|[from] item: Leftovers
|upkeep
|turn|2
|
|t:|1729699347
|move|p2a: NoOneAtAII|Thunderbolt|p1a: Tyranitar
|-damage|p1a: Tyranitar|60/100
|-status|p1a: Tyranitar|par
|move|p1a: Tyranitar|Crunch|p2a: NoOneAtAII
|-end|p2a: NoOneAtAII|Substitute
|
|-weather|Sandstorm|[upkeep]
|-damage|p2a: NoOneAtAII|69/100|[from] Sandstorm
|-heal|p2a: NoOneAtAII|76/100|[from] item: Leftovers
|-heal|p1a: Tyranitar|66/100 par|[from] item: Leftovers
|upkeep
|turn|3
|
|t:|1729699360
|switch|p2a: HydroElectricPlant|Swampert, F|100/100
|cant|p1a: Tyranitar|par
|
|-weather|Sandstorm|[upkeep]
|-heal|p1a: Tyranitar|72/100 par|[from] item: Leftovers
|upkeep
|turn|4
|
|t:|1729699374
|switch|p1a: Skarmory|Skarmory, F|100/100
|move|p2a: HydroElectricPlant|Substitute|p2a: HydroElectricPlant
|-start|p2a: HydroElectricPlant|Substitute
|-damage|p2a: HydroElectricPlant|76/100
|
|-weather|Sandstorm|[upkeep]
|upkeep
|turn|5
|
|t:|1729699377
|move|p2a: HydroElectricPlant|Hydro Pump|p1a: Skarmory
|-damage|p1a: Skarmory|55/100
|move|p1a: Skarmory|Spikes|p2a: HydroElectricPlant
|-sidestart|p2: witgiz|Spikes
|
|-weather|Sandstorm|[upkeep]
|-heal|p1a: Skarmory|61/100|[from] item: Leftovers
|upkeep
|turn|6
|
|t:|1729699382
|move|p2a: HydroElectricPlant|Hydro Pump|p1a: Skarmory|[miss]
|-miss|p2a: HydroElectricPlant|p1a: Skarmory
|move|p1a: Skarmory|Roar|p2a: HydroElectricPlant
|drag|p2a: 354Hamtaro|Dugtrio, M|100/100
|-damage|p2a: 354Hamtaro|88/100|[from] Spikes
|
|-weather|Sandstorm|[upkeep]
|-heal|p1a: Skarmory|67/100|[from] item: Leftovers
|upkeep
|turn|7
|
|t:|1729699390
|switch|p2a: NoOneAtAII|Zapdos|76/100
|move|p1a: Skarmory|Spikes|p2a: NoOneAtAII
|-sidestart|p2: witgiz|Spikes
|
|-weather|Sandstorm|[upkeep]
|-damage|p2a: NoOneAtAII|69/100|[from] Sandstorm
|-heal|p2a: NoOneAtAII|76/100|[from] item: Leftovers
|-heal|p1a: Skarmory|73/100|[from] item: Leftovers
|upkeep
|turn|8
|
|t:|1729699397
|move|p2a: NoOneAtAII|Thunderbolt|p1a: Skarmory
|-supereffective|p1a: Skarmory
|-crit|p1a: Skarmory
|-damage|p1a: Skarmory|0 fnt
|faint|p1a: Skarmory
|
|t:|1729699404
|switch|p1a: Flygon|Flygon, F|100/100
|
|-weather|Sandstorm|[upkeep]
|-damage|p2a: NoOneAtAII|69/100|[from] Sandstorm
|-heal|p2a: NoOneAtAII|76/100|[from] item: Leftovers
|upkeep
|turn|9
|inactive|witgiz has 270 seconds left.
|
|t:|1729699434
|switch|p2a: Pedrobas1123|Ludicolo, F|100/100
|-damage|p2a: Pedrobas1123|84/100|[from] Spikes
|move|p1a: Flygon|Toxic|p2a: Pedrobas1123
|-status|p2a: Pedrobas1123|tox
|-enditem|p2a: Pedrobas1123|Lum Berry|[eat]
|-curestatus|p2a: Pedrobas1123|tox|[msg]
|
|-weather|Sandstorm|[upkeep]
|-damage|p2a: Pedrobas1123|78/100|[from] Sandstorm
|upkeep
|turn|10
|
|t:|1729699444
|switch|p1a: Blissey|Blissey, F|100/100
|move|p2a: Pedrobas1123|Rain Dance|p2a: Pedrobas1123
|-weather|RainDance
|
|-weather|RainDance|[upkeep]
|upkeep
|turn|11
|inactive|witgiz has 270 seconds left.
|
|t:|1729699468
|switch|p2a: HydroElectricPlant|Swampert, F|76/100
|-damage|p2a: HydroElectricPlant|59/100|[from] Spikes
|move|p1a: Blissey|Seismic Toss|p2a: HydroElectricPlant
|-damage|p2a: HydroElectricPlant|30/100
|
|-weather|RainDance|[upkeep]
|upkeep
|turn|12
|inactive|witgiz has 270 seconds left.
|
|t:|1729699479
|move|p2a: HydroElectricPlant|Substitute|p2a: HydroElectricPlant
|-start|p2a: HydroElectricPlant|Substitute
|-damage|p2a: HydroElectricPlant|5/100
|move|p1a: Blissey|Toxic||[still]
|-fail|p1a: Blissey
|
|-weather|RainDance|[upkeep]
|-enditem|p2a: HydroElectricPlant|Salac Berry|[eat]
|-boost|p2a: HydroElectricPlant|spe|1|[from] item: Salac Berry
|upkeep
|turn|13
|
|t:|1729699483
|switch|p1a: Gengar|Gengar, F|100/100
|move|p2a: HydroElectricPlant|Endeavor|p1a: Gengar
|-immune|p1a: Gengar
|
|-weather|RainDance|[upkeep]
|upkeep
|turn|14
|
|t:|1729699486
|move|p2a: HydroElectricPlant|Hydro Pump|p1a: Gengar
|-damage|p1a: Gengar|0 fnt
|faint|p1a: Gengar
|
|t:|1729699494
|switch|p1a: Tyranitar|Tyranitar, M|72/100 par
|-weather|Sandstorm|[from] ability: Sand Stream|[of] p1a: Tyranitar
|
|-weather|Sandstorm|[upkeep]
|-heal|p1a: Tyranitar|79/100 par|[from] item: Leftovers
|upkeep
|turn|15
|
|t:|1729699498
|move|p2a: HydroElectricPlant|Hydro Pump|p1a: Tyranitar|[miss]
|-miss|p2a: HydroElectricPlant|p1a: Tyranitar
|move|p1a: Tyranitar|Crunch|p2a: HydroElectricPlant
|-end|p2a: HydroElectricPlant|Substitute
|
|-weather|Sandstorm|[upkeep]
|-heal|p1a: Tyranitar|85/100 par|[from] item: Leftovers
|upkeep
|turn|16
|
|t:|1729699501
|move|p2a: HydroElectricPlant|Hydro Pump|p1a: Tyranitar
|-supereffective|p1a: Tyranitar
|-damage|p1a: Tyranitar|0 fnt
|faint|p1a: Tyranitar
|
|t:|1729699510
|switch|p1a: Flygon|Flygon, F|100/100
|
|-weather|Sandstorm|[upkeep]
|upkeep
|turn|17
|
|t:|1729699515
|move|p2a: HydroElectricPlant|Endeavor|p1a: Flygon
|-damage|p1a: Flygon|5/100
|move|p1a: Flygon|Earthquake|p2a: HydroElectricPlant
|-damage|p2a: HydroElectricPlant|0 fnt
|faint|p2a: HydroElectricPlant
|
|t:|1729699517
|switch|p2a: Pedrobas1123|Ludicolo, F|78/100
|-damage|p2a: Pedrobas1123|61/100|[from] Spikes
|
|-weather|Sandstorm|[upkeep]
|-damage|p2a: Pedrobas1123|55/100|[from] Sandstorm
|-heal|p1a: Flygon|11/100|[from] item: Leftovers
|upkeep
|turn|18
|
|t:|1729699522
|move|p1a: Flygon|Toxic|p2a: Pedrobas1123
|-status|p2a: Pedrobas1123|tox
|move|p2a: Pedrobas1123|Rain Dance|p2a: Pedrobas1123
|-weather|RainDance
|
|-weather|RainDance|[upkeep]
|-damage|p2a: Pedrobas1123|49/100 tox|[from] psn
|-heal|p1a: Flygon|17/100|[from] item: Leftovers
|upkeep
|turn|19
|
|t:|1729699532
|move|p1a: Flygon|Protect|p1a: Flygon
|-singleturn|p1a: Flygon|Protect
|move|p2a: Pedrobas1123|Ice Beam|p1a: Flygon
|-activate|p1a: Flygon|Protect
|
|-weather|RainDance|[upkeep]
|-damage|p2a: Pedrobas1123|37/100 tox|[from] psn
|-heal|p1a: Flygon|23/100|[from] item: Leftovers
|upkeep
|turn|20
|
|t:|1729699537
|switch|p1a: Blissey|Blissey, F|100/100
|move|p2a: Pedrobas1123|Hydro Pump|p1a: Blissey
|-damage|p1a: Blissey|67/100
|
|-weather|RainDance|[upkeep]
|-damage|p2a: Pedrobas1123|19/100 tox|[from] psn
|-heal|p1a: Blissey|73/100|[from] item: Leftovers
|upkeep
|turn|21
|
|t:|1729699539
|move|p2a: Pedrobas1123|Hydro Pump|p1a: Blissey
|-damage|p1a: Blissey|41/100
|move|p1a: Blissey|Soft-Boiled|p1a: Blissey
|-heal|p1a: Blissey|91/100
|
|-weather|RainDance|[upkeep]
|-damage|p2a: Pedrobas1123|0 fnt|[from] psn
|faint|p2a: Pedrobas1123
|-heal|p1a: Blissey|97/100|[from] item: Leftovers
|upkeep
|
|t:|1729699542
|switch|p2a: 354Hamtaro|Dugtrio, M|88/100
|-damage|p2a: 354Hamtaro|72/100|[from] Spikes
|turn|22
|
|t:|1729699545
|move|p2a: 354Hamtaro|Earthquake|p1a: Blissey
|-damage|p1a: Blissey|36/100
|move|p1a: Blissey|Ice Beam|p2a: 354Hamtaro
|-supereffective|p2a: 354Hamtaro
|-damage|p2a: 354Hamtaro|0 fnt
|faint|p2a: 354Hamtaro
|
|t:|1729699552
|switch|p2a: hiddenpain11|Heracross, F, shiny|100/100
|-damage|p2a: hiddenpain11|84/100|[from] Spikes
|
|-weather|none
|-heal|p1a: Blissey|42/100|[from] item: Leftovers
|upkeep
|turn|23
|
|t:|1729699565
|switch|p1a: Flygon|Flygon, F|23/100
|move|p2a: hiddenpain11|Substitute|p2a: hiddenpain11
|-start|p2a: hiddenpain11|Substitute
|-damage|p2a: hiddenpain11|59/100
|
|-heal|p1a: Flygon|29/100|[from] item: Leftovers
|upkeep
|turn|24
|
|t:|1729699569
|move|p2a: hiddenpain11|Megahorn|p1a: Flygon|[miss]
|-miss|p2a: hiddenpain11|p1a: Flygon
|move|p1a: Flygon|Rock Slide|p2a: hiddenpain11
|-activate|p2a: hiddenpain11|Substitute|[damage]
|
|-heal|p1a: Flygon|35/100|[from] item: Leftovers
|upkeep
|turn|25
|
|t:|1729699574
|move|p1a: Flygon|Protect|p1a: Flygon
|-singleturn|p1a: Flygon|Protect
|move|p2a: hiddenpain11|Megahorn|p1a: Flygon
|-activate|p1a: Flygon|Protect
|
|-heal|p1a: Flygon|41/100|[from] item: Leftovers
|upkeep
|turn|26
|
|t:|1729699578
|move|p2a: hiddenpain11|Megahorn|p1a: Flygon
|-damage|p1a: Flygon|0 fnt
|faint|p1a: Flygon
|
|t:|1729699582
|switch|p1a: Charizard|Charizard, M|100/100
|
|upkeep
|turn|27
|
|t:|1729699589
|move|p1a: Charizard|Flamethrower|p2a: hiddenpain11
|-supereffective|p2a: hiddenpain11
|-end|p2a: hiddenpain11|Substitute
|move|p2a: hiddenpain11|Rock Slide|p1a: Charizard
|-supereffective|p1a: Charizard
|-damage|p1a: Charizard|0 fnt
|faint|p1a: Charizard
|
|t:|1729699594
|switch|p1a: Blissey|Blissey, F|42/100
|
|-heal|p1a: Blissey|49/100|[from] item: Leftovers
|upkeep
|turn|28
|
|t:|1729699596
|move|p2a: hiddenpain11|Megahorn|p1a: Blissey
|-damage|p1a: Blissey|0 fnt
|faint|p1a: Blissey
|
|win|witgiz
|c|☆AutumnWailord|wp
|player|p1|
|c|☆witgiz|ty gg

</script>
<script type="application/json" class="data" id="replaydata-smogtours-gen3ou-801379">
{"id":"smogtours-gen3ou-801379","format":"[Gen 3] OU","players":["AutumnWailord","witgiz"],"uploadtime":1729699596,"views":114,"formatid":"gen3ou","rating":null,"private":0,"password":null}
</script>

<script defer src="js/replays.js?9d40a366"></script>
