<!DOCTYPE html>
<meta charset="utf-8" />
<meta name="viewport" content="width=device-width" />

<title>[Gen 3] OU: Voyager vs. Sorenz - Replays - Pok&eacute;mon Showdown!</title>

<meta name="description" content="Watch a replay of a Pok&eacute;mon battle between Voyager and Sorenz! Format: [Gen 3] OU; Date: Oct 13, 2024" />
<!--

Hey, you! Looking in the source for the replay log?

You can find them in JSON format, just add `.json` at the end of a replay URL.

https://replay.pokemonshowdown.com/gen7randomdoublesbattle-865046831.json

Or, if you only need the log itself, add `.log` instead:

https://replay.pokemonshowdown.com/gen7randomdoublesbattle-865046831.log

-->

<link rel="stylesheet" href="//pokemonshowdown.com/style/global.css?0.023195364461161105" />
<link rel="stylesheet" href="//play.pokemonshowdown.com/style/font-awesome.css?0.13261647063804238" />
<link rel="stylesheet" href="//play.pokemonshowdown.com/style/battle.css?0.8753245789963631" />
<link rel="stylesheet" href="//play.pokemonshowdown.com/style/utilichart.css?0.8627959624976733" />

<!-- Global site tag (gtag.js) - Google Analytics -->
<script async src="https://www.googletagmanager.com/gtag/js?id=UA-26211653-1"></script>
<script>
  window.dataLayer = window.dataLayer || [];
  function gtag(){dataLayer.push(arguments);}
  gtag('js', new Date());

  gtag('config', 'UA-26211653-1');
</script>
<!-- End Google Analytics -->
<!-- Venatus Ad Manager - Install in <HEAD> of page -->
	<script src="https://hb.vntsm.com/v3/live/ad-manager.min.js" type="text/javascript" data-site-id="642aba63ec9a7b11c3c9c1be" data-mode="scan" async></script>
<!-- / Venatus Ad Manager -->

<style>
	@media (max-width:820px) {
		.battle {
			margin: 0 auto;
		}
		.battle-log {
			margin: 7px auto 0;
			max-width: 640px;
			height: 300px;
			position: static;
		}
	}
	.optgroup {
		display: inline-block;
		line-height: 22px;
		font-size: 10pt;
	}
	.optgroup .button {
		height: 25px;
		padding-top: 0;
		padding-bottom: 0;
	}
	.optgroup button.button {
		padding-left: 12px;
		padding-right: 12px;
	}
	.linklist {
		list-style: none;
		margin: 0.5em 0;
		padding: 0;
	}
	.linklist li {
		padding: 2px 0;
	}
	.sidebar {
		float: left;
		width: 320px;
	}
	.bar-wrapper {
		max-width: 1100px;
		margin: 0 auto;
	}
	.bar-wrapper.has-sidebar {
		max-width: 1430px;
	}
	.mainbar {
		margin: 0;
		padding-right: 1px;
	}
	.mainbar.has-sidebar {
		margin-left: 330px;
	}
	@media (min-width: 1511px) {
		.sidebar {
			width: 400px;
		}
		.bar-wrapper.has-sidebar {
			max-width: 1510px;
		}
		.mainbar.has-sidebar {
			margin-left: 410px;
		}
	}
	.section.first-section {
		margin-top: 9px;
	}
	.blocklink small {
		white-space: normal;
	}
	.button {
		vertical-align: middle;
	}
	.replay-controls {
		padding-top: 10px;
	}
	.replay-controls h1 {
		font-size: 16pt;
		font-weight: normal;
		color: #CCC;
	}
	.pagelink {
		text-align: center;
	}
	.pagelink a {
		width: 150px;
	}
	.textbox, .button {
		font-size: 11pt;
		vertical-align: middle;
	}
	@media (max-width: 450px) {
		.button {
			font-size: 9pt;
		}
	}
</style>

<div>

	<header>
		<div class="nav-wrapper"><ul class="nav">
			<li><a class="button nav-first" href="//pokemonshowdown.com/"><img src="//pokemonshowdown.com/images/pokemonshowdownbeta.png" srcset="//pokemonshowdown.com/images/pokemonshowdownbeta.png 1x, //pokemonshowdown.com/images/pokemonshowdownbeta@2x.png 2x" alt="Pok&eacute;mon Showdown" width="146" height="44" /> Home</a></li>
			<li><a class="button" href="//pokemonshowdown.com/dex/">Pok&eacute;dex</a></li>
			<li><a class="button cur" href="/">Replays</a></li>
			<li><a class="button" href="//pokemonshowdown.com/ladder/">Ladder</a></li>
			<li><a class="button nav-last" href="//pokemonshowdown.com/forums/">Forum</a></li>
			<li><a class="button greenbutton nav-first nav-last" href="//play.pokemonshowdown.com/">Play</a></li>
		</ul></div>
	</header>

	<div class="main" id="main">

		<noscript><section class="section">You need to enable JavaScript to use this page; sorry!</section></noscript>

	</div>

</div>

<script defer nomodule src="//play.pokemonshowdown.com/js/lib/ps-polyfill.js"></script>
<script defer src="//play.pokemonshowdown.com/js/lib/preact.min.js"></script>

<script defer src="//play.pokemonshowdown.com/config/config.js?2bddbc15"></script>
<script defer src="//play.pokemonshowdown.com/js/lib/jquery-1.11.0.min.js"></script>
<script defer src="//play.pokemonshowdown.com/js/lib/html-sanitizer-minified.js"></script>
<script defer src="//play.pokemonshowdown.com/js/battle-sound.js"></script>
<script defer src="//play.pokemonshowdown.com/js/battledata.js?0.7209276989879541"></script>
<script defer src="//play.pokemonshowdown.com/data/pokedex-mini.js?0.6111056340867951"></script>
<script defer src="//play.pokemonshowdown.com/data/pokedex-mini-bw.js?0.3532142036491459"></script>
<script defer src="//play.pokemonshowdown.com/data/graphics.js?0.24223875632456182"></script>
<script defer src="//play.pokemonshowdown.com/data/pokedex.js?0.38839984266356864"></script>
<script defer src="//play.pokemonshowdown.com/data/moves.js?0.21866028504024015"></script>
<script defer src="//play.pokemonshowdown.com/data/abilities.js?0.2005157953846628"></script>
<script defer src="//play.pokemonshowdown.com/data/items.js?0.9894211263848525"></script>
<script defer src="//play.pokemonshowdown.com/data/teambuilder-tables.js?0.6008791140282215"></script>
<script defer src="//play.pokemonshowdown.com/js/battle-tooltips.js?0.7580118955022959"></script>
<script defer src="//play.pokemonshowdown.com/js/battle.js?0.6057722274234274"></script>

<script defer src="js/utils.js?e31f9a17"></script>
<script defer src="js/replays-battle.js?7008c182"></script>

<!-- don't scrape this data! just add .json or .log after the URL!
Full API docs: https://github.com/smogon/pokemon-showdown-client/blob/master/WEB-API.md -->
<script type="text/plain" class="log" id="replaylog-smogtours-gen3ou-798375">
|inactive|Battle timer is ON: inactive players will automatically lose when time's up.
|t:|1728850612
|gametype|singles
|player|p1|Voyager|acetrainerf-gen2|
|player|p2|Sorenz|wattson|
|teamsize|p1|6
|teamsize|p2|6
|gen|3
|tier|[Gen 3] OU
|rule|Sleep Clause Mod: Limit one foe put to sleep
|rule|Switch Priority Clause Mod: Faster Pokémon switch first
|rule|Species Clause: Limit one of each Pokémon
|rule|OHKO Clause: OHKO moves are banned
|rule|Evasion Items Clause: Evasion items are banned
|rule|Evasion Moves Clause: Evasion moves are banned
|rule|Endless Battle Clause: Forcing endless battles is banned
|rule|HP Percentage Mod: HP is shown in percentages
|rule|One Boost Passer Clause: Limit one Baton Passer that has a way to boost its stats
|rule|Freeze Clause Mod: Limit one foe frozen
|
|t:|1728850612
|start
|switch|p1a: Metagross|Metagross|100/100
|switch|p2a: Tyranitar|Tyranitar, M|100/100
|-weather|Sandstorm|[from] ability: Sand Stream|[of] p2a: Tyranitar
|turn|1
|c|☆Voyager|glhf
|c|☆Sorenz|u2
|inactive|Sorenz has 270 seconds left.
|
|t:|1728850642
|switch|p2a: Charizard|Charizard, M|100/100
|move|p1a: Metagross|Meteor Mash|p2a: Charizard
|-resisted|p2a: Charizard
|-damage|p2a: Charizard|61/100
|
|-weather|Sandstorm|[upkeep]
|-damage|p2a: Charizard|55/100|[from] Sandstorm
|-heal|p2a: Charizard|61/100|[from] item: Leftovers
|upkeep
|turn|2
|
|t:|1728850659
|switch|p1a: Suicune|Suicune|100/100
|move|p2a: Charizard|Fire Blast|p1a: Suicune
|-resisted|p1a: Suicune
|-crit|p1a: Suicune
|-damage|p1a: Suicune|56/100
|
|-weather|Sandstorm|[upkeep]
|-damage|p2a: Charizard|55/100|[from] Sandstorm
|-damage|p1a: Suicune|50/100|[from] Sandstorm
|-heal|p2a: Charizard|61/100|[from] item: Leftovers
|-heal|p1a: Suicune|56/100|[from] item: Leftovers
|upkeep
|turn|3
|
|t:|1728850666
|switch|p2a: Snorlax|Snorlax, M|100/100
|switch|p1a: MF DOOM|Houndoom, F|100/100
|
|-weather|Sandstorm|[upkeep]
|-damage|p1a: MF DOOM|94/100|[from] Sandstorm
|-damage|p2a: Snorlax|94/100|[from] Sandstorm
|-heal|p1a: MF DOOM|100/100|[from] item: Leftovers
|-heal|p2a: Snorlax|100/100|[from] item: Leftovers
|upkeep
|turn|4
|
|t:|1728850674
|move|p1a: MF DOOM|Will-O-Wisp|p2a: Snorlax
|-status|p2a: Snorlax|brn
|move|p2a: Snorlax|Body Slam|p1a: MF DOOM
|-damage|p1a: MF DOOM|57/100
|
|-weather|Sandstorm|[upkeep]
|-damage|p1a: MF DOOM|51/100|[from] Sandstorm
|-damage|p2a: Snorlax|94/100 brn|[from] Sandstorm
|-heal|p1a: MF DOOM|57/100|[from] item: Leftovers
|-heal|p2a: Snorlax|100/100 brn|[from] item: Leftovers
|-damage|p2a: Snorlax|88/100 brn|[from] brn
|upkeep
|turn|5
|
|t:|1728850679
|switch|p1a: Metagross|Metagross|100/100
|move|p2a: Snorlax|Earthquake|p1a: Metagross
|-supereffective|p1a: Metagross
|-damage|p1a: Metagross|79/100
|
|-weather|Sandstorm|[upkeep]
|-damage|p2a: Snorlax|82/100 brn|[from] Sandstorm
|-heal|p1a: Metagross|85/100|[from] item: Leftovers
|-heal|p2a: Snorlax|88/100 brn|[from] item: Leftovers
|-damage|p2a: Snorlax|76/100 brn|[from] brn
|upkeep
|turn|6
|
|t:|1728850686
|switch|p2a: Starmie|Starmie|100/100
|move|p1a: Metagross|Meteor Mash|p2a: Starmie
|-resisted|p2a: Starmie
|-damage|p2a: Starmie|61/100
|
|-weather|Sandstorm|[upkeep]
|-damage|p2a: Starmie|55/100|[from] Sandstorm
|-heal|p2a: Starmie|61/100|[from] item: Leftovers
|-heal|p1a: Metagross|91/100|[from] item: Leftovers
|upkeep
|turn|7
|
|t:|1728850690
|switch|p1a: Celebi|Celebi|100/100
|move|p2a: Starmie|Hydro Pump|p1a: Celebi
|-resisted|p1a: Celebi
|-damage|p1a: Celebi|78/100
|
|-weather|Sandstorm|[upkeep]
|-damage|p2a: Starmie|55/100|[from] Sandstorm
|-damage|p1a: Celebi|72/100|[from] Sandstorm
|-heal|p2a: Starmie|61/100|[from] item: Leftovers
|-heal|p1a: Celebi|78/100|[from] item: Leftovers
|upkeep
|turn|8
|
|t:|1728850701
|switch|p2a: Metagross|Metagross|100/100
|move|p1a: Celebi|Giga Drain|p2a: Metagross
|-resisted|p2a: Metagross
|-damage|p2a: Metagross|90/100
|-heal|p1a: Celebi|83/100|[from] drain|[of] p2a: Metagross
|
|-weather|Sandstorm|[upkeep]
|-damage|p1a: Celebi|76/100|[from] Sandstorm
|-heal|p1a: Celebi|83/100|[from] item: Leftovers
|-heal|p2a: Metagross|96/100|[from] item: Leftovers
|upkeep
|turn|9
|
|t:|1728850709
|move|p1a: Celebi|Baton Pass|p1a: Celebi
|
|t:|1728850710
|switch|p1a: Suicune|Suicune|56/100|[from] Baton Pass
|move|p2a: Metagross|Meteor Mash|p1a: Suicune
|-resisted|p1a: Suicune
|-damage|p1a: Suicune|36/100
|-boost|p2a: Metagross|atk|1
|
|-weather|Sandstorm|[upkeep]
|-damage|p1a: Suicune|30/100|[from] Sandstorm
|-heal|p1a: Suicune|36/100|[from] item: Leftovers
|-heal|p2a: Metagross|100/100|[from] item: Leftovers
|upkeep
|turn|10
|
|t:|1728850716
|move|p1a: Suicune|Surf|p2a: Metagross
|-damage|p2a: Metagross|65/100
|move|p2a: Metagross|Earthquake|p1a: Suicune
|-damage|p1a: Suicune|0 fnt
|faint|p1a: Suicune
|
|t:|1728850718
|switch|p1a: MF DOOM|Houndoom, F|57/100
|
|-weather|Sandstorm|[upkeep]
|-damage|p1a: MF DOOM|51/100|[from] Sandstorm
|-heal|p1a: MF DOOM|57/100|[from] item: Leftovers
|-heal|p2a: Metagross|71/100|[from] item: Leftovers
|upkeep
|turn|11
|
|t:|1728850720
|move|p2a: Metagross|Protect|p2a: Metagross
|-singleturn|p2a: Metagross|Protect
|move|p1a: MF DOOM|Hidden Power|p2a: Metagross
|-activate|p2a: Metagross|Protect
|
|-weather|Sandstorm|[upkeep]
|-damage|p1a: MF DOOM|51/100|[from] Sandstorm
|-heal|p1a: MF DOOM|57/100|[from] item: Leftovers
|-heal|p2a: Metagross|77/100|[from] item: Leftovers
|upkeep
|turn|12
|
|t:|1728850729
|switch|p2a: Snorlax|Snorlax, M|76/100 brn
|move|p1a: MF DOOM|Hidden Power|p2a: Snorlax
|-damage|p2a: Snorlax|63/100 brn
|
|-weather|Sandstorm|[upkeep]
|-damage|p1a: MF DOOM|51/100|[from] Sandstorm
|-damage|p2a: Snorlax|57/100 brn|[from] Sandstorm
|-heal|p1a: MF DOOM|57/100|[from] item: Leftovers
|-heal|p2a: Snorlax|63/100 brn|[from] item: Leftovers
|-damage|p2a: Snorlax|50/100 brn|[from] brn
|upkeep
|turn|13
|
|t:|1728850737
|switch|p1a: Metagross|Metagross|91/100
|move|p2a: Snorlax|Earthquake|p1a: Metagross
|-supereffective|p1a: Metagross
|-crit|p1a: Metagross
|-damage|p1a: Metagross|39/100
|
|-weather|Sandstorm|[upkeep]
|-damage|p2a: Snorlax|44/100 brn|[from] Sandstorm
|-heal|p1a: Metagross|45/100|[from] item: Leftovers
|-heal|p2a: Snorlax|50/100 brn|[from] item: Leftovers
|-damage|p2a: Snorlax|38/100 brn|[from] brn
|upkeep
|turn|14
|
|t:|1728850744
|move|p1a: Metagross|Meteor Mash|p2a: Snorlax
|-crit|p2a: Snorlax
|-damage|p2a: Snorlax|0 fnt
|faint|p2a: Snorlax
|
|t:|1728850755
|switch|p2a: Charizard|Charizard, M|61/100
|
|-weather|Sandstorm|[upkeep]
|-damage|p2a: Charizard|55/100|[from] Sandstorm
|-heal|p2a: Charizard|61/100|[from] item: Leftovers
|-heal|p1a: Metagross|51/100|[from] item: Leftovers
|upkeep
|turn|15
|
|t:|1728850758
|switch|p1a: MF DOOM|Houndoom, F|57/100
|move|p2a: Charizard|Substitute|p2a: Charizard
|-start|p2a: Charizard|Substitute
|-damage|p2a: Charizard|36/100
|
|-weather|Sandstorm|[upkeep]
|-damage|p2a: Charizard|30/100|[from] Sandstorm
|-damage|p1a: MF DOOM|51/100|[from] Sandstorm
|-heal|p2a: Charizard|36/100|[from] item: Leftovers
|-heal|p1a: MF DOOM|57/100|[from] item: Leftovers
|upkeep
|turn|16
|
|t:|1728850761
|-singleturn|p2a: Charizard|move: Focus Punch
|move|p1a: MF DOOM|Beat Up|p2a: Charizard
|-activate|p2a: Charizard|Substitute|[damage]
|-activate|p2a: Charizard|Substitute|[damage]
|-activate|p2a: Charizard|Substitute|[damage]
|-activate|p2a: Charizard|Substitute|[damage]
|-activate|p2a: Charizard|Substitute|[damage]
|-hitcount|p2a: Charizard|5
|move|p2a: Charizard|Focus Punch|p1a: MF DOOM
|-supereffective|p1a: MF DOOM
|-damage|p1a: MF DOOM|0 fnt
|faint|p1a: MF DOOM
|
|t:|1728850766
|switch|p1a: Zapdos|Zapdos|100/100
|
|-weather|Sandstorm|[upkeep]
|-damage|p2a: Charizard|30/100|[from] Sandstorm
|-damage|p1a: Zapdos|94/100|[from] Sandstorm
|-heal|p2a: Charizard|36/100|[from] item: Leftovers
|-heal|p1a: Zapdos|100/100|[from] item: Leftovers
|upkeep
|turn|17
|
|t:|1728850771
|move|p2a: Charizard|Fire Blast|p1a: Zapdos
|-damage|p1a: Zapdos|59/100
|move|p1a: Zapdos|Thunderbolt|p2a: Charizard
|-supereffective|p2a: Charizard
|-end|p2a: Charizard|Substitute
|
|-weather|Sandstorm|[upkeep]
|-damage|p2a: Charizard|30/100|[from] Sandstorm
|-damage|p1a: Zapdos|52/100|[from] Sandstorm
|-heal|p2a: Charizard|36/100|[from] item: Leftovers
|-heal|p1a: Zapdos|59/100|[from] item: Leftovers
|upkeep
|turn|18
|
|t:|1728850782
|move|p2a: Charizard|Substitute|p2a: Charizard
|-start|p2a: Charizard|Substitute
|-damage|p2a: Charizard|11/100
|move|p1a: Zapdos|Thunderbolt|p2a: Charizard
|-supereffective|p2a: Charizard
|-end|p2a: Charizard|Substitute
|
|-weather|Sandstorm|[upkeep]
|-damage|p2a: Charizard|5/100|[from] Sandstorm
|-damage|p1a: Zapdos|52/100|[from] Sandstorm
|-heal|p2a: Charizard|11/100|[from] item: Leftovers
|-heal|p1a: Zapdos|59/100|[from] item: Leftovers
|upkeep
|turn|19
|
|t:|1728850785
|move|p2a: Charizard|Fire Blast|p1a: Zapdos
|-damage|p1a: Zapdos|0 fnt
|faint|p1a: Zapdos
|
|t:|1728850787
|switch|p1a: Salamence|Salamence, F|100/100
|-ability|p1a: Salamence|Intimidate|boost
|-unboost|p2a: Charizard|atk|1
|
|-weather|Sandstorm|[upkeep]
|-damage|p2a: Charizard|5/100|[from] Sandstorm
|-damage|p1a: Salamence|94/100|[from] Sandstorm
|-heal|p2a: Charizard|11/100|[from] item: Leftovers
|-heal|p1a: Salamence|100/100|[from] item: Leftovers
|upkeep
|turn|20
|
|t:|1728850803
|switch|p2a: Metagross|Metagross|77/100
|move|p1a: Salamence|Dragon Dance|p1a: Salamence
|-boost|p1a: Salamence|atk|1
|-boost|p1a: Salamence|spe|1
|
|-weather|Sandstorm|[upkeep]
|-damage|p1a: Salamence|94/100|[from] Sandstorm
|-heal|p1a: Salamence|100/100|[from] item: Leftovers
|-heal|p2a: Metagross|83/100|[from] item: Leftovers
|upkeep
|turn|21
|
|t:|1728850808
|move|p1a: Salamence|Earthquake|p2a: Metagross
|-supereffective|p2a: Metagross
|-damage|p2a: Metagross|10/100
|move|p2a: Metagross|Explosion|p1a: Salamence
|-damage|p1a: Salamence|0 fnt
|faint|p2a: Metagross
|faint|p1a: Salamence
|
|t:|1728850818
|switch|p1a: Celebi|Celebi|83/100
|switch|p2a: Charizard|Charizard, M|11/100
|
|-weather|Sandstorm|[upkeep]
|-damage|p2a: Charizard|5/100|[from] Sandstorm
|-damage|p1a: Celebi|76/100|[from] Sandstorm
|-heal|p2a: Charizard|11/100|[from] item: Leftovers
|-heal|p1a: Celebi|83/100|[from] item: Leftovers
|upkeep
|turn|22
|
|t:|1728850820
|move|p2a: Charizard|Fire Blast|p1a: Celebi
|-supereffective|p1a: Celebi
|-damage|p1a: Celebi|0 fnt
|faint|p1a: Celebi
|c|☆Voyager|gg
|-message|Voyager forfeited.
|
|win|Sorenz
|c|☆Sorenz|gg

</script>
<script type="application/json" class="data" id="replaydata-smogtours-gen3ou-798375">
{"id":"smogtours-gen3ou-798375","format":"[Gen 3] OU","players":["Voyager","Sorenz"],"uploadtime":1728850827,"views":117,"formatid":"gen3ou","rating":null,"private":0,"password":null}
</script>

<script defer src="js/replays.js?9d40a366"></script>
