<!DOCTYPE html>
<meta charset="utf-8" />
<meta name="viewport" content="width=device-width" />

<title>[Gen 3] OU: Genexys vs. Calm Stiege - Replays - Pok&eacute;mon Showdown!</title>

<meta name="description" content="Watch a replay of a Pok&eacute;mon battle between Genexys and Calm Stiege! Format: [Gen 3] OU; Date: Oct 4, 2024" />
<!--

Hey, you! Looking in the source for the replay log?

You can find them in JSON format, just add `.json` at the end of a replay URL.

https://replay.pokemonshowdown.com/gen7randomdoublesbattle-865046831.json

Or, if you only need the log itself, add `.log` instead:

https://replay.pokemonshowdown.com/gen7randomdoublesbattle-865046831.log

-->

<link rel="stylesheet" href="//pokemonshowdown.com/style/global.css?0.023195364461161105" />
<link rel="stylesheet" href="//play.pokemonshowdown.com/style/font-awesome.css?0.13261647063804238" />
<link rel="stylesheet" href="//play.pokemonshowdown.com/style/battle.css?0.8753245789963631" />
<link rel="stylesheet" href="//play.pokemonshowdown.com/style/utilichart.css?0.8627959624976733" />

<!-- Global site tag (gtag.js) - Google Analytics -->
<script async src="https://www.googletagmanager.com/gtag/js?id=UA-26211653-1"></script>
<script>
  window.dataLayer = window.dataLayer || [];
  function gtag(){dataLayer.push(arguments);}
  gtag('js', new Date());

  gtag('config', 'UA-26211653-1');
</script>
<!-- End Google Analytics -->
<!-- Venatus Ad Manager - Install in <HEAD> of page -->
	<script src="https://hb.vntsm.com/v3/live/ad-manager.min.js" type="text/javascript" data-site-id="642aba63ec9a7b11c3c9c1be" data-mode="scan" async></script>
<!-- / Venatus Ad Manager -->

<style>
	@media (max-width:820px) {
		.battle {
			margin: 0 auto;
		}
		.battle-log {
			margin: 7px auto 0;
			max-width: 640px;
			height: 300px;
			position: static;
		}
	}
	.optgroup {
		display: inline-block;
		line-height: 22px;
		font-size: 10pt;
	}
	.optgroup .button {
		height: 25px;
		padding-top: 0;
		padding-bottom: 0;
	}
	.optgroup button.button {
		padding-left: 12px;
		padding-right: 12px;
	}
	.linklist {
		list-style: none;
		margin: 0.5em 0;
		padding: 0;
	}
	.linklist li {
		padding: 2px 0;
	}
	.sidebar {
		float: left;
		width: 320px;
	}
	.bar-wrapper {
		max-width: 1100px;
		margin: 0 auto;
	}
	.bar-wrapper.has-sidebar {
		max-width: 1430px;
	}
	.mainbar {
		margin: 0;
		padding-right: 1px;
	}
	.mainbar.has-sidebar {
		margin-left: 330px;
	}
	@media (min-width: 1511px) {
		.sidebar {
			width: 400px;
		}
		.bar-wrapper.has-sidebar {
			max-width: 1510px;
		}
		.mainbar.has-sidebar {
			margin-left: 410px;
		}
	}
	.section.first-section {
		margin-top: 9px;
	}
	.blocklink small {
		white-space: normal;
	}
	.button {
		vertical-align: middle;
	}
	.replay-controls {
		padding-top: 10px;
	}
	.replay-controls h1 {
		font-size: 16pt;
		font-weight: normal;
		color: #CCC;
	}
	.pagelink {
		text-align: center;
	}
	.pagelink a {
		width: 150px;
	}
	.textbox, .button {
		font-size: 11pt;
		vertical-align: middle;
	}
	@media (max-width: 450px) {
		.button {
			font-size: 9pt;
		}
	}
</style>

<div>

	<header>
		<div class="nav-wrapper"><ul class="nav">
			<li><a class="button nav-first" href="//pokemonshowdown.com/"><img src="//pokemonshowdown.com/images/pokemonshowdownbeta.png" srcset="//pokemonshowdown.com/images/pokemonshowdownbeta.png 1x, //pokemonshowdown.com/images/pokemonshowdownbeta@2x.png 2x" alt="Pok&eacute;mon Showdown" width="146" height="44" /> Home</a></li>
			<li><a class="button" href="//pokemonshowdown.com/dex/">Pok&eacute;dex</a></li>
			<li><a class="button cur" href="/">Replays</a></li>
			<li><a class="button" href="//pokemonshowdown.com/ladder/">Ladder</a></li>
			<li><a class="button nav-last" href="//pokemonshowdown.com/forums/">Forum</a></li>
			<li><a class="button greenbutton nav-first nav-last" href="//play.pokemonshowdown.com/">Play</a></li>
		</ul></div>
	</header>

	<div class="main" id="main">

		<noscript><section class="section">You need to enable JavaScript to use this page; sorry!</section></noscript>

	</div>

</div>

<script defer nomodule src="//play.pokemonshowdown.com/js/lib/ps-polyfill.js"></script>
<script defer src="//play.pokemonshowdown.com/js/lib/preact.min.js"></script>

<script defer src="//play.pokemonshowdown.com/config/config.js?2bddbc15"></script>
<script defer src="//play.pokemonshowdown.com/js/lib/jquery-1.11.0.min.js"></script>
<script defer src="//play.pokemonshowdown.com/js/lib/html-sanitizer-minified.js"></script>
<script defer src="//play.pokemonshowdown.com/js/battle-sound.js"></script>
<script defer src="//play.pokemonshowdown.com/js/battledata.js?0.7209276989879541"></script>
<script defer src="//play.pokemonshowdown.com/data/pokedex-mini.js?0.6111056340867951"></script>
<script defer src="//play.pokemonshowdown.com/data/pokedex-mini-bw.js?0.3532142036491459"></script>
<script defer src="//play.pokemonshowdown.com/data/graphics.js?0.24223875632456182"></script>
<script defer src="//play.pokemonshowdown.com/data/pokedex.js?0.38839984266356864"></script>
<script defer src="//play.pokemonshowdown.com/data/moves.js?0.21866028504024015"></script>
<script defer src="//play.pokemonshowdown.com/data/abilities.js?0.2005157953846628"></script>
<script defer src="//play.pokemonshowdown.com/data/items.js?0.9894211263848525"></script>
<script defer src="//play.pokemonshowdown.com/data/teambuilder-tables.js?0.6008791140282215"></script>
<script defer src="//play.pokemonshowdown.com/js/battle-tooltips.js?0.7580118955022959"></script>
<script defer src="//play.pokemonshowdown.com/js/battle.js?0.6057722274234274"></script>

<script defer src="js/utils.js?e31f9a17"></script>
<script defer src="js/replays-battle.js?7008c182"></script>

<!-- don't scrape this data! just add .json or .log after the URL!
Full API docs: https://github.com/smogon/pokemon-showdown-client/blob/master/WEB-API.md -->
<script type="text/plain" class="log" id="replaylog-smogtours-gen3ou-794560">
|inactive|Battle timer is ON: inactive players will automatically lose when time's up.
|t:|1728054569
|gametype|singles
|player|p1|Genexys|ghetsis|
|player|p2|Calm Stiege|169|
|teamsize|p1|6
|teamsize|p2|6
|gen|3
|tier|[Gen 3] OU
|rule|Sleep Clause Mod: Limit one foe put to sleep
|rule|Switch Priority Clause Mod: Faster Pokémon switch first
|rule|Species Clause: Limit one of each Pokémon
|rule|OHKO Clause: OHKO moves are banned
|rule|Evasion Items Clause: Evasion items are banned
|rule|Evasion Moves Clause: Evasion moves are banned
|rule|Endless Battle Clause: Forcing endless battles is banned
|rule|HP Percentage Mod: HP is shown in percentages
|rule|One Boost Passer Clause: Limit one Baton Passer that has a way to boost its stats
|rule|Freeze Clause Mod: Limit one foe frozen
|
|t:|1728054569
|start
|switch|p1a: bagonator|Salamence, M, shiny|100/100
|switch|p2a: Zapdos|Zapdos|100/100
|-ability|p1a: bagonator|Intimidate|boost
|-unboost|p2a: Zapdos|atk|1
|turn|1
|c|☆Genexys|glhf
|c|☆Calm Stiege|hfgl
|c|☆Calm Stiege|these matches going rapidly
|
|t:|1728054580
|switch|p1a: Kebab|Blissey, F|100/100
|switch|p2a: Forretress|Forretress, M|100/100
|
|upkeep
|turn|2
|
|t:|1728054587
|switch|p1a: MetaGROSS #OWNED|Metagross, shiny|100/100
|move|p2a: Forretress|Spikes|p1a: MetaGROSS #OWNED
|-sidestart|p1: Genexys|Spikes
|
|upkeep
|turn|3
|c|☆Genexys|indeed
|
|t:|1728054592
|switch|p2a: Blissey|Blissey, F|100/100
|move|p1a: MetaGROSS #OWNED|Hidden Power|p2a: Blissey
|-damage|p2a: Blissey|91/100
|
|-heal|p2a: Blissey|97/100|[from] item: Leftovers
|upkeep
|turn|4
|
|t:|1728054596
|switch|p1a: Hariyama|Hariyama, F|100/100
|-damage|p1a: Hariyama|88/100|[from] Spikes
|switch|p2a: Charizard|Charizard, F|100/100
|
|-heal|p1a: Hariyama|94/100|[from] item: Leftovers
|upkeep
|turn|5
|
|t:|1728054600
|switch|p2a: Celebi|Celebi|100/100
|move|p1a: Hariyama|Rock Slide|p2a: Celebi
|-crit|p2a: Celebi
|-damage|p2a: Celebi|59/100
|
|-heal|p2a: Celebi|65/100|[from] item: Leftovers
|-heal|p1a: Hariyama|100/100|[from] item: Leftovers
|upkeep
|turn|6
|
|t:|1728054604
|switch|p1a: ILTGMDSWIGH|Skarmory, M|100/100
|move|p2a: Celebi|Psychic|p1a: ILTGMDSWIGH
|-resisted|p1a: ILTGMDSWIGH
|-damage|p1a: ILTGMDSWIGH|81/100
|
|-heal|p2a: Celebi|71/100|[from] item: Leftovers
|-heal|p1a: ILTGMDSWIGH|87/100|[from] item: Leftovers
|upkeep
|turn|7
|
|t:|1728054608
|move|p2a: Celebi|Leech Seed|p1a: ILTGMDSWIGH
|-start|p1a: ILTGMDSWIGH|move: Leech Seed
|move|p1a: ILTGMDSWIGH|Spikes|p2a: Celebi
|-sidestart|p2: Calm Stiege|Spikes
|
|-heal|p2a: Celebi|78/100|[from] item: Leftovers
|-heal|p1a: ILTGMDSWIGH|93/100|[from] item: Leftovers
|-damage|p1a: ILTGMDSWIGH|80/100|[from] Leech Seed|[of] p2a: Celebi
|-heal|p2a: Celebi|90/100|[silent]
|upkeep
|turn|8
|
|t:|1728054614
|switch|p2a: Forretress|Forretress, M|100/100
|-damage|p2a: Forretress|88/100|[from] Spikes
|switch|p1a: MetaGROSS #OWNED|Metagross, shiny|100/100
|-damage|p1a: MetaGROSS #OWNED|88/100|[from] Spikes
|
|-heal|p1a: MetaGROSS #OWNED|94/100|[from] item: Leftovers
|-heal|p2a: Forretress|94/100|[from] item: Leftovers
|upkeep
|turn|9
|
|t:|1728054619
|switch|p2a: Charizard|Charizard, F|100/100
|move|p1a: MetaGROSS #OWNED|Hidden Power|p2a: Charizard
|-resisted|p2a: Charizard
|-damage|p2a: Charizard|85/100
|
|-heal|p2a: Charizard|91/100|[from] item: Leftovers
|-heal|p1a: MetaGROSS #OWNED|99/100|[from] item: Leftovers
|upkeep
|turn|10
|
|t:|1728054624
|switch|p1a: Tusk Act 4|Starmie|100/100
|-damage|p1a: Tusk Act 4|88/100|[from] Spikes
|move|p2a: Charizard|Fire Blast|p1a: Tusk Act 4
|-resisted|p1a: Tusk Act 4
|-damage|p1a: Tusk Act 4|50/100
|
|-heal|p1a: Tusk Act 4|56/100|[from] item: Leftovers
|-heal|p2a: Charizard|97/100|[from] item: Leftovers
|upkeep
|turn|11
|
|t:|1728054633
|switch|p2a: Celebi|Celebi|90/100
|-damage|p2a: Celebi|77/100|[from] Spikes
|move|p1a: Tusk Act 4|Recover|p1a: Tusk Act 4
|-heal|p1a: Tusk Act 4|100/100
|
|-heal|p2a: Celebi|83/100|[from] item: Leftovers
|upkeep
|turn|12
|
|t:|1728054636
|move|p1a: Tusk Act 4|Rapid Spin|p2a: Celebi
|-damage|p2a: Celebi|80/100
|-sideend|p1: Genexys|Spikes|[from] move: Rapid Spin|[of] p1a: Tusk Act 4
|move|p2a: Celebi|Giga Drain|p1a: Tusk Act 4
|-supereffective|p1a: Tusk Act 4
|-damage|p1a: Tusk Act 4|32/100
|-heal|p2a: Celebi|100/100|[from] drain|[of] p1a: Tusk Act 4
|
|-heal|p1a: Tusk Act 4|38/100|[from] item: Leftovers
|upkeep
|turn|13
|
|t:|1728054640
|switch|p1a: Kebab|Blissey, F|100/100
|move|p2a: Celebi|Leech Seed|p1a: Kebab
|-start|p1a: Kebab|move: Leech Seed
|
|-damage|p1a: Kebab|88/100|[from] Leech Seed|[of] p2a: Celebi
|upkeep
|turn|14
|
|t:|1728054644
|switch|p2a: Forretress|Forretress, M|94/100
|-damage|p2a: Forretress|82/100|[from] Spikes
|move|p1a: Kebab|Wish|p1a: Kebab
|
|-heal|p1a: Kebab|94/100|[from] item: Leftovers
|-damage|p1a: Kebab|82/100|[from] Leech Seed|[of] p2a: Forretress
|-heal|p2a: Forretress|100/100|[silent]
|upkeep
|turn|15
|
|t:|1728054648
|switch|p1a: Hariyama|Hariyama, F|100/100
|move|p2a: Forretress|Rapid Spin|p1a: Hariyama
|-damage|p1a: Hariyama|96/100
|-sideend|p2: Calm Stiege|Spikes|[from] move: Rapid Spin|[of] p2a: Forretress
|
|-heal|p1a: Hariyama|100/100|[from] move: Wish|[wisher] Kebab
|upkeep
|turn|16
|
|t:|1728054651
|move|p1a: Hariyama|Knock Off|p2a: Forretress
|-resisted|p2a: Forretress
|-damage|p2a: Forretress|99/100
|-enditem|p2a: Forretress|Leftovers|[from] move: Knock Off|[of] p1a: Hariyama
|-hint|In Gens 3-4, Knock Off only makes the target's item unusable; it cannot obtain a new item.
|move|p2a: Forretress|Hidden Power|p1a: Hariyama
|-damage|p1a: Hariyama|85/100
|
|-heal|p1a: Hariyama|92/100|[from] item: Leftovers
|upkeep
|turn|17
|
|t:|1728054656
|switch|p2a: Zapdos|Zapdos|100/100
|move|p1a: Hariyama|Brick Break|p2a: Zapdos
|-resisted|p2a: Zapdos
|-damage|p2a: Zapdos|82/100
|
|-heal|p1a: Hariyama|98/100|[from] item: Leftovers
|upkeep
|turn|18
|
|t:|1728054660
|switch|p1a: Kebab|Blissey, F|82/100
|move|p2a: Zapdos|Drill Peck|p1a: Kebab
|-damage|p1a: Kebab|31/100
|
|-heal|p1a: Kebab|37/100|[from] item: Leftovers
|upkeep
|turn|19
|
|t:|1728054665
|switch|p2a: Charizard|Charizard, F|97/100
|switch|p1a: MetaGROSS #OWNED|Metagross, shiny|99/100
|
|-heal|p2a: Charizard|100/100|[from] item: Leftovers
|-heal|p1a: MetaGROSS #OWNED|100/100|[from] item: Leftovers
|upkeep
|turn|20
|
|t:|1728054668
|switch|p1a: Hariyama|Hariyama, F|98/100
|move|p2a: Charizard|Substitute|p2a: Charizard
|-start|p2a: Charizard|Substitute
|-damage|p2a: Charizard|76/100
|
|-heal|p2a: Charizard|82/100|[from] item: Leftovers
|-heal|p1a: Hariyama|100/100|[from] item: Leftovers
|upkeep
|turn|21
|
|t:|1728054670
|move|p2a: Charizard|Fire Blast|p1a: Hariyama
|-damage|p1a: Hariyama|58/100
|move|p1a: Hariyama|Whirlwind|p2a: Charizard
|drag|p2a: Forretress|Forretress, M|99/100
|
|-heal|p1a: Hariyama|64/100|[from] item: Leftovers
|upkeep
|turn|22
|
|t:|1728054677
|move|p1a: Hariyama|Brick Break|p2a: Forretress
|-damage|p2a: Forretress|79/100
|move|p2a: Forretress|Spikes|p1a: Hariyama
|-sidestart|p1: Genexys|Spikes
|
|-heal|p1a: Hariyama|71/100|[from] item: Leftovers
|upkeep
|turn|23
|
|t:|1728054683
|switch|p1a: bagonator|Salamence, M, shiny|100/100
|-ability|p1a: bagonator|Intimidate|boost
|-unboost|p2a: Forretress|atk|1
|switch|p2a: Celebi|Celebi|100/100
|
|upkeep
|turn|24
|
|t:|1728054686
|move|p1a: bagonator|Hidden Power|p2a: Celebi
|-supereffective|p2a: Celebi
|-damage|p2a: Celebi|0 fnt
|faint|p2a: Celebi
|
|t:|1728054688
|switch|p2a: Forretress|Forretress, M|79/100
|
|upkeep
|turn|25
|
|t:|1728054690
|move|p1a: bagonator|Hidden Power|p2a: Forretress
|-damage|p2a: Forretress|36/100
|move|p2a: Forretress|Explosion|p1a: bagonator
|-damage|p1a: bagonator|0 fnt
|faint|p2a: Forretress
|faint|p1a: bagonator
|
|t:|1728054695
|switch|p1a: Tusk Act 4|Starmie|38/100
|switch|p2a: Zapdos|Zapdos|82/100
|-damage|p1a: Tusk Act 4|25/100|[from] Spikes
|
|-heal|p1a: Tusk Act 4|32/100|[from] item: Leftovers
|upkeep
|turn|26
|
|t:|1728054698
|move|p1a: Tusk Act 4|Rapid Spin|p2a: Zapdos
|-damage|p2a: Zapdos|78/100
|-sideend|p1: Genexys|Spikes|[from] move: Rapid Spin|[of] p1a: Tusk Act 4
|move|p2a: Zapdos|Drill Peck|p1a: Tusk Act 4
|-damage|p1a: Tusk Act 4|0 fnt
|faint|p1a: Tusk Act 4
|
|t:|1728054704
|switch|p1a: MetaGROSS #OWNED|Metagross, shiny|100/100
|
|upkeep
|turn|27
|
|t:|1728054708
|switch|p2a: Charizard|Charizard, F|82/100
|move|p1a: MetaGROSS #OWNED|Psychic|p2a: Charizard
|-damage|p2a: Charizard|26/100
|
|-heal|p2a: Charizard|32/100|[from] item: Leftovers
|upkeep
|turn|28
|
|t:|1728054713
|move|p2a: Charizard|Substitute|p2a: Charizard
|-start|p2a: Charizard|Substitute
|-damage|p2a: Charizard|7/100
|move|p1a: MetaGROSS #OWNED|Psychic|p2a: Charizard
|-end|p2a: Charizard|Substitute
|
|-heal|p2a: Charizard|13/100|[from] item: Leftovers
|upkeep
|turn|29
|
|t:|1728054725
|switch|p1a: ILTGMDSWIGH|Skarmory, M|80/100
|move|p2a: Charizard|Fire Blast|p1a: ILTGMDSWIGH
|-supereffective|p1a: ILTGMDSWIGH
|-damage|p1a: ILTGMDSWIGH|0 fnt
|faint|p1a: ILTGMDSWIGH
|
|t:|1728054727
|switch|p1a: Kebab|Blissey, F|37/100
|
|-heal|p2a: Charizard|19/100|[from] item: Leftovers
|-heal|p1a: Kebab|44/100|[from] item: Leftovers
|upkeep
|turn|30
|
|t:|1728054731
|switch|p2a: Zapdos|Zapdos|78/100
|move|p1a: Kebab|Seismic Toss|p2a: Zapdos
|-damage|p2a: Zapdos|47/100
|
|-heal|p1a: Kebab|50/100|[from] item: Leftovers
|upkeep
|turn|31
|
|t:|1728054736
|switch|p1a: MetaGROSS #OWNED|Metagross, shiny|100/100
|move|p2a: Zapdos|Hidden Power|p1a: MetaGROSS #OWNED
|-damage|p1a: MetaGROSS #OWNED|79/100
|
|-heal|p1a: MetaGROSS #OWNED|85/100|[from] item: Leftovers
|upkeep
|turn|32
|
|t:|1728054741
|move|p2a: Zapdos|Hidden Power|p1a: MetaGROSS #OWNED
|-damage|p1a: MetaGROSS #OWNED|60/100
|move|p1a: MetaGROSS #OWNED|Meteor Mash|p2a: Zapdos
|-resisted|p2a: Zapdos
|-damage|p2a: Zapdos|18/100
|
|-heal|p1a: MetaGROSS #OWNED|66/100|[from] item: Leftovers
|upkeep
|turn|33
|
|t:|1728054743
|move|p2a: Zapdos|Hidden Power|p1a: MetaGROSS #OWNED
|-damage|p1a: MetaGROSS #OWNED|41/100
|move|p1a: MetaGROSS #OWNED|Psychic|p2a: Zapdos
|-damage|p2a: Zapdos|0 fnt
|faint|p2a: Zapdos
|
|t:|1728054746
|switch|p2a: Charizard|Charizard, F|19/100
|
|-heal|p2a: Charizard|25/100|[from] item: Leftovers
|-heal|p1a: MetaGROSS #OWNED|47/100|[from] item: Leftovers
|upkeep
|turn|34
|
|t:|1728054748
|move|p2a: Charizard|Fire Blast|p1a: MetaGROSS #OWNED
|-supereffective|p1a: MetaGROSS #OWNED
|-damage|p1a: MetaGROSS #OWNED|0 fnt
|faint|p1a: MetaGROSS #OWNED
|
|t:|1728054749
|switch|p1a: Kebab|Blissey, F|50/100
|
|-heal|p2a: Charizard|31/100|[from] item: Leftovers
|-heal|p1a: Kebab|56/100|[from] item: Leftovers
|upkeep
|turn|35
|
|t:|1728054751
|move|p2a: Charizard|Fire Blast|p1a: Kebab
|-damage|p1a: Kebab|17/100
|move|p1a: Kebab|Soft-Boiled|p1a: Kebab
|-heal|p1a: Kebab|67/100
|
|-heal|p2a: Charizard|37/100|[from] item: Leftovers
|-heal|p1a: Kebab|73/100|[from] item: Leftovers
|upkeep
|turn|36
|
|t:|1728054762
|switch|p2a: Blissey|Blissey, F|97/100
|move|p1a: Kebab|Seismic Toss|p2a: Blissey
|-damage|p2a: Blissey|82/100
|
|-heal|p2a: Blissey|88/100|[from] item: Leftovers
|-heal|p1a: Kebab|80/100|[from] item: Leftovers
|upkeep
|turn|37
|
|t:|1728054764
|move|p2a: Blissey|Calm Mind|p2a: Blissey
|-boost|p2a: Blissey|spa|1
|-boost|p2a: Blissey|spd|1
|move|p1a: Kebab|Wish|p1a: Kebab
|
|-heal|p1a: Kebab|86/100|[from] item: Leftovers
|-heal|p2a: Blissey|94/100|[from] item: Leftovers
|upkeep
|turn|38
|
|t:|1728054765
|switch|p1a: Hariyama|Hariyama, F|71/100
|move|p2a: Blissey|Ice Beam|p1a: Hariyama
|-damage|p1a: Hariyama|44/100
|
|-heal|p1a: Hariyama|94/100|[from] move: Wish|[wisher] Kebab
|-heal|p2a: Blissey|100/100|[from] item: Leftovers
|-heal|p1a: Hariyama|99/100|[from] item: Leftovers
|upkeep
|turn|39
|
|t:|1728054767
|move|p2a: Blissey|Thunderbolt|p1a: Hariyama
|-damage|p1a: Hariyama|73/100
|move|p1a: Hariyama|Brick Break|p2a: Blissey
|-supereffective|p2a: Blissey
|-damage|p2a: Blissey|38/100
|
|-heal|p2a: Blissey|44/100|[from] item: Leftovers
|-heal|p1a: Hariyama|80/100|[from] item: Leftovers
|upkeep
|turn|40
|
|t:|1728054770
|move|p2a: Blissey|Thunderbolt|p1a: Hariyama
|-damage|p1a: Hariyama|53/100
|move|p1a: Hariyama|Brick Break|p2a: Blissey
|-supereffective|p2a: Blissey
|-damage|p2a: Blissey|0 fnt
|faint|p2a: Blissey
|
|t:|1728054773
|switch|p2a: Charizard|Charizard, F|37/100
|
|-heal|p2a: Charizard|43/100|[from] item: Leftovers
|-heal|p1a: Hariyama|59/100|[from] item: Leftovers
|upkeep
|turn|41
|
|t:|1728054775
|switch|p1a: Kebab|Blissey, F|86/100
|move|p2a: Charizard|Substitute|p2a: Charizard
|-start|p2a: Charizard|Substitute
|-damage|p2a: Charizard|18/100
|
|-heal|p2a: Charizard|24/100|[from] item: Leftovers
|-heal|p1a: Kebab|92/100|[from] item: Leftovers
|upkeep
|turn|42
|
|t:|1728054778
|-singleturn|p2a: Charizard|move: Focus Punch
|move|p1a: Kebab|Seismic Toss|p2a: Charizard
|-end|p2a: Charizard|Substitute
|move|p2a: Charizard|Focus Punch|p1a: Kebab
|-supereffective|p1a: Kebab
|-damage|p1a: Kebab|37/100
|
|-heal|p2a: Charizard|30/100|[from] item: Leftovers
|-heal|p1a: Kebab|43/100|[from] item: Leftovers
|upkeep
|turn|43
|
|t:|1728054781
|move|p2a: Charizard|Substitute|p2a: Charizard
|-start|p2a: Charizard|Substitute
|-damage|p2a: Charizard|6/100
|move|p1a: Kebab|Soft-Boiled|p1a: Kebab
|-heal|p1a: Kebab|93/100
|
|-heal|p2a: Charizard|12/100|[from] item: Leftovers
|-heal|p1a: Kebab|99/100|[from] item: Leftovers
|upkeep
|turn|44
|
|t:|1728054782
|-singleturn|p2a: Charizard|move: Focus Punch
|move|p1a: Kebab|Seismic Toss|p2a: Charizard
|-end|p2a: Charizard|Substitute
|move|p2a: Charizard|Focus Punch|p1a: Kebab
|-supereffective|p1a: Kebab
|-damage|p1a: Kebab|42/100
|
|-heal|p2a: Charizard|18/100|[from] item: Leftovers
|-heal|p1a: Kebab|48/100|[from] item: Leftovers
|upkeep
|turn|45
|
|t:|1728054785
|move|p2a: Charizard|Fire Blast|p1a: Kebab
|-damage|p1a: Kebab|15/100
|move|p1a: Kebab|Soft-Boiled|p1a: Kebab
|-heal|p1a: Kebab|65/100
|
|-heal|p2a: Charizard|24/100|[from] item: Leftovers
|-heal|p1a: Kebab|71/100|[from] item: Leftovers
|upkeep
|turn|46
|
|t:|1728054790
|move|p2a: Charizard|Fire Blast|p1a: Kebab|[miss]
|-miss|p2a: Charizard|p1a: Kebab
|move|p1a: Kebab|Wish|p1a: Kebab
|
|-heal|p2a: Charizard|30/100|[from] item: Leftovers
|-heal|p1a: Kebab|77/100|[from] item: Leftovers
|upkeep
|turn|47
|
|t:|1728054796
|switch|p1a: Hariyama|Hariyama, F|59/100
|move|p2a: Charizard|Substitute|p2a: Charizard
|-start|p2a: Charizard|Substitute
|-damage|p2a: Charizard|5/100
|
|-heal|p1a: Hariyama|100/100|[from] move: Wish|[wisher] Kebab
|-heal|p2a: Charizard|11/100|[from] item: Leftovers
|upkeep
|turn|48
|
|t:|1728054798
|switch|p1a: Kebab|Blissey, F|77/100
|move|p2a: Charizard|Fire Blast|p1a: Kebab
|-damage|p1a: Kebab|39/100
|
|-heal|p2a: Charizard|17/100|[from] item: Leftovers
|-heal|p1a: Kebab|45/100|[from] item: Leftovers
|upkeep
|turn|49
|
|t:|1728054801
|-singleturn|p2a: Charizard|move: Focus Punch
|move|p1a: Kebab|Soft-Boiled|p1a: Kebab
|-heal|p1a: Kebab|95/100
|move|p2a: Charizard|Focus Punch|p1a: Kebab
|-supereffective|p1a: Kebab
|-damage|p1a: Kebab|35/100
|
|-heal|p2a: Charizard|23/100|[from] item: Leftovers
|-heal|p1a: Kebab|41/100|[from] item: Leftovers
|upkeep
|turn|50
|
|t:|1728054807
|-singleturn|p2a: Charizard|move: Focus Punch
|move|p1a: Kebab|Seismic Toss|p2a: Charizard
|-end|p2a: Charizard|Substitute
|move|p2a: Charizard|Focus Punch|p1a: Kebab
|-supereffective|p1a: Kebab
|-damage|p1a: Kebab|0 fnt
|faint|p1a: Kebab
|
|t:|1728054808
|switch|p1a: Hariyama|Hariyama, F|100/100
|
|-heal|p2a: Charizard|29/100|[from] item: Leftovers
|upkeep
|turn|51
|
|t:|1728054813
|move|p2a: Charizard|Hidden Power|p1a: Hariyama
|-damage|p1a: Hariyama|84/100
|move|p1a: Hariyama|Rock Slide|p2a: Charizard
|-supereffective|p2a: Charizard
|-damage|p2a: Charizard|0 fnt
|faint|p2a: Charizard
|
|t:|1728054815
|switch|p2a: Snorlax|Snorlax, M|100/100
|
|-heal|p1a: Hariyama|90/100|[from] item: Leftovers
|upkeep
|turn|52
|
|t:|1728054821
|move|p1a: Hariyama|Brick Break|p2a: Snorlax
|-supereffective|p2a: Snorlax
|-damage|p2a: Snorlax|48/100
|move|p2a: Snorlax|Curse|p2a: Snorlax
|-unboost|p2a: Snorlax|spe|1
|-boost|p2a: Snorlax|atk|1
|-boost|p2a: Snorlax|def|1
|
|-heal|p1a: Hariyama|97/100|[from] item: Leftovers
|-heal|p2a: Snorlax|55/100|[from] item: Leftovers
|upkeep
|turn|53
|
|t:|1728054827
|move|p1a: Hariyama|Brick Break|p2a: Snorlax
|-supereffective|p2a: Snorlax
|-damage|p2a: Snorlax|18/100
|move|p2a: Snorlax|Return|p1a: Hariyama
|-damage|p1a: Hariyama|40/100
|
|-heal|p1a: Hariyama|46/100|[from] item: Leftovers
|-heal|p2a: Snorlax|24/100|[from] item: Leftovers
|upkeep
|turn|54
|c|☆Calm Stiege|ggwp
|
|t:|1728054831
|move|p1a: Hariyama|Brick Break|p2a: Snorlax
|-supereffective|p2a: Snorlax
|-damage|p2a: Snorlax|0 fnt
|faint|p2a: Snorlax
|
|win|Genexys
|c|☆Genexys|ggwp

</script>
<script type="application/json" class="data" id="replaydata-smogtours-gen3ou-794560">
{"id":"smogtours-gen3ou-794560","format":"[Gen 3] OU","players":["Genexys","Calm Stiege"],"uploadtime":1728054831,"views":93,"formatid":"gen3ou","rating":null,"private":0,"password":null}
</script>

<script defer src="js/replays.js?9d40a366"></script>
