<!DOCTYPE html>
<meta charset="utf-8" />
<meta name="viewport" content="width=device-width" />

<title>[Gen 3] OU: CodeRedSP vs. PuruglyIsUgly - Replays - Pok&eacute;mon Showdown!</title>

<meta name="description" content="Watch a replay of a Pok&eacute;mon battle between CodeRedSP and PuruglyIsUgly! Format: [Gen 3] OU; Date: Oct 2, 2024" />
<!--

Hey, you! Looking in the source for the replay log?

You can find them in JSON format, just add `.json` at the end of a replay URL.

https://replay.pokemonshowdown.com/gen7randomdoublesbattle-865046831.json

Or, if you only need the log itself, add `.log` instead:

https://replay.pokemonshowdown.com/gen7randomdoublesbattle-865046831.log

-->

<link rel="stylesheet" href="//pokemonshowdown.com/style/global.css?0.767286132409787" />
<link rel="stylesheet" href="//play.pokemonshowdown.com/style/font-awesome.css?0.9266228007934947" />
<link rel="stylesheet" href="//play.pokemonshowdown.com/style/battle.css?0.7924700842790926" />
<link rel="stylesheet" href="//play.pokemonshowdown.com/style/utilichart.css?0.8777417872839479" />

<!-- Global site tag (gtag.js) - Google Analytics -->
<script async src="https://www.googletagmanager.com/gtag/js?id=UA-26211653-1"></script>
<script>
  window.dataLayer = window.dataLayer || [];
  function gtag(){dataLayer.push(arguments);}
  gtag('js', new Date());

  gtag('config', 'UA-26211653-1');
</script>
<!-- End Google Analytics -->
<!-- Venatus Ad Manager - Install in <HEAD> of page -->
	<script src="https://hb.vntsm.com/v3/live/ad-manager.min.js" type="text/javascript" data-site-id="642aba63ec9a7b11c3c9c1be" data-mode="scan" async></script>
<!-- / Venatus Ad Manager -->

<style>
	@media (max-width:820px) {
		.battle {
			margin: 0 auto;
		}
		.battle-log {
			margin: 7px auto 0;
			max-width: 640px;
			height: 300px;
			position: static;
		}
	}
	.optgroup {
		display: inline-block;
		line-height: 22px;
		font-size: 10pt;
	}
	.optgroup .button {
		height: 25px;
		padding-top: 0;
		padding-bottom: 0;
	}
	.optgroup button.button {
		padding-left: 12px;
		padding-right: 12px;
	}
	.linklist {
		list-style: none;
		margin: 0.5em 0;
		padding: 0;
	}
	.linklist li {
		padding: 2px 0;
	}
	.sidebar {
		float: left;
		width: 320px;
	}
	.bar-wrapper {
		max-width: 1100px;
		margin: 0 auto;
	}
	.bar-wrapper.has-sidebar {
		max-width: 1430px;
	}
	.mainbar {
		margin: 0;
		padding-right: 1px;
	}
	.mainbar.has-sidebar {
		margin-left: 330px;
	}
	@media (min-width: 1511px) {
		.sidebar {
			width: 400px;
		}
		.bar-wrapper.has-sidebar {
			max-width: 1510px;
		}
		.mainbar.has-sidebar {
			margin-left: 410px;
		}
	}
	.section.first-section {
		margin-top: 9px;
	}
	.blocklink small {
		white-space: normal;
	}
	.button {
		vertical-align: middle;
	}
	.replay-controls {
		padding-top: 10px;
	}
	.replay-controls h1 {
		font-size: 16pt;
		font-weight: normal;
		color: #CCC;
	}
	.pagelink {
		text-align: center;
	}
	.pagelink a {
		width: 150px;
	}
	.textbox, .button {
		font-size: 11pt;
		vertical-align: middle;
	}
	@media (max-width: 450px) {
		.button {
			font-size: 9pt;
		}
	}
</style>

<div>

	<header>
		<div class="nav-wrapper"><ul class="nav">
			<li><a class="button nav-first" href="//pokemonshowdown.com/"><img src="//pokemonshowdown.com/images/pokemonshowdownbeta.png" srcset="//pokemonshowdown.com/images/pokemonshowdownbeta.png 1x, //pokemonshowdown.com/images/pokemonshowdownbeta@2x.png 2x" alt="Pok&eacute;mon Showdown" width="146" height="44" /> Home</a></li>
			<li><a class="button" href="//pokemonshowdown.com/dex/">Pok&eacute;dex</a></li>
			<li><a class="button cur" href="/">Replays</a></li>
			<li><a class="button" href="//pokemonshowdown.com/ladder/">Ladder</a></li>
			<li><a class="button nav-last" href="//pokemonshowdown.com/forums/">Forum</a></li>
			<li><a class="button greenbutton nav-first nav-last" href="//play.pokemonshowdown.com/">Play</a></li>
		</ul></div>
	</header>

	<div class="main" id="main">

		<noscript><section class="section">You need to enable JavaScript to use this page; sorry!</section></noscript>

	</div>

</div>

<script defer nomodule src="//play.pokemonshowdown.com/js/lib/ps-polyfill.js"></script>
<script defer src="//play.pokemonshowdown.com/js/lib/preact.min.js"></script>

<script defer src="//play.pokemonshowdown.com/config/config.js?6dec07f6"></script>
<script defer src="//play.pokemonshowdown.com/js/lib/jquery-1.11.0.min.js"></script>
<script defer src="//play.pokemonshowdown.com/js/lib/html-sanitizer-minified.js"></script>
<script defer src="//play.pokemonshowdown.com/js/battle-sound.js"></script>
<script defer src="//play.pokemonshowdown.com/js/battledata.js?0.6315294753075389"></script>
<script defer src="//play.pokemonshowdown.com/data/pokedex-mini.js?0.7603743185311358"></script>
<script defer src="//play.pokemonshowdown.com/data/pokedex-mini-bw.js?0.030888842834281283"></script>
<script defer src="//play.pokemonshowdown.com/data/graphics.js?0.05593094747507488"></script>
<script defer src="//play.pokemonshowdown.com/data/pokedex.js?0.47064822249611904"></script>
<script defer src="//play.pokemonshowdown.com/data/moves.js?0.8583693120512459"></script>
<script defer src="//play.pokemonshowdown.com/data/abilities.js?0.16017181182386842"></script>
<script defer src="//play.pokemonshowdown.com/data/items.js?0.4163379185673943"></script>
<script defer src="//play.pokemonshowdown.com/data/teambuilder-tables.js?0.31075597372830477"></script>
<script defer src="//play.pokemonshowdown.com/js/battle-tooltips.js?0.6536193500708172"></script>
<script defer src="//play.pokemonshowdown.com/js/battle.js?0.1916591943277901"></script>

<script defer src="js/utils.js?e31f9a17"></script>
<script defer src="js/replays-battle.js?7008c182"></script>

<!-- don't scrape this data! just add .json or .log after the URL!
Full API docs: https://github.com/smogon/pokemon-showdown-client/blob/master/WEB-API.md -->
<script type="text/plain" class="log" id="replaylog-smogtours-gen3ou-793872">
|inactive|Battle timer is ON: inactive players will automatically lose when time's up.
|t:|1727828471
|gametype|singles
|player|p1|CodeRedSP|2|
|player|p2|PuruglyIsUgly|266|
|teamsize|p1|6
|teamsize|p2|6
|gen|3
|tier|[Gen 3] OU
|rule|Sleep Clause Mod: Limit one foe put to sleep
|rule|Switch Priority Clause Mod: Faster Pokémon switch first
|rule|Species Clause: Limit one of each Pokémon
|rule|OHKO Clause: OHKO moves are banned
|rule|Evasion Items Clause: Evasion items are banned
|rule|Evasion Moves Clause: Evasion moves are banned
|rule|Endless Battle Clause: Forcing endless battles is banned
|rule|HP Percentage Mod: HP is shown in percentages
|rule|One Boost Passer Clause: Limit one Baton Passer that has a way to boost its stats
|rule|Freeze Clause Mod: Limit one foe frozen
|
|t:|1727828471
|start
|switch|p1a: Family Guy|Slaking, M|100/100
|switch|p2a: Zapdos|Zapdos|100/100
|turn|1
|
|t:|1727828480
|switch|p2a: Forretress|Forretress, F|100/100
|move|p1a: Family Guy|Rock Slide|p2a: Forretress
|-damage|p2a: Forretress|77/100
|
|-heal|p2a: Forretress|83/100|[from] item: Leftovers
|upkeep
|turn|2
|c|☆PuruglyIsUgly|Lol I loaded wrong team
|c|☆PuruglyIsUgly|Gl anyway
|
|t:|1727828498
|switch|p1a: Soup|Gengar, F|100/100
|move|p2a: Forretress|Zap Cannon|p1a: Soup
|-crit|p1a: Soup
|-damage|p1a: Soup|58/100
|-status|p1a: Soup|par
|
|-heal|p2a: Forretress|89/100|[from] item: Leftovers
|-heal|p1a: Soup|64/100 par|[from] item: Leftovers
|upkeep
|turn|3
|c|☆CodeRedSP|Rip glhf
|
|t:|1727828507
|switch|p2a: Blissey|Blissey, F|100/100
|move|p1a: Soup|Will-O-Wisp|p2a: Blissey
|-status|p2a: Blissey|brn
|
|-damage|p2a: Blissey|88/100 brn|[from] brn
|-heal|p1a: Soup|71/100 par|[from] item: Leftovers
|upkeep
|turn|4
|
|t:|1727828520
|-curestatus|p2a: Blissey|brn|[from] ability: Natural Cure
|switch|p2a: Forretress|Forretress, F|89/100
|switch|p1a: Family Guy|Slaking, M|100/100
|
|-heal|p2a: Forretress|95/100|[from] item: Leftovers
|upkeep
|turn|5
|
|t:|1727828536
|move|p1a: Family Guy|Double-Edge|p2a: Forretress
|-resisted|p2a: Forretress
|-crit|p2a: Forretress
|-damage|p2a: Forretress|36/100
|-damage|p1a: Family Guy|85/100|[from] Recoil|[of] p2a: Forretress
|move|p2a: Forretress|Zap Cannon|p1a: Family Guy
|-damage|p1a: Family Guy|70/100
|-status|p1a: Family Guy|par
|
|-heal|p2a: Forretress|42/100|[from] item: Leftovers
|upkeep
|turn|6
|
|t:|1727828546
|switch|p1a: WTF IS A KM|Suicune|100/100
|move|p2a: Forretress|Spikes|p1a: WTF IS A KM
|-sidestart|p1: CodeRedSP|Spikes
|
|-heal|p2a: Forretress|48/100|[from] item: Leftovers
|upkeep
|turn|7
|
|t:|1727828555
|switch|p1a: Relinquished|Claydol|100/100
|switch|p2a: Zapdos|Zapdos|100/100
|
|upkeep
|turn|8
|
|t:|1727828564
|move|p2a: Zapdos|Hidden Power|p1a: Relinquished
|-supereffective|p1a: Relinquished
|-damage|p1a: Relinquished|72/100
|move|p1a: Relinquished|Rapid Spin|p2a: Zapdos
|-damage|p2a: Zapdos|97/100
|-sideend|p1: CodeRedSP|Spikes|[from] move: Rapid Spin|[of] p1a: Relinquished
|
|-heal|p2a: Zapdos|100/100|[from] item: Leftovers
|-heal|p1a: Relinquished|78/100|[from] item: Leftovers
|upkeep
|turn|9
|
|t:|1727828586
|move|p2a: Zapdos|Hidden Power|p1a: Relinquished
|-supereffective|p1a: Relinquished
|-damage|p1a: Relinquished|47/100
|move|p1a: Relinquished|Toxic|p2a: Zapdos
|-status|p2a: Zapdos|tox
|
|-damage|p2a: Zapdos|94/100 tox|[from] psn
|-heal|p1a: Relinquished|53/100|[from] item: Leftovers
|upkeep
|turn|10
|
|t:|1727828600
|switch|p2a: Forretress|Forretress, F|48/100
|switch|p1a: Windows 87|Metagross, shiny|100/100
|
|-heal|p2a: Forretress|54/100|[from] item: Leftovers
|upkeep
|turn|11
|
|t:|1727828621
|move|p1a: Windows 87|Meteor Mash|p2a: Forretress
|-resisted|p2a: Forretress
|-damage|p2a: Forretress|30/100
|move|p2a: Forretress|Spikes|p1a: Windows 87
|-sidestart|p1: CodeRedSP|Spikes
|
|-heal|p2a: Forretress|37/100|[from] item: Leftovers
|upkeep
|turn|12
|
|t:|1727828626
|move|p1a: Windows 87|Meteor Mash|p2a: Forretress
|-resisted|p2a: Forretress
|-damage|p2a: Forretress|11/100
|-boost|p1a: Windows 87|atk|1
|move|p2a: Forretress|Zap Cannon|p1a: Windows 87
|-damage|p1a: Windows 87|86/100
|-status|p1a: Windows 87|par
|
|-heal|p2a: Forretress|17/100|[from] item: Leftovers
|upkeep
|turn|13
|
|t:|1727828639
|switch|p2a: Jirachi|Jirachi|100/100
|move|p1a: Windows 87|Meteor Mash|p2a: Jirachi
|-resisted|p2a: Jirachi
|-crit|p2a: Jirachi
|-damage|p2a: Jirachi|26/100
|
|-heal|p2a: Jirachi|32/100|[from] item: Leftovers
|upkeep
|turn|14
|
|t:|1727828648
|move|p2a: Jirachi|Wish|p2a: Jirachi
|move|p1a: Windows 87|Meteor Mash|p2a: Jirachi
|-resisted|p2a: Jirachi
|-damage|p2a: Jirachi|0 fnt
|-boost|p1a: Windows 87|atk|1
|faint|p2a: Jirachi
|
|t:|1727828659
|switch|p2a: Marowak|Marowak, F|100/100
|
|upkeep
|turn|15
|
|t:|1727828672
|switch|p1a: Soup|Gengar, F|71/100 par
|move|p2a: Marowak|Earthquake|p1a: Soup
|-immune|p1a: Soup
|
|-heal|p1a: Soup|77/100 par|[from] item: Leftovers
|upkeep
|turn|16
|
|t:|1727828684
|switch|p2a: Blissey|Blissey, F|88/100
|move|p1a: Soup|Ice Punch|p2a: Blissey
|-damage|p2a: Blissey|79/100
|
|-heal|p2a: Blissey|85/100|[from] item: Leftovers
|-heal|p1a: Soup|83/100 par|[from] item: Leftovers
|upkeep
|turn|17
|
|t:|1727828690
|switch|p1a: WTF IS A KM|Suicune|100/100
|-damage|p1a: WTF IS A KM|88/100|[from] Spikes
|move|p2a: Blissey|Aromatherapy|p2a: Blissey
|-cureteam|p2a: Blissey|[from] move: Aromatherapy
|
|-heal|p1a: WTF IS A KM|94/100|[from] item: Leftovers
|-heal|p2a: Blissey|91/100|[from] item: Leftovers
|upkeep
|turn|18
|
|t:|1727828696
|switch|p2a: Zapdos|Zapdos|94/100
|move|p1a: WTF IS A KM|Calm Mind|p1a: WTF IS A KM
|-boost|p1a: WTF IS A KM|spa|1
|-boost|p1a: WTF IS A KM|spd|1
|
|-heal|p2a: Zapdos|100/100|[from] item: Leftovers
|-heal|p1a: WTF IS A KM|100/100|[from] item: Leftovers
|upkeep
|turn|19
|
|t:|1727828700
|move|p1a: WTF IS A KM|Calm Mind|p1a: WTF IS A KM
|-boost|p1a: WTF IS A KM|spa|1
|-boost|p1a: WTF IS A KM|spd|1
|move|p2a: Zapdos|Roar|p1a: WTF IS A KM
|drag|p1a: Windows 87|Metagross, shiny|86/100 par
|-damage|p1a: Windows 87|73/100 par|[from] Spikes
|
|upkeep
|turn|20
|
|t:|1727828704
|switch|p2a: Forretress|Forretress, F|17/100
|move|p1a: Windows 87|Explosion|p2a: Forretress
|-resisted|p2a: Forretress
|-damage|p2a: Forretress|0 fnt
|faint|p1a: Windows 87
|faint|p2a: Forretress
|
|t:|1727828713
|switch|p1a: Family Guy|Slaking, M|70/100 par
|switch|p2a: Zapdos|Zapdos|100/100
|-damage|p1a: Family Guy|58/100 par|[from] Spikes
|
|upkeep
|turn|21
|
|t:|1727828721
|move|p2a: Zapdos|Thunderbolt|p1a: Family Guy
|-damage|p1a: Family Guy|6/100 par
|move|p1a: Family Guy|Double-Edge|p2a: Zapdos
|-damage|p2a: Zapdos|0 fnt
|-damage|p1a: Family Guy|0 fnt|[from] Recoil|[of] p2a: Zapdos
|faint|p2a: Zapdos
|faint|p1a: Family Guy
|
|t:|1727828732
|switch|p1a: Soup|Gengar, F|83/100 par
|switch|p2a: Jumpluff|Jumpluff, M|100/100
|
|-heal|p1a: Soup|89/100 par|[from] item: Leftovers
|upkeep
|turn|22
|
|t:|1727828738
|move|p2a: Jumpluff|Substitute|p2a: Jumpluff
|-start|p2a: Jumpluff|Substitute
|-damage|p2a: Jumpluff|76/100
|move|p1a: Soup|Ice Punch|p2a: Jumpluff
|-supereffective|p2a: Jumpluff
|-end|p2a: Jumpluff|Substitute
|
|-heal|p2a: Jumpluff|82/100|[from] item: Leftovers
|-heal|p1a: Soup|95/100 par|[from] item: Leftovers
|upkeep
|turn|23
|
|t:|1727828746
|move|p2a: Jumpluff|Substitute|p2a: Jumpluff
|-start|p2a: Jumpluff|Substitute
|-damage|p2a: Jumpluff|57/100
|move|p1a: Soup|Ice Punch|p2a: Jumpluff
|-supereffective|p2a: Jumpluff
|-crit|p2a: Jumpluff
|-end|p2a: Jumpluff|Substitute
|
|-heal|p2a: Jumpluff|63/100|[from] item: Leftovers
|-heal|p1a: Soup|100/100 par|[from] item: Leftovers
|upkeep
|turn|24
|
|t:|1727828757
|switch|p2a: Blissey|Blissey, F|91/100
|move|p1a: Soup|Ice Punch|p2a: Blissey
|-damage|p2a: Blissey|83/100
|
|-heal|p2a: Blissey|89/100|[from] item: Leftovers
|upkeep
|turn|25
|
|t:|1727828764
|move|p2a: Blissey|Soft-Boiled|p2a: Blissey
|-heal|p2a: Blissey|100/100
|move|p1a: Soup|Explosion|p2a: Blissey
|-damage|p2a: Blissey|23/100
|faint|p1a: Soup
|
|t:|1727828775
|switch|p1a: Relinquished|Claydol|53/100
|
|-heal|p1a: Relinquished|59/100|[from] item: Leftovers
|-heal|p2a: Blissey|29/100|[from] item: Leftovers
|upkeep
|turn|26
|
|t:|1727828782
|move|p1a: Relinquished|Rock Slide|p2a: Blissey
|-damage|p2a: Blissey|16/100
|move|p2a: Blissey|Soft-Boiled|p2a: Blissey
|-heal|p2a: Blissey|66/100
|
|-heal|p1a: Relinquished|65/100|[from] item: Leftovers
|-heal|p2a: Blissey|72/100|[from] item: Leftovers
|upkeep
|turn|27
|
|t:|1727828791
|move|p1a: Relinquished|Toxic|p2a: Blissey
|-status|p2a: Blissey|tox
|move|p2a: Blissey|Soft-Boiled|p2a: Blissey
|-heal|p2a: Blissey|100/100 tox
|
|-heal|p1a: Relinquished|71/100|[from] item: Leftovers
|-damage|p2a: Blissey|94/100 tox|[from] psn
|upkeep
|turn|28
|
|t:|1727828794
|-curestatus|p2a: Blissey|tox|[from] ability: Natural Cure
|switch|p2a: Jumpluff|Jumpluff, M|63/100
|move|p1a: Relinquished|Rapid Spin|p2a: Jumpluff
|-damage|p2a: Jumpluff|59/100
|-sideend|p1: CodeRedSP|Spikes|[from] move: Rapid Spin|[of] p1a: Relinquished
|
|-heal|p2a: Jumpluff|65/100|[from] item: Leftovers
|-heal|p1a: Relinquished|78/100|[from] item: Leftovers
|upkeep
|turn|29
|
|t:|1727828802
|switch|p1a: Charicif|Charizard, M|100/100
|move|p2a: Jumpluff|Stun Spore|p1a: Charicif
|-status|p1a: Charicif|par
|
|-heal|p2a: Jumpluff|71/100|[from] item: Leftovers
|upkeep
|turn|30
|
|t:|1727828809
|move|p2a: Jumpluff|Substitute|p2a: Jumpluff
|-start|p2a: Jumpluff|Substitute
|-damage|p2a: Jumpluff|46/100
|move|p1a: Charicif|Substitute|p1a: Charicif
|-start|p1a: Charicif|Substitute
|-damage|p1a: Charicif|76/100 par
|
|-heal|p2a: Jumpluff|52/100|[from] item: Leftovers
|upkeep
|turn|31
|
|t:|1727828814
|move|p2a: Jumpluff|Encore|p1a: Charicif
|-start|p1a: Charicif|Encore
|move|p1a: Charicif|Substitute|p1a: Charicif
|-fail|p1a: Charicif|move: Substitute
|
|-heal|p2a: Jumpluff|59/100|[from] item: Leftovers
|upkeep
|turn|32
|
|t:|1727828819
|switch|p1a: WTF IS A KM|Suicune|100/100
|move|p2a: Jumpluff|Stun Spore|p1a: WTF IS A KM|[miss]
|-miss|p2a: Jumpluff|p1a: WTF IS A KM
|
|-heal|p2a: Jumpluff|65/100|[from] item: Leftovers
|upkeep
|turn|33
|
|t:|1727828822
|move|p2a: Jumpluff|Stun Spore|p1a: WTF IS A KM
|-status|p1a: WTF IS A KM|par
|move|p1a: WTF IS A KM|Calm Mind|p1a: WTF IS A KM
|-boost|p1a: WTF IS A KM|spa|1
|-boost|p1a: WTF IS A KM|spd|1
|
|-heal|p2a: Jumpluff|71/100|[from] item: Leftovers
|upkeep
|turn|34
|
|t:|1727828825
|move|p2a: Jumpluff|Encore|p1a: WTF IS A KM
|-start|p1a: WTF IS A KM|Encore
|move|p1a: WTF IS A KM|Calm Mind|p1a: WTF IS A KM
|-boost|p1a: WTF IS A KM|spa|1
|-boost|p1a: WTF IS A KM|spd|1
|
|-heal|p2a: Jumpluff|77/100|[from] item: Leftovers
|upkeep
|turn|35
|
|t:|1727828827
|switch|p2a: Marowak|Marowak, F|100/100
|cant|p1a: WTF IS A KM|par
|
|upkeep
|turn|36
|
|t:|1727828830
|move|p2a: Marowak|Swords Dance|p2a: Marowak
|-boost|p2a: Marowak|atk|2
|move|p1a: WTF IS A KM|Calm Mind|p1a: WTF IS A KM
|-boost|p1a: WTF IS A KM|spa|1
|-boost|p1a: WTF IS A KM|spd|1
|
|upkeep
|turn|37
|
|t:|1727828839
|move|p2a: Marowak|Earthquake|p1a: WTF IS A KM
|-damage|p1a: WTF IS A KM|0 fnt
|faint|p1a: WTF IS A KM
|
|t:|1727828842
|switch|p1a: Charicif|Charizard, M|76/100 par
|
|upkeep
|turn|38
|
|t:|1727828846
|move|p2a: Marowak|Rock Slide|p1a: Charicif
|-supereffective|p1a: Charicif
|-damage|p1a: Charicif|0 fnt
|faint|p1a: Charicif
|
|t:|1727828849
|switch|p1a: Relinquished|Claydol|78/100
|
|-heal|p1a: Relinquished|84/100|[from] item: Leftovers
|upkeep
|turn|39
|
|t:|1727828856
|move|p2a: Marowak|Double-Edge|p1a: Relinquished
|-damage|p1a: Relinquished|0 fnt
|faint|p1a: Relinquished
|
|win|PuruglyIsUgly
|c|☆CodeRedSP|Damn gg
|c|☆PuruglyIsUgly|gg
|c|☆PuruglyIsUgly|I'm kinda proud of this team tbh
|player|p1|

</script>
<script type="application/json" class="data" id="replaydata-smogtours-gen3ou-793872">
{"id":"smogtours-gen3ou-793872","format":"[Gen 3] OU","players":["CodeRedSP","PuruglyIsUgly"],"uploadtime":1727828856,"views":157,"formatid":"gen3ou","rating":null,"private":0,"password":null}
</script>

<script defer src="js/replays.js?9d40a366"></script>
