<!DOCTYPE html>
<meta charset="utf-8" />
<meta name="viewport" content="width=device-width" />

<title>[Gen 3] OU: DipMyBalls94 vs. social inclusion - Replays - Pok&eacute;mon Showdown!</title>

<meta name="description" content="Watch a replay of a Pok&eacute;mon battle between DipMyBalls94 and social inclusion! Format: [Gen 3] OU; Date: Oct 7, 2024" />
<!--

Hey, you! Looking in the source for the replay log?

You can find them in JSON format, just add `.json` at the end of a replay URL.

https://replay.pokemonshowdown.com/gen7randomdoublesbattle-865046831.json

Or, if you only need the log itself, add `.log` instead:

https://replay.pokemonshowdown.com/gen7randomdoublesbattle-865046831.log

-->

<link rel="stylesheet" href="//pokemonshowdown.com/style/global.css?0.023195364461161105" />
<link rel="stylesheet" href="//play.pokemonshowdown.com/style/font-awesome.css?0.13261647063804238" />
<link rel="stylesheet" href="//play.pokemonshowdown.com/style/battle.css?0.8753245789963631" />
<link rel="stylesheet" href="//play.pokemonshowdown.com/style/utilichart.css?0.8627959624976733" />

<!-- Global site tag (gtag.js) - Google Analytics -->
<script async src="https://www.googletagmanager.com/gtag/js?id=UA-26211653-1"></script>
<script>
  window.dataLayer = window.dataLayer || [];
  function gtag(){dataLayer.push(arguments);}
  gtag('js', new Date());

  gtag('config', 'UA-26211653-1');
</script>
<!-- End Google Analytics -->
<!-- Venatus Ad Manager - Install in <HEAD> of page -->
	<script src="https://hb.vntsm.com/v3/live/ad-manager.min.js" type="text/javascript" data-site-id="642aba63ec9a7b11c3c9c1be" data-mode="scan" async></script>
<!-- / Venatus Ad Manager -->

<style>
	@media (max-width:820px) {
		.battle {
			margin: 0 auto;
		}
		.battle-log {
			margin: 7px auto 0;
			max-width: 640px;
			height: 300px;
			position: static;
		}
	}
	.optgroup {
		display: inline-block;
		line-height: 22px;
		font-size: 10pt;
	}
	.optgroup .button {
		height: 25px;
		padding-top: 0;
		padding-bottom: 0;
	}
	.optgroup button.button {
		padding-left: 12px;
		padding-right: 12px;
	}
	.linklist {
		list-style: none;
		margin: 0.5em 0;
		padding: 0;
	}
	.linklist li {
		padding: 2px 0;
	}
	.sidebar {
		float: left;
		width: 320px;
	}
	.bar-wrapper {
		max-width: 1100px;
		margin: 0 auto;
	}
	.bar-wrapper.has-sidebar {
		max-width: 1430px;
	}
	.mainbar {
		margin: 0;
		padding-right: 1px;
	}
	.mainbar.has-sidebar {
		margin-left: 330px;
	}
	@media (min-width: 1511px) {
		.sidebar {
			width: 400px;
		}
		.bar-wrapper.has-sidebar {
			max-width: 1510px;
		}
		.mainbar.has-sidebar {
			margin-left: 410px;
		}
	}
	.section.first-section {
		margin-top: 9px;
	}
	.blocklink small {
		white-space: normal;
	}
	.button {
		vertical-align: middle;
	}
	.replay-controls {
		padding-top: 10px;
	}
	.replay-controls h1 {
		font-size: 16pt;
		font-weight: normal;
		color: #CCC;
	}
	.pagelink {
		text-align: center;
	}
	.pagelink a {
		width: 150px;
	}
	.textbox, .button {
		font-size: 11pt;
		vertical-align: middle;
	}
	@media (max-width: 450px) {
		.button {
			font-size: 9pt;
		}
	}
</style>

<div>

	<header>
		<div class="nav-wrapper"><ul class="nav">
			<li><a class="button nav-first" href="//pokemonshowdown.com/"><img src="//pokemonshowdown.com/images/pokemonshowdownbeta.png" srcset="//pokemonshowdown.com/images/pokemonshowdownbeta.png 1x, //pokemonshowdown.com/images/pokemonshowdownbeta@2x.png 2x" alt="Pok&eacute;mon Showdown" width="146" height="44" /> Home</a></li>
			<li><a class="button" href="//pokemonshowdown.com/dex/">Pok&eacute;dex</a></li>
			<li><a class="button cur" href="/">Replays</a></li>
			<li><a class="button" href="//pokemonshowdown.com/ladder/">Ladder</a></li>
			<li><a class="button nav-last" href="//pokemonshowdown.com/forums/">Forum</a></li>
			<li><a class="button greenbutton nav-first nav-last" href="//play.pokemonshowdown.com/">Play</a></li>
		</ul></div>
	</header>

	<div class="main" id="main">

		<noscript><section class="section">You need to enable JavaScript to use this page; sorry!</section></noscript>

	</div>

</div>

<script defer nomodule src="//play.pokemonshowdown.com/js/lib/ps-polyfill.js"></script>
<script defer src="//play.pokemonshowdown.com/js/lib/preact.min.js"></script>

<script defer src="//play.pokemonshowdown.com/config/config.js?2bddbc15"></script>
<script defer src="//play.pokemonshowdown.com/js/lib/jquery-1.11.0.min.js"></script>
<script defer src="//play.pokemonshowdown.com/js/lib/html-sanitizer-minified.js"></script>
<script defer src="//play.pokemonshowdown.com/js/battle-sound.js"></script>
<script defer src="//play.pokemonshowdown.com/js/battledata.js?0.7209276989879541"></script>
<script defer src="//play.pokemonshowdown.com/data/pokedex-mini.js?0.6111056340867951"></script>
<script defer src="//play.pokemonshowdown.com/data/pokedex-mini-bw.js?0.3532142036491459"></script>
<script defer src="//play.pokemonshowdown.com/data/graphics.js?0.24223875632456182"></script>
<script defer src="//play.pokemonshowdown.com/data/pokedex.js?0.38839984266356864"></script>
<script defer src="//play.pokemonshowdown.com/data/moves.js?0.21866028504024015"></script>
<script defer src="//play.pokemonshowdown.com/data/abilities.js?0.2005157953846628"></script>
<script defer src="//play.pokemonshowdown.com/data/items.js?0.9894211263848525"></script>
<script defer src="//play.pokemonshowdown.com/data/teambuilder-tables.js?0.6008791140282215"></script>
<script defer src="//play.pokemonshowdown.com/js/battle-tooltips.js?0.7580118955022959"></script>
<script defer src="//play.pokemonshowdown.com/js/battle.js?0.6057722274234274"></script>

<script defer src="js/utils.js?e31f9a17"></script>
<script defer src="js/replays-battle.js?7008c182"></script>

<!-- don't scrape this data! just add .json or .log after the URL!
Full API docs: https://github.com/smogon/pokemon-showdown-client/blob/master/WEB-API.md -->
<script type="text/plain" class="log" id="replaylog-smogtours-gen3ou-796253">
|inactive|Battle timer is ON: inactive players will automatically lose when time's up.
|t:|1728336668
|gametype|singles
|player|p1|DipMyBalls94|dawn|
|player|p2|social inclusion|169|
|teamsize|p1|6
|teamsize|p2|6
|gen|3
|tier|[Gen 3] OU
|rule|Sleep Clause Mod: Limit one foe put to sleep
|rule|Switch Priority Clause Mod: Faster Pokémon switch first
|rule|Species Clause: Limit one of each Pokémon
|rule|OHKO Clause: OHKO moves are banned
|rule|Evasion Items Clause: Evasion items are banned
|rule|Evasion Moves Clause: Evasion moves are banned
|rule|Endless Battle Clause: Forcing endless battles is banned
|rule|HP Percentage Mod: HP is shown in percentages
|rule|One Boost Passer Clause: Limit one Baton Passer that has a way to boost its stats
|rule|Freeze Clause Mod: Limit one foe frozen
|
|t:|1728336668
|start
|switch|p1a: Hoe Smacker|Tyranitar, F|100/100
|switch|p2a: Snorlax|Snorlax, F|100/100
|-weather|Sandstorm|[from] ability: Sand Stream|[of] p1a: Hoe Smacker
|turn|1
|inactive|DipMyBalls94 also wants the timer to be on.
|c|☆social inclusion|hf
|c|☆DipMyBalls94|Hf
|
|t:|1728336693
|switch|p2a: Swampert|Swampert, F|100/100
|move|p1a: Hoe Smacker|Rock Slide|p2a: Swampert
|-resisted|p2a: Swampert
|-damage|p2a: Swampert|87/100
|
|-weather|Sandstorm|[upkeep]
|-heal|p2a: Swampert|93/100|[from] item: Leftovers
|upkeep
|turn|2
|
|t:|1728336713
|switch|p1a: El Spiker|Skarmory, F|100/100
|switch|p2a: Forretress|Forretress, M|100/100
|
|-weather|Sandstorm|[upkeep]
|upkeep
|turn|3
|
|t:|1728336720
|move|p1a: El Spiker|Spikes|p2a: Forretress
|-sidestart|p2: social inclusion|Spikes
|move|p2a: Forretress|Spikes|p1a: El Spiker
|-sidestart|p1: DipMyBalls94|Spikes
|
|-weather|Sandstorm|[upkeep]
|upkeep
|turn|4
|
|t:|1728336723
|switch|p1a: Lil' Phantom|Gengar, M|100/100
|move|p2a: Forretress|Rapid Spin|p1a: Lil' Phantom
|-immune|p1a: Lil' Phantom
|
|-weather|Sandstorm|[upkeep]
|-damage|p1a: Lil' Phantom|94/100|[from] Sandstorm
|-heal|p1a: Lil' Phantom|100/100|[from] item: Leftovers
|upkeep
|turn|5
|
|t:|1728336732
|switch|p2a: Umbreon|Umbreon, F, shiny|100/100
|-damage|p2a: Umbreon|88/100|[from] Spikes
|move|p1a: Lil' Phantom|Hypnosis|p2a: Umbreon
|-status|p2a: Umbreon|slp|[from] move: Hypnosis
|
|-weather|Sandstorm|[upkeep]
|-damage|p1a: Lil' Phantom|94/100|[from] Sandstorm
|-damage|p2a: Umbreon|82/100 slp|[from] Sandstorm
|-heal|p1a: Lil' Phantom|100/100|[from] item: Leftovers
|-heal|p2a: Umbreon|88/100 slp|[from] item: Leftovers
|upkeep
|turn|6
|c|☆social inclusion|dont do it to me NO
|c|☆social inclusion|why did they ban ninkasj but not this shit
|
|t:|1728336758
|switch|p1a: El Spiker|Skarmory, F|100/100
|switch|p2a: Snorlax|Snorlax, F|100/100
|-damage|p2a: Snorlax|88/100|[from] Spikes
|
|-weather|Sandstorm|[upkeep]
|-damage|p2a: Snorlax|82/100|[from] Sandstorm
|-heal|p2a: Snorlax|88/100|[from] item: Leftovers
|upkeep
|turn|7
|
|t:|1728336764
|switch|p2a: Celebi|Celebi|100/100
|-damage|p2a: Celebi|88/100|[from] Spikes
|move|p1a: El Spiker|Spikes|p2a: Celebi
|-sidestart|p2: social inclusion|Spikes
|
|-weather|Sandstorm|[upkeep]
|-damage|p2a: Celebi|82/100|[from] Sandstorm
|-heal|p2a: Celebi|88/100|[from] item: Leftovers
|upkeep
|turn|8
|
|t:|1728336771
|move|p2a: Celebi|Heal Bell|p2a: Celebi
|-activate|p2a: Celebi|move: Heal Bell
|-curestatus|p2: Umbreon|slp|[silent]
|move|p1a: El Spiker|Toxic|p2a: Celebi
|-status|p2a: Celebi|tox
|
|-weather|Sandstorm|[upkeep]
|-damage|p2a: Celebi|82/100 tox|[from] Sandstorm
|-heal|p2a: Celebi|88/100 tox|[from] item: Leftovers
|-damage|p2a: Celebi|82/100 tox|[from] psn
|upkeep
|turn|9
|
|t:|1728336780
|move|p2a: Celebi|Leech Seed|p1a: El Spiker
|-start|p1a: El Spiker|move: Leech Seed
|move|p1a: El Spiker|Spikes|p2a: Celebi
|-sidestart|p2: social inclusion|Spikes
|
|-weather|Sandstorm|[upkeep]
|-damage|p2a: Celebi|76/100 tox|[from] Sandstorm
|-heal|p2a: Celebi|82/100 tox|[from] item: Leftovers
|-damage|p2a: Celebi|70/100 tox|[from] psn
|-damage|p1a: El Spiker|88/100|[from] Leech Seed|[of] p2a: Celebi
|-heal|p2a: Celebi|80/100 tox|[silent]
|upkeep
|turn|10
|
|t:|1728336788
|move|p2a: Celebi|Recover|p2a: Celebi
|-heal|p2a: Celebi|100/100 tox
|move|p1a: El Spiker|Whirlwind|p2a: Celebi
|-curestatus|p2a: Celebi|tox|[from] ability: Natural Cure
|drag|p2a: Snorlax|Snorlax, F|88/100
|-damage|p2a: Snorlax|63/100|[from] Spikes
|
|-weather|Sandstorm|[upkeep]
|-damage|p2a: Snorlax|57/100|[from] Sandstorm
|-heal|p1a: El Spiker|94/100|[from] item: Leftovers
|-damage|p1a: El Spiker|82/100|[from] Leech Seed|[of] p2a: Snorlax
|-heal|p2a: Snorlax|65/100|[silent]
|-heal|p2a: Snorlax|71/100|[from] item: Leftovers
|upkeep
|turn|11
|
|t:|1728336794
|switch|p1a: Hoe Smacker|Tyranitar, F|100/100
|-damage|p1a: Hoe Smacker|88/100|[from] Spikes
|move|p2a: Snorlax|Body Slam|p1a: Hoe Smacker
|-resisted|p1a: Hoe Smacker
|-damage|p1a: Hoe Smacker|74/100
|
|-weather|Sandstorm|[upkeep]
|-damage|p2a: Snorlax|65/100|[from] Sandstorm
|-heal|p1a: Hoe Smacker|80/100|[from] item: Leftovers
|-heal|p2a: Snorlax|71/100|[from] item: Leftovers
|upkeep
|turn|12
|
|t:|1728336804
|switch|p2a: Swampert|Swampert, F|93/100
|-damage|p2a: Swampert|68/100|[from] Spikes
|move|p1a: Hoe Smacker|Rock Slide|p2a: Swampert
|-resisted|p2a: Swampert
|-damage|p2a: Swampert|53/100
|
|-weather|Sandstorm|[upkeep]
|-heal|p1a: Hoe Smacker|86/100|[from] item: Leftovers
|-heal|p2a: Swampert|59/100|[from] item: Leftovers
|upkeep
|turn|13
|
|t:|1728336828
|switch|p1a: Doctor Trisha|Blissey, F|100/100
|-damage|p1a: Doctor Trisha|88/100|[from] Spikes
|move|p2a: Swampert|Surf|p1a: Doctor Trisha
|-damage|p1a: Doctor Trisha|76/100
|
|-weather|Sandstorm|[upkeep]
|-damage|p1a: Doctor Trisha|70/100|[from] Sandstorm
|-heal|p2a: Swampert|65/100|[from] item: Leftovers
|-heal|p1a: Doctor Trisha|76/100|[from] item: Leftovers
|upkeep
|turn|14
|c|☆social inclusion|I am so done after this sleep it is rediculous
|
|t:|1728336838
|move|p2a: Swampert|Toxic|p1a: Doctor Trisha
|-status|p1a: Doctor Trisha|tox
|move|p1a: Doctor Trisha|Toxic|p2a: Swampert
|-status|p2a: Swampert|tox
|
|-weather|Sandstorm|[upkeep]
|-damage|p1a: Doctor Trisha|70/100 tox|[from] Sandstorm
|-heal|p2a: Swampert|72/100 tox|[from] item: Leftovers
|-damage|p2a: Swampert|65/100 tox|[from] psn
|-heal|p1a: Doctor Trisha|76/100 tox|[from] item: Leftovers
|-damage|p1a: Doctor Trisha|70/100 tox|[from] psn
|upkeep
|turn|15
|
|t:|1728336845
|switch|p2a: Celebi|Celebi|100/100
|-damage|p2a: Celebi|75/100|[from] Spikes
|-curestatus|p1a: Doctor Trisha|tox|[from] ability: Natural Cure
|switch|p1a: El Spiker|Skarmory, F|82/100
|
|-weather|Sandstorm|[upkeep]
|-damage|p2a: Celebi|69/100|[from] Sandstorm
|-heal|p2a: Celebi|75/100|[from] item: Leftovers
|-heal|p1a: El Spiker|88/100|[from] item: Leftovers
|upkeep
|turn|16
|
|t:|1728336849
|move|p2a: Celebi|Heal Bell|p2a: Celebi
|-activate|p2a: Celebi|move: Heal Bell
|-curestatus|p2: Swampert|tox|[silent]
|move|p1a: El Spiker|Whirlwind|p2a: Celebi
|drag|p2a: Umbreon|Umbreon, F, shiny|88/100
|-damage|p2a: Umbreon|63/100|[from] Spikes
|
|-weather|Sandstorm|[upkeep]
|-damage|p2a: Umbreon|57/100|[from] Sandstorm
|-heal|p1a: El Spiker|94/100|[from] item: Leftovers
|-heal|p2a: Umbreon|63/100|[from] item: Leftovers
|upkeep
|turn|17
|
|t:|1728336854
|move|p2a: Umbreon|Wish|p2a: Umbreon
|move|p1a: El Spiker|Whirlwind|p2a: Umbreon
|drag|p2a: Forretress|Forretress, M|100/100
|-damage|p2a: Forretress|76/100|[from] Spikes
|
|-weather|Sandstorm|[upkeep]
|-heal|p1a: El Spiker|99/100|[from] item: Leftovers
|-heal|p2a: Forretress|82/100|[from] item: Leftovers
|upkeep
|turn|18
|
|t:|1728336859
|switch|p1a: Lil' Phantom|Gengar, M|100/100
|switch|p2a: Umbreon|Umbreon, F, shiny|63/100
|-damage|p2a: Umbreon|38/100|[from] Spikes
|
|-heal|p2a: Umbreon|88/100|[from] move: Wish|[wisher] Umbreon
|-weather|Sandstorm|[upkeep]
|-damage|p1a: Lil' Phantom|94/100|[from] Sandstorm
|-damage|p2a: Umbreon|82/100|[from] Sandstorm
|-heal|p1a: Lil' Phantom|100/100|[from] item: Leftovers
|-heal|p2a: Umbreon|88/100|[from] item: Leftovers
|upkeep
|turn|19
|
|t:|1728336865
|move|p1a: Lil' Phantom|Hypnosis|p2a: Umbreon|[miss]
|-miss|p1a: Lil' Phantom|p2a: Umbreon
|move|p2a: Umbreon|Pursuit|p1a: Lil' Phantom
|-supereffective|p1a: Lil' Phantom
|-damage|p1a: Lil' Phantom|58/100
|
|-weather|Sandstorm|[upkeep]
|-damage|p1a: Lil' Phantom|52/100|[from] Sandstorm
|-damage|p2a: Umbreon|82/100|[from] Sandstorm
|-heal|p1a: Lil' Phantom|58/100|[from] item: Leftovers
|-heal|p2a: Umbreon|88/100|[from] item: Leftovers
|upkeep
|turn|20
|c|☆social inclusion|please miss
|
|t:|1728336869
|move|p1a: Lil' Phantom|Hypnosis|p2a: Umbreon
|-status|p2a: Umbreon|slp|[from] move: Hypnosis
|cant|p2a: Umbreon|slp
|
|-weather|Sandstorm|[upkeep]
|-damage|p1a: Lil' Phantom|52/100|[from] Sandstorm
|-damage|p2a: Umbreon|82/100 slp|[from] Sandstorm
|-heal|p1a: Lil' Phantom|58/100|[from] item: Leftovers
|-heal|p2a: Umbreon|88/100 slp|[from] item: Leftovers
|upkeep
|turn|21
|
|t:|1728336872
|-activate|p1a: Lil' Phantom|move: Pursuit
|-curestatus|p2a: Umbreon|slp|[msg]
|move|p2a: Umbreon|Pursuit|p1a: Lil' Phantom|[from]Pursuit
|-supereffective|p1a: Lil' Phantom
|-damage|p1a: Lil' Phantom|0 fnt
|faint|p1a: Lil' Phantom
|-hint|Previously chosen switches continue in Gen 2-4 after a Pursuit target faints.
|switch|p1a: El Spiker|Skarmory, F|99/100
|
|-weather|Sandstorm|[upkeep]
|-damage|p2a: Umbreon|82/100|[from] Sandstorm
|-heal|p1a: El Spiker|100/100|[from] item: Leftovers
|-heal|p2a: Umbreon|88/100|[from] item: Leftovers
|upkeep
|turn|22
|
|t:|1728336882
|move|p2a: Umbreon|Wish|p2a: Umbreon
|move|p1a: El Spiker|Whirlwind|p2a: Umbreon
|drag|p2a: Celebi|Celebi|75/100
|-damage|p2a: Celebi|50/100|[from] Spikes
|
|-weather|Sandstorm|[upkeep]
|-damage|p2a: Celebi|44/100|[from] Sandstorm
|-heal|p2a: Celebi|50/100|[from] item: Leftovers
|upkeep
|turn|23
|
|t:|1728336886
|move|p2a: Celebi|Recover|p2a: Celebi
|-heal|p2a: Celebi|100/100
|move|p1a: El Spiker|Whirlwind|p2a: Celebi
|drag|p2a: Snorlax|Snorlax, F|71/100
|-damage|p2a: Snorlax|46/100|[from] Spikes
|
|-heal|p2a: Snorlax|96/100|[from] move: Wish|[wisher] Umbreon
|-weather|Sandstorm|[upkeep]
|-damage|p2a: Snorlax|90/100|[from] Sandstorm
|-heal|p2a: Snorlax|96/100|[from] item: Leftovers
|upkeep
|turn|24
|
|t:|1728336892
|move|p2a: Snorlax|Body Slam|p1a: El Spiker
|-resisted|p1a: El Spiker
|-damage|p1a: El Spiker|89/100
|move|p1a: El Spiker|Whirlwind|p2a: Snorlax
|drag|p2a: Umbreon|Umbreon, F, shiny|88/100
|-damage|p2a: Umbreon|63/100|[from] Spikes
|
|-weather|Sandstorm|[upkeep]
|-damage|p2a: Umbreon|57/100|[from] Sandstorm
|-heal|p1a: El Spiker|95/100|[from] item: Leftovers
|-heal|p2a: Umbreon|63/100|[from] item: Leftovers
|upkeep
|turn|25
|
|t:|1728336899
|move|p2a: Umbreon|Wish|p2a: Umbreon
|move|p1a: El Spiker|Whirlwind|p2a: Umbreon
|drag|p2a: Celebi|Celebi|100/100
|-damage|p2a: Celebi|75/100|[from] Spikes
|
|-weather|Sandstorm|[upkeep]
|-damage|p2a: Celebi|69/100|[from] Sandstorm
|-heal|p2a: Celebi|75/100|[from] item: Leftovers
|-heal|p1a: El Spiker|100/100|[from] item: Leftovers
|upkeep
|turn|26
|
|t:|1728336907
|move|p2a: Celebi|Leech Seed|p1a: El Spiker
|-start|p1a: El Spiker|move: Leech Seed
|move|p1a: El Spiker|Toxic|p2a: Celebi
|-status|p2a: Celebi|tox
|
|-heal|p2a: Celebi|100/100 tox|[from] move: Wish|[wisher] Umbreon
|-weather|Sandstorm|[upkeep]
|-damage|p2a: Celebi|94/100 tox|[from] Sandstorm
|-heal|p2a: Celebi|100/100 tox|[from] item: Leftovers
|-damage|p2a: Celebi|94/100 tox|[from] psn
|-damage|p1a: El Spiker|88/100|[from] Leech Seed|[of] p2a: Celebi
|-heal|p2a: Celebi|100/100 tox|[silent]
|upkeep
|turn|27
|
|t:|1728336920
|switch|p1a: Doctor Trisha|Blissey, F|70/100
|-damage|p1a: Doctor Trisha|57/100|[from] Spikes
|move|p2a: Celebi|Leech Seed|p1a: Doctor Trisha
|-start|p1a: Doctor Trisha|move: Leech Seed
|
|-weather|Sandstorm|[upkeep]
|-damage|p2a: Celebi|94/100 tox|[from] Sandstorm
|-damage|p1a: Doctor Trisha|51/100|[from] Sandstorm
|-heal|p2a: Celebi|100/100 tox|[from] item: Leftovers
|-damage|p2a: Celebi|88/100 tox|[from] psn
|-heal|p1a: Doctor Trisha|57/100|[from] item: Leftovers
|-damage|p1a: Doctor Trisha|45/100|[from] Leech Seed|[of] p2a: Celebi
|-heal|p2a: Celebi|100/100 tox|[silent]
|upkeep
|turn|28
|
|t:|1728336934
|move|p2a: Celebi|Heal Bell|p2a: Celebi
|-activate|p2a: Celebi|move: Heal Bell
|-curestatus|p2a: Celebi|tox|[silent]
|move|p1a: Doctor Trisha|Soft-Boiled|p1a: Doctor Trisha
|-heal|p1a: Doctor Trisha|95/100
|
|-weather|Sandstorm|[upkeep]
|-damage|p2a: Celebi|94/100|[from] Sandstorm
|-damage|p1a: Doctor Trisha|88/100|[from] Sandstorm
|-heal|p2a: Celebi|100/100|[from] item: Leftovers
|-heal|p1a: Doctor Trisha|95/100|[from] item: Leftovers
|-damage|p1a: Doctor Trisha|82/100|[from] Leech Seed|[of] p2a: Celebi
|upkeep
|turn|29
|
|t:|1728336939
|switch|p1a: El Spiker|Skarmory, F|88/100
|move|p2a: Celebi|Hidden Power|p1a: El Spiker
|-resisted|p1a: El Spiker
|-damage|p1a: El Spiker|82/100
|
|-weather|Sandstorm|[upkeep]
|-damage|p2a: Celebi|94/100|[from] Sandstorm
|-heal|p2a: Celebi|100/100|[from] item: Leftovers
|-heal|p1a: El Spiker|88/100|[from] item: Leftovers
|upkeep
|turn|30
|
|t:|1728336945
|move|p2a: Celebi|Leech Seed|p1a: El Spiker
|-start|p1a: El Spiker|move: Leech Seed
|move|p1a: El Spiker|Whirlwind|p2a: Celebi
|drag|p2a: Swampert|Swampert, F|65/100
|-damage|p2a: Swampert|40/100|[from] Spikes
|
|-weather|Sandstorm|[upkeep]
|-heal|p1a: El Spiker|94/100|[from] item: Leftovers
|-damage|p1a: El Spiker|82/100|[from] Leech Seed|[of] p2a: Swampert
|-heal|p2a: Swampert|50/100|[silent]
|-heal|p2a: Swampert|57/100|[from] item: Leftovers
|upkeep
|turn|31
|
|t:|1728336953
|switch|p1a: Doctor Trisha|Blissey, F|82/100
|-damage|p1a: Doctor Trisha|70/100|[from] Spikes
|move|p2a: Swampert|Surf|p1a: Doctor Trisha
|-damage|p1a: Doctor Trisha|58/100
|
|-weather|Sandstorm|[upkeep]
|-damage|p1a: Doctor Trisha|52/100|[from] Sandstorm
|-heal|p2a: Swampert|63/100|[from] item: Leftovers
|-heal|p1a: Doctor Trisha|58/100|[from] item: Leftovers
|upkeep
|turn|32
|
|t:|1728336961
|move|p2a: Swampert|Surf|p1a: Doctor Trisha
|-damage|p1a: Doctor Trisha|47/100
|move|p1a: Doctor Trisha|Soft-Boiled|p1a: Doctor Trisha
|-heal|p1a: Doctor Trisha|97/100
|
|-weather|Sandstorm|[upkeep]
|-damage|p1a: Doctor Trisha|90/100|[from] Sandstorm
|-heal|p2a: Swampert|69/100|[from] item: Leftovers
|-heal|p1a: Doctor Trisha|97/100|[from] item: Leftovers
|upkeep
|turn|33
|
|t:|1728336968
|move|p2a: Swampert|Protect|p2a: Swampert
|-singleturn|p2a: Swampert|Protect
|move|p1a: Doctor Trisha|Seismic Toss|p2a: Swampert
|-activate|p2a: Swampert|Protect
|
|-weather|Sandstorm|[upkeep]
|-damage|p1a: Doctor Trisha|90/100|[from] Sandstorm
|-heal|p2a: Swampert|75/100|[from] item: Leftovers
|-heal|p1a: Doctor Trisha|97/100|[from] item: Leftovers
|upkeep
|turn|34
|
|t:|1728336984
|switch|p2a: Umbreon|Umbreon, F, shiny|63/100
|-damage|p2a: Umbreon|39/100|[from] Spikes
|move|p1a: Doctor Trisha|Seismic Toss|p2a: Umbreon
|-damage|p2a: Umbreon|13/100
|
|-weather|Sandstorm|[upkeep]
|-damage|p2a: Umbreon|7/100|[from] Sandstorm
|-damage|p1a: Doctor Trisha|90/100|[from] Sandstorm
|-heal|p2a: Umbreon|13/100|[from] item: Leftovers
|-heal|p1a: Doctor Trisha|97/100|[from] item: Leftovers
|upkeep
|turn|35
|
|t:|1728336989
|move|p2a: Umbreon|Wish|p2a: Umbreon
|move|p1a: Doctor Trisha|Seismic Toss|p2a: Umbreon
|-damage|p2a: Umbreon|0 fnt
|faint|p2a: Umbreon
|
|t:|1728336994
|switch|p2a: Forretress|Forretress, M|82/100
|-damage|p2a: Forretress|57/100|[from] Spikes
|
|-weather|Sandstorm|[upkeep]
|-damage|p1a: Doctor Trisha|90/100|[from] Sandstorm
|-heal|p1a: Doctor Trisha|97/100|[from] item: Leftovers
|-heal|p2a: Forretress|63/100|[from] item: Leftovers
|upkeep
|turn|36
|
|t:|1728337012
|move|p1a: Doctor Trisha|Seismic Toss|p2a: Forretress
|-damage|p2a: Forretress|35/100
|move|p2a: Forretress|Rapid Spin|p1a: Doctor Trisha
|-damage|p1a: Doctor Trisha|93/100
|-sideend|p2: social inclusion|Spikes|[from] move: Rapid Spin|[of] p2a: Forretress
|
|-heal|p2a: Forretress|85/100|[from] move: Wish|[wisher] Umbreon
|-weather|Sandstorm|[upkeep]
|-damage|p1a: Doctor Trisha|87/100|[from] Sandstorm
|-heal|p1a: Doctor Trisha|93/100|[from] item: Leftovers
|-heal|p2a: Forretress|91/100|[from] item: Leftovers
|upkeep
|turn|37
|c|☆social inclusion|I was scared for my life for flamethrower
|c|☆social inclusion|but I had no choice at this point
|
|t:|1728337035
|switch|p2a: Celebi|Celebi|100/100
|move|p1a: Doctor Trisha|Seismic Toss|p2a: Celebi
|-damage|p2a: Celebi|76/100
|
|-weather|Sandstorm|[upkeep]
|-damage|p2a: Celebi|70/100|[from] Sandstorm
|-damage|p1a: Doctor Trisha|87/100|[from] Sandstorm
|-heal|p2a: Celebi|76/100|[from] item: Leftovers
|-heal|p1a: Doctor Trisha|93/100|[from] item: Leftovers
|upkeep
|turn|38
|
|t:|1728337056
|move|p2a: Celebi|Leech Seed|p1a: Doctor Trisha
|-start|p1a: Doctor Trisha|move: Leech Seed
|move|p1a: Doctor Trisha|Toxic|p2a: Celebi
|-status|p2a: Celebi|tox
|
|-weather|Sandstorm|[upkeep]
|-damage|p2a: Celebi|70/100 tox|[from] Sandstorm
|-damage|p1a: Doctor Trisha|87/100|[from] Sandstorm
|-heal|p2a: Celebi|76/100 tox|[from] item: Leftovers
|-damage|p2a: Celebi|70/100 tox|[from] psn
|-heal|p1a: Doctor Trisha|93/100|[from] item: Leftovers
|-damage|p1a: Doctor Trisha|80/100|[from] Leech Seed|[of] p2a: Celebi
|-heal|p2a: Celebi|90/100 tox|[silent]
|upkeep
|turn|39
|
|t:|1728337066
|-curestatus|p2a: Celebi|tox|[from] ability: Natural Cure
|switch|p2a: Forretress|Forretress, M|91/100
|switch|p1a: DipMyBalls|Starmie|100/100
|-damage|p1a: DipMyBalls|88/100|[from] Spikes
|
|-weather|Sandstorm|[upkeep]
|-damage|p1a: DipMyBalls|82/100|[from] Sandstorm
|-heal|p1a: DipMyBalls|88/100|[from] item: Leftovers
|-heal|p2a: Forretress|97/100|[from] item: Leftovers
|upkeep
|turn|40
|inactive|social inclusion has 270 seconds left.
|inactive|DipMyBalls94 has 270 seconds left.
|
|t:|1728337092
|switch|p1a: REAL BALLER|Swampert, F|100/100
|-damage|p1a: REAL BALLER|88/100|[from] Spikes
|switch|p2a: Snorlax|Snorlax, F|96/100
|
|-weather|Sandstorm|[upkeep]
|-damage|p2a: Snorlax|90/100|[from] Sandstorm
|-heal|p1a: REAL BALLER|94/100|[from] item: Leftovers
|-heal|p2a: Snorlax|96/100|[from] item: Leftovers
|upkeep
|turn|41
|
|t:|1728337097
|switch|p1a: El Spiker|Skarmory, F|82/100
|switch|p2a: Celebi|Celebi|90/100
|
|-weather|Sandstorm|[upkeep]
|-damage|p2a: Celebi|84/100|[from] Sandstorm
|-heal|p2a: Celebi|90/100|[from] item: Leftovers
|-heal|p1a: El Spiker|88/100|[from] item: Leftovers
|upkeep
|turn|42
|
|t:|1728337102
|switch|p2a: Forretress|Forretress, M|97/100
|move|p1a: El Spiker|Spikes|p2a: Forretress
|-sidestart|p2: social inclusion|Spikes
|
|-weather|Sandstorm|[upkeep]
|-heal|p1a: El Spiker|94/100|[from] item: Leftovers
|-heal|p2a: Forretress|100/100|[from] item: Leftovers
|upkeep
|turn|43
|
|t:|1728337106
|switch|p1a: REAL BALLER|Swampert, F|94/100
|-damage|p1a: REAL BALLER|82/100|[from] Spikes
|move|p2a: Forretress|Rapid Spin|p1a: REAL BALLER
|-crit|p1a: REAL BALLER
|-damage|p1a: REAL BALLER|75/100
|-sideend|p2: social inclusion|Spikes|[from] move: Rapid Spin|[of] p2a: Forretress
|
|-weather|Sandstorm|[upkeep]
|-heal|p1a: REAL BALLER|82/100|[from] item: Leftovers
|upkeep
|turn|44
|
|t:|1728337124
|switch|p2a: Celebi|Celebi|90/100
|move|p1a: REAL BALLER|Hydro Pump|p2a: Celebi|[miss]
|-miss|p1a: REAL BALLER|p2a: Celebi
|
|-weather|Sandstorm|[upkeep]
|-damage|p2a: Celebi|84/100|[from] Sandstorm
|-heal|p2a: Celebi|90/100|[from] item: Leftovers
|-heal|p1a: REAL BALLER|88/100|[from] item: Leftovers
|upkeep
|turn|45
|
|t:|1728337130
|move|p2a: Celebi|Hidden Power|p1a: REAL BALLER
|-supereffective|p1a: REAL BALLER
|-damage|p1a: REAL BALLER|0 fnt
|faint|p1a: REAL BALLER
|
|t:|1728337134
|switch|p1a: Hoe Smacker|Tyranitar, F|86/100
|-damage|p1a: Hoe Smacker|74/100|[from] Spikes
|
|-weather|Sandstorm|[upkeep]
|-damage|p2a: Celebi|84/100|[from] Sandstorm
|-heal|p2a: Celebi|90/100|[from] item: Leftovers
|-heal|p1a: Hoe Smacker|80/100|[from] item: Leftovers
|upkeep
|turn|46
|
|t:|1728337155
|move|p2a: Celebi|Hidden Power|p1a: Hoe Smacker
|-supereffective|p1a: Hoe Smacker
|-damage|p1a: Hoe Smacker|34/100
|move|p1a: Hoe Smacker|Hidden Power|p2a: Celebi
|-supereffective|p2a: Celebi
|-damage|p2a: Celebi|16/100
|
|-weather|Sandstorm|[upkeep]
|-damage|p2a: Celebi|10/100|[from] Sandstorm
|-heal|p2a: Celebi|16/100|[from] item: Leftovers
|-heal|p1a: Hoe Smacker|40/100|[from] item: Leftovers
|upkeep
|turn|47
|
|t:|1728337171
|switch|p1a: DipMyBalls|Starmie|88/100
|-damage|p1a: DipMyBalls|76/100|[from] Spikes
|move|p2a: Celebi|Hidden Power|p1a: DipMyBalls
|-supereffective|p1a: DipMyBalls
|-damage|p1a: DipMyBalls|8/100
|
|-weather|Sandstorm|[upkeep]
|-damage|p1a: DipMyBalls|2/100|[from] Sandstorm
|-damage|p2a: Celebi|10/100|[from] Sandstorm
|-heal|p1a: DipMyBalls|8/100|[from] item: Leftovers
|-heal|p2a: Celebi|16/100|[from] item: Leftovers
|upkeep
|turn|48
|
|t:|1728337182
|switch|p2a: Snorlax|Snorlax, F|96/100
|move|p1a: DipMyBalls|Surf|p2a: Snorlax
|-damage|p2a: Snorlax|76/100
|
|-weather|Sandstorm|[upkeep]
|-damage|p1a: DipMyBalls|2/100|[from] Sandstorm
|-damage|p2a: Snorlax|70/100|[from] Sandstorm
|-heal|p1a: DipMyBalls|8/100|[from] item: Leftovers
|-heal|p2a: Snorlax|76/100|[from] item: Leftovers
|upkeep
|turn|49
|
|t:|1728337185
|move|p1a: DipMyBalls|Recover|p1a: DipMyBalls
|-heal|p1a: DipMyBalls|58/100
|move|p2a: Snorlax|Body Slam|p1a: DipMyBalls
|-damage|p1a: DipMyBalls|11/100
|-status|p1a: DipMyBalls|par
|
|-weather|Sandstorm|[upkeep]
|-damage|p2a: Snorlax|70/100|[from] Sandstorm
|-damage|p1a: DipMyBalls|5/100 par|[from] Sandstorm
|-heal|p2a: Snorlax|76/100|[from] item: Leftovers
|-heal|p1a: DipMyBalls|11/100 par|[from] item: Leftovers
|upkeep
|turn|50
|
|t:|1728337189
|-curestatus|p1a: DipMyBalls|par|[from] ability: Natural Cure
|switch|p1a: El Spiker|Skarmory, F|94/100
|move|p2a: Snorlax|Body Slam|p1a: El Spiker
|-resisted|p1a: El Spiker
|-damage|p1a: El Spiker|82/100
|
|-weather|Sandstorm|[upkeep]
|-damage|p2a: Snorlax|70/100|[from] Sandstorm
|-heal|p1a: El Spiker|88/100|[from] item: Leftovers
|-heal|p2a: Snorlax|76/100|[from] item: Leftovers
|upkeep
|turn|51
|
|t:|1728337198
|switch|p2a: Forretress|Forretress, M|100/100
|move|p1a: El Spiker|Spikes|p2a: Forretress
|-sidestart|p2: social inclusion|Spikes
|
|-weather|Sandstorm|[upkeep]
|-heal|p1a: El Spiker|94/100|[from] item: Leftovers
|upkeep
|turn|52
|
|t:|1728337218
|switch|p1a: Doctor Trisha|Blissey, F|80/100
|-damage|p1a: Doctor Trisha|68/100|[from] Spikes
|move|p2a: Forretress|Rapid Spin|p1a: Doctor Trisha
|-damage|p1a: Doctor Trisha|64/100
|-sideend|p2: social inclusion|Spikes|[from] move: Rapid Spin|[of] p2a: Forretress
|
|-weather|Sandstorm|[upkeep]
|-damage|p1a: Doctor Trisha|58/100|[from] Sandstorm
|-heal|p1a: Doctor Trisha|64/100|[from] item: Leftovers
|upkeep
|turn|53
|
|t:|1728337224
|switch|p2a: Snorlax|Snorlax, F|76/100
|move|p1a: Doctor Trisha|Seismic Toss|p2a: Snorlax
|-damage|p2a: Snorlax|56/100
|
|-weather|Sandstorm|[upkeep]
|-damage|p1a: Doctor Trisha|58/100|[from] Sandstorm
|-damage|p2a: Snorlax|50/100|[from] Sandstorm
|-heal|p1a: Doctor Trisha|64/100|[from] item: Leftovers
|-heal|p2a: Snorlax|56/100|[from] item: Leftovers
|upkeep
|turn|54
|
|t:|1728337230
|switch|p1a: El Spiker|Skarmory, F|94/100
|move|p2a: Snorlax|Body Slam|p1a: El Spiker
|-resisted|p1a: El Spiker
|-damage|p1a: El Spiker|83/100
|-status|p1a: El Spiker|par
|
|-weather|Sandstorm|[upkeep]
|-damage|p2a: Snorlax|50/100|[from] Sandstorm
|-heal|p2a: Snorlax|56/100|[from] item: Leftovers
|-heal|p1a: El Spiker|89/100 par|[from] item: Leftovers
|upkeep
|turn|55
|
|t:|1728337237
|switch|p2a: Forretress|Forretress, M|100/100
|move|p1a: El Spiker|Spikes|p2a: Forretress
|-sidestart|p2: social inclusion|Spikes
|
|-weather|Sandstorm|[upkeep]
|-heal|p1a: El Spiker|95/100 par|[from] item: Leftovers
|upkeep
|turn|56
|
|t:|1728337240
|switch|p1a: Doctor Trisha|Blissey, F|64/100
|-damage|p1a: Doctor Trisha|51/100|[from] Spikes
|move|p2a: Forretress|Rapid Spin|p1a: Doctor Trisha
|-damage|p1a: Doctor Trisha|47/100
|-sideend|p2: social inclusion|Spikes|[from] move: Rapid Spin|[of] p2a: Forretress
|
|-weather|Sandstorm|[upkeep]
|-damage|p1a: Doctor Trisha|41/100|[from] Sandstorm
|-heal|p1a: Doctor Trisha|47/100|[from] item: Leftovers
|upkeep
|turn|57
|
|t:|1728337246
|move|p1a: Doctor Trisha|Seismic Toss|p2a: Forretress
|-damage|p2a: Forretress|72/100
|move|p2a: Forretress|Spikes|p1a: Doctor Trisha
|-sidestart|p1: DipMyBalls94|Spikes
|
|-weather|Sandstorm|[upkeep]
|-damage|p1a: Doctor Trisha|41/100|[from] Sandstorm
|-heal|p1a: Doctor Trisha|47/100|[from] item: Leftovers
|-heal|p2a: Forretress|78/100|[from] item: Leftovers
|upkeep
|turn|58
|
|t:|1728337251
|move|p1a: Doctor Trisha|Seismic Toss|p2a: Forretress
|-damage|p2a: Forretress|50/100
|move|p2a: Forretress|Spikes|p1a: Doctor Trisha
|-sidestart|p1: DipMyBalls94|Spikes
|
|-weather|Sandstorm|[upkeep]
|-damage|p1a: Doctor Trisha|41/100|[from] Sandstorm
|-heal|p1a: Doctor Trisha|47/100|[from] item: Leftovers
|-heal|p2a: Forretress|56/100|[from] item: Leftovers
|upkeep
|turn|59
|
|t:|1728337257
|switch|p2a: Moltres|Moltres|100/100
|move|p1a: Doctor Trisha|Soft-Boiled|p1a: Doctor Trisha
|-heal|p1a: Doctor Trisha|97/100
|
|-weather|Sandstorm|[upkeep]
|-damage|p2a: Moltres|94/100|[from] Sandstorm
|-damage|p1a: Doctor Trisha|91/100|[from] Sandstorm
|-heal|p2a: Moltres|100/100|[from] item: Leftovers
|-heal|p1a: Doctor Trisha|97/100|[from] item: Leftovers
|upkeep
|turn|60
|
|t:|1728337271
|move|p2a: Moltres|Sunny Day|p2a: Moltres
|-weather|SunnyDay
|move|p1a: Doctor Trisha|Toxic|p2a: Moltres
|-status|p2a: Moltres|tox
|
|-weather|SunnyDay|[upkeep]
|-damage|p2a: Moltres|94/100 tox|[from] psn
|-heal|p1a: Doctor Trisha|100/100|[from] item: Leftovers
|upkeep
|turn|61
|inactive|DipMyBalls94 has 270 seconds left.
|
|t:|1728337319
|switch|p2a: Snorlax|Snorlax, F|56/100
|move|p1a: Doctor Trisha|Soft-Boiled||[still]
|-fail|p1a: Doctor Trisha|heal
|
|-weather|SunnyDay|[upkeep]
|-heal|p2a: Snorlax|63/100|[from] item: Leftovers
|upkeep
|turn|62
|
|t:|1728337323
|move|p1a: Doctor Trisha|Seismic Toss|p2a: Snorlax
|-damage|p2a: Snorlax|43/100
|move|p2a: Snorlax|Body Slam|p1a: Doctor Trisha
|-damage|p1a: Doctor Trisha|69/100
|
|-weather|SunnyDay|[upkeep]
|-heal|p1a: Doctor Trisha|75/100|[from] item: Leftovers
|-heal|p2a: Snorlax|49/100|[from] item: Leftovers
|upkeep
|turn|63
|inactive|DipMyBalls94 has 270 seconds left.
|
|t:|1728337330
|move|p1a: Doctor Trisha|Seismic Toss|p2a: Snorlax
|-damage|p2a: Snorlax|29/100
|move|p2a: Snorlax|Body Slam|p1a: Doctor Trisha
|-damage|p1a: Doctor Trisha|46/100
|-status|p1a: Doctor Trisha|par
|
|-weather|SunnyDay|[upkeep]
|-heal|p2a: Snorlax|35/100|[from] item: Leftovers
|-heal|p1a: Doctor Trisha|52/100 par|[from] item: Leftovers
|upkeep
|turn|64
|
|t:|1728337338
|-curestatus|p1a: Doctor Trisha|par|[from] ability: Natural Cure
|switch|p1a: El Spiker|Skarmory, F|95/100 par
|move|p2a: Snorlax|Body Slam|p1a: El Spiker
|-resisted|p1a: El Spiker
|-damage|p1a: El Spiker|85/100 par
|
|-weather|none
|-heal|p2a: Snorlax|41/100|[from] item: Leftovers
|-heal|p1a: El Spiker|91/100 par|[from] item: Leftovers
|upkeep
|turn|65
|
|t:|1728337345
|switch|p2a: Forretress|Forretress, M|56/100
|move|p1a: El Spiker|Spikes|p2a: Forretress
|-sidestart|p2: social inclusion|Spikes
|
|-heal|p2a: Forretress|63/100|[from] item: Leftovers
|-heal|p1a: El Spiker|97/100 par|[from] item: Leftovers
|upkeep
|turn|66
|
|t:|1728337358
|switch|p1a: Doctor Trisha|Blissey, F|52/100
|-damage|p1a: Doctor Trisha|27/100|[from] Spikes
|move|p2a: Forretress|Rapid Spin|p1a: Doctor Trisha
|-damage|p1a: Doctor Trisha|23/100
|-sideend|p2: social inclusion|Spikes|[from] move: Rapid Spin|[of] p2a: Forretress
|
|-heal|p1a: Doctor Trisha|29/100|[from] item: Leftovers
|-heal|p2a: Forretress|69/100|[from] item: Leftovers
|upkeep
|turn|67
|
|t:|1728337368
|switch|p2a: Snorlax|Snorlax, F|41/100
|move|p1a: Doctor Trisha|Soft-Boiled|p1a: Doctor Trisha
|-heal|p1a: Doctor Trisha|79/100
|
|-heal|p1a: Doctor Trisha|85/100|[from] item: Leftovers
|-heal|p2a: Snorlax|47/100|[from] item: Leftovers
|upkeep
|turn|68
|
|t:|1728337373
|move|p1a: Doctor Trisha|Seismic Toss|p2a: Snorlax
|-damage|p2a: Snorlax|27/100
|move|p2a: Snorlax|Body Slam|p1a: Doctor Trisha
|-damage|p1a: Doctor Trisha|51/100
|-status|p1a: Doctor Trisha|par
|
|-heal|p2a: Snorlax|34/100|[from] item: Leftovers
|-heal|p1a: Doctor Trisha|57/100 par|[from] item: Leftovers
|upkeep
|turn|69
|
|t:|1728337381
|-curestatus|p1a: Doctor Trisha|par|[from] ability: Natural Cure
|switch|p1a: El Spiker|Skarmory, F|97/100 par
|move|p2a: Snorlax|Body Slam|p1a: El Spiker
|-resisted|p1a: El Spiker
|-damage|p1a: El Spiker|85/100 par
|
|-heal|p2a: Snorlax|40/100|[from] item: Leftovers
|-heal|p1a: El Spiker|91/100 par|[from] item: Leftovers
|upkeep
|turn|70
|
|t:|1728337392
|switch|p2a: Forretress|Forretress, M|69/100
|switch|p1a: DipMyBalls|Starmie|11/100
|-damage|p1a: DipMyBalls|0 fnt|[from] Spikes
|faint|p1a: DipMyBalls
|
|t:|1728337394
|switch|p1a: Doctor Trisha|Blissey, F|57/100
|-damage|p1a: Doctor Trisha|32/100|[from] Spikes
|
|-heal|p1a: Doctor Trisha|38/100|[from] item: Leftovers
|-heal|p2a: Forretress|75/100|[from] item: Leftovers
|upkeep
|turn|71
|
|t:|1728337398
|switch|p2a: Snorlax|Snorlax, F|40/100
|move|p1a: Doctor Trisha|Soft-Boiled|p1a: Doctor Trisha
|-heal|p1a: Doctor Trisha|88/100
|
|-heal|p1a: Doctor Trisha|95/100|[from] item: Leftovers
|-heal|p2a: Snorlax|46/100|[from] item: Leftovers
|upkeep
|turn|72
|
|t:|1728337402
|move|p1a: Doctor Trisha|Seismic Toss|p2a: Snorlax
|-damage|p2a: Snorlax|26/100
|move|p2a: Snorlax|Body Slam|p1a: Doctor Trisha
|-damage|p1a: Doctor Trisha|63/100
|-status|p1a: Doctor Trisha|par
|
|-heal|p2a: Snorlax|32/100|[from] item: Leftovers
|-heal|p1a: Doctor Trisha|69/100 par|[from] item: Leftovers
|upkeep
|turn|73
|
|t:|1728337407
|move|p2a: Snorlax|Rest|p2a: Snorlax
|-status|p2a: Snorlax|slp|[from] move: Rest
|-heal|p2a: Snorlax|100/100 slp|[silent]
|move|p1a: Doctor Trisha|Seismic Toss|p2a: Snorlax
|-damage|p2a: Snorlax|81/100 slp
|
|-heal|p2a: Snorlax|87/100 slp|[from] item: Leftovers
|-heal|p1a: Doctor Trisha|75/100 par|[from] item: Leftovers
|upkeep
|turn|74
|
|t:|1728337410
|-curestatus|p1a: Doctor Trisha|par|[from] ability: Natural Cure
|switch|p1a: Hoe Smacker|Tyranitar, F|40/100
|-damage|p1a: Hoe Smacker|15/100|[from] Spikes
|-weather|Sandstorm|[from] ability: Sand Stream|[of] p1a: Hoe Smacker
|cant|p2a: Snorlax|slp
|
|-weather|Sandstorm|[upkeep]
|-damage|p2a: Snorlax|81/100 slp|[from] Sandstorm
|-heal|p1a: Hoe Smacker|21/100|[from] item: Leftovers
|-heal|p2a: Snorlax|87/100 slp|[from] item: Leftovers
|upkeep
|turn|75
|
|t:|1728337417
|switch|p2a: Swampert|Swampert, F|75/100
|move|p1a: Hoe Smacker|Rock Slide|p2a: Swampert
|-resisted|p2a: Swampert
|-damage|p2a: Swampert|60/100
|
|-weather|Sandstorm|[upkeep]
|-heal|p1a: Hoe Smacker|27/100|[from] item: Leftovers
|-heal|p2a: Swampert|66/100|[from] item: Leftovers
|upkeep
|turn|76
|
|t:|1728337426
|switch|p1a: El Spiker|Skarmory, F|91/100 par
|move|p2a: Swampert|Surf|p1a: El Spiker
|-damage|p1a: El Spiker|62/100 par
|
|-weather|Sandstorm|[upkeep]
|-heal|p2a: Swampert|73/100|[from] item: Leftovers
|-heal|p1a: El Spiker|68/100 par|[from] item: Leftovers
|upkeep
|turn|77
|
|t:|1728337429
|switch|p2a: Forretress|Forretress, M|75/100
|move|p1a: El Spiker|Toxic|p2a: Forretress
|-immune|p2a: Forretress
|
|-weather|Sandstorm|[upkeep]
|-heal|p2a: Forretress|81/100|[from] item: Leftovers
|-heal|p1a: El Spiker|74/100 par|[from] item: Leftovers
|upkeep
|turn|78
|
|t:|1728337446
|move|p2a: Forretress|Rapid Spin|p1a: El Spiker
|-resisted|p1a: El Spiker
|-damage|p1a: El Spiker|73/100 par
|move|p1a: El Spiker|Spikes|p2a: Forretress
|-sidestart|p2: social inclusion|Spikes
|
|-weather|Sandstorm|[upkeep]
|-heal|p2a: Forretress|88/100|[from] item: Leftovers
|-heal|p1a: El Spiker|79/100 par|[from] item: Leftovers
|upkeep
|turn|79
|
|t:|1728337452
|move|p2a: Forretress|Rapid Spin|p1a: El Spiker
|-resisted|p1a: El Spiker
|-damage|p1a: El Spiker|77/100 par
|-sideend|p2: social inclusion|Spikes|[from] move: Rapid Spin|[of] p2a: Forretress
|move|p1a: El Spiker|Whirlwind|p2a: Forretress
|drag|p2a: Swampert|Swampert, F|73/100
|
|-weather|Sandstorm|[upkeep]
|-heal|p2a: Swampert|79/100|[from] item: Leftovers
|-heal|p1a: El Spiker|83/100 par|[from] item: Leftovers
|upkeep
|turn|80
|
|t:|1728337456
|switch|p2a: Forretress|Forretress, M|88/100
|move|p1a: El Spiker|Spikes|p2a: Forretress
|-sidestart|p2: social inclusion|Spikes
|
|-weather|Sandstorm|[upkeep]
|-heal|p2a: Forretress|94/100|[from] item: Leftovers
|-heal|p1a: El Spiker|89/100 par|[from] item: Leftovers
|upkeep
|turn|81
|
|t:|1728337463
|move|p2a: Forretress|Rapid Spin|p1a: El Spiker
|-resisted|p1a: El Spiker
|-damage|p1a: El Spiker|88/100 par
|-sideend|p2: social inclusion|Spikes|[from] move: Rapid Spin|[of] p2a: Forretress
|move|p1a: El Spiker|Whirlwind|p2a: Forretress
|drag|p2a: Celebi|Celebi|16/100
|
|-weather|Sandstorm|[upkeep]
|-damage|p2a: Celebi|10/100|[from] Sandstorm
|-heal|p2a: Celebi|16/100|[from] item: Leftovers
|-heal|p1a: El Spiker|94/100 par|[from] item: Leftovers
|upkeep
|turn|82
|c|☆DipMyBalls94|Gg
|c|☆DipMyBalls94|Ggs*
|c|☆social inclusion|ggs!
|c|☆DipMyBalls94|/log DipMyBalls94 made the replay of this battle unlisted.
|inactive|DipMyBalls94 has 270 seconds left.
|-message|DipMyBalls94 forfeited.
|
|win|social inclusion

</script>
<script type="application/json" class="data" id="replaydata-smogtours-gen3ou-796253">
{"id":"smogtours-gen3ou-796253","format":"[Gen 3] OU","players":["DipMyBalls94","social inclusion"],"uploadtime":1728337495,"views":142,"formatid":"gen3ou","rating":null,"private":1,"password":null}
</script>

<script defer src="js/replays.js?9d40a366"></script>
