<!DOCTYPE html>
<meta charset="utf-8" />
<meta name="viewport" content="width=device-width" />

<title>[Gen 3] OU: steffmula vs. UrMotherIsUrFather - Replays - Pok&eacute;mon Showdown!</title>

<meta name="description" content="Watch a replay of a Pok&eacute;mon battle between steffmula and UrMotherIsUrFather! Format: [Gen 3] OU; Date: Oct 13, 2024" />
<!--

Hey, you! Looking in the source for the replay log?

You can find them in JSON format, just add `.json` at the end of a replay URL.

https://replay.pokemonshowdown.com/gen7randomdoublesbattle-865046831.json

Or, if you only need the log itself, add `.log` instead:

https://replay.pokemonshowdown.com/gen7randomdoublesbattle-865046831.log

-->

<link rel="stylesheet" href="//pokemonshowdown.com/style/global.css?0.023195364461161105" />
<link rel="stylesheet" href="//play.pokemonshowdown.com/style/font-awesome.css?0.13261647063804238" />
<link rel="stylesheet" href="//play.pokemonshowdown.com/style/battle.css?0.8753245789963631" />
<link rel="stylesheet" href="//play.pokemonshowdown.com/style/utilichart.css?0.8627959624976733" />

<!-- Global site tag (gtag.js) - Google Analytics -->
<script async src="https://www.googletagmanager.com/gtag/js?id=UA-26211653-1"></script>
<script>
  window.dataLayer = window.dataLayer || [];
  function gtag(){dataLayer.push(arguments);}
  gtag('js', new Date());

  gtag('config', 'UA-26211653-1');
</script>
<!-- End Google Analytics -->
<!-- Venatus Ad Manager - Install in <HEAD> of page -->
	<script src="https://hb.vntsm.com/v3/live/ad-manager.min.js" type="text/javascript" data-site-id="642aba63ec9a7b11c3c9c1be" data-mode="scan" async></script>
<!-- / Venatus Ad Manager -->

<style>
	@media (max-width:820px) {
		.battle {
			margin: 0 auto;
		}
		.battle-log {
			margin: 7px auto 0;
			max-width: 640px;
			height: 300px;
			position: static;
		}
	}
	.optgroup {
		display: inline-block;
		line-height: 22px;
		font-size: 10pt;
	}
	.optgroup .button {
		height: 25px;
		padding-top: 0;
		padding-bottom: 0;
	}
	.optgroup button.button {
		padding-left: 12px;
		padding-right: 12px;
	}
	.linklist {
		list-style: none;
		margin: 0.5em 0;
		padding: 0;
	}
	.linklist li {
		padding: 2px 0;
	}
	.sidebar {
		float: left;
		width: 320px;
	}
	.bar-wrapper {
		max-width: 1100px;
		margin: 0 auto;
	}
	.bar-wrapper.has-sidebar {
		max-width: 1430px;
	}
	.mainbar {
		margin: 0;
		padding-right: 1px;
	}
	.mainbar.has-sidebar {
		margin-left: 330px;
	}
	@media (min-width: 1511px) {
		.sidebar {
			width: 400px;
		}
		.bar-wrapper.has-sidebar {
			max-width: 1510px;
		}
		.mainbar.has-sidebar {
			margin-left: 410px;
		}
	}
	.section.first-section {
		margin-top: 9px;
	}
	.blocklink small {
		white-space: normal;
	}
	.button {
		vertical-align: middle;
	}
	.replay-controls {
		padding-top: 10px;
	}
	.replay-controls h1 {
		font-size: 16pt;
		font-weight: normal;
		color: #CCC;
	}
	.pagelink {
		text-align: center;
	}
	.pagelink a {
		width: 150px;
	}
	.textbox, .button {
		font-size: 11pt;
		vertical-align: middle;
	}
	@media (max-width: 450px) {
		.button {
			font-size: 9pt;
		}
	}
</style>

<div>

	<header>
		<div class="nav-wrapper"><ul class="nav">
			<li><a class="button nav-first" href="//pokemonshowdown.com/"><img src="//pokemonshowdown.com/images/pokemonshowdownbeta.png" srcset="//pokemonshowdown.com/images/pokemonshowdownbeta.png 1x, //pokemonshowdown.com/images/pokemonshowdownbeta@2x.png 2x" alt="Pok&eacute;mon Showdown" width="146" height="44" /> Home</a></li>
			<li><a class="button" href="//pokemonshowdown.com/dex/">Pok&eacute;dex</a></li>
			<li><a class="button cur" href="/">Replays</a></li>
			<li><a class="button" href="//pokemonshowdown.com/ladder/">Ladder</a></li>
			<li><a class="button nav-last" href="//pokemonshowdown.com/forums/">Forum</a></li>
			<li><a class="button greenbutton nav-first nav-last" href="//play.pokemonshowdown.com/">Play</a></li>
		</ul></div>
	</header>

	<div class="main" id="main">

		<noscript><section class="section">You need to enable JavaScript to use this page; sorry!</section></noscript>

	</div>

</div>

<script defer nomodule src="//play.pokemonshowdown.com/js/lib/ps-polyfill.js"></script>
<script defer src="//play.pokemonshowdown.com/js/lib/preact.min.js"></script>

<script defer src="//play.pokemonshowdown.com/config/config.js?2bddbc15"></script>
<script defer src="//play.pokemonshowdown.com/js/lib/jquery-1.11.0.min.js"></script>
<script defer src="//play.pokemonshowdown.com/js/lib/html-sanitizer-minified.js"></script>
<script defer src="//play.pokemonshowdown.com/js/battle-sound.js"></script>
<script defer src="//play.pokemonshowdown.com/js/battledata.js?0.7209276989879541"></script>
<script defer src="//play.pokemonshowdown.com/data/pokedex-mini.js?0.6111056340867951"></script>
<script defer src="//play.pokemonshowdown.com/data/pokedex-mini-bw.js?0.3532142036491459"></script>
<script defer src="//play.pokemonshowdown.com/data/graphics.js?0.24223875632456182"></script>
<script defer src="//play.pokemonshowdown.com/data/pokedex.js?0.38839984266356864"></script>
<script defer src="//play.pokemonshowdown.com/data/moves.js?0.21866028504024015"></script>
<script defer src="//play.pokemonshowdown.com/data/abilities.js?0.2005157953846628"></script>
<script defer src="//play.pokemonshowdown.com/data/items.js?0.9894211263848525"></script>
<script defer src="//play.pokemonshowdown.com/data/teambuilder-tables.js?0.6008791140282215"></script>
<script defer src="//play.pokemonshowdown.com/js/battle-tooltips.js?0.7580118955022959"></script>
<script defer src="//play.pokemonshowdown.com/js/battle.js?0.6057722274234274"></script>

<script defer src="js/utils.js?e31f9a17"></script>
<script defer src="js/replays-battle.js?7008c182"></script>

<!-- don't scrape this data! just add .json or .log after the URL!
Full API docs: https://github.com/smogon/pokemon-showdown-client/blob/master/WEB-API.md -->
<script type="text/plain" class="log" id="replaylog-smogtours-gen3ou-797985">
|inactive|Battle timer is ON: inactive players will automatically lose when time's up.
|t:|1728819453
|gametype|singles
|player|p1|steffmula|acetrainerf-gen2|
|player|p2|UrMotherIsUrFather|266|
|teamsize|p1|6
|teamsize|p2|6
|gen|3
|tier|[Gen 3] OU
|rule|Sleep Clause Mod: Limit one foe put to sleep
|rule|Switch Priority Clause Mod: Faster Pokémon switch first
|rule|Species Clause: Limit one of each Pokémon
|rule|OHKO Clause: OHKO moves are banned
|rule|Evasion Items Clause: Evasion items are banned
|rule|Evasion Moves Clause: Evasion moves are banned
|rule|Endless Battle Clause: Forcing endless battles is banned
|rule|HP Percentage Mod: HP is shown in percentages
|rule|One Boost Passer Clause: Limit one Baton Passer that has a way to boost its stats
|rule|Freeze Clause Mod: Limit one foe frozen
|
|t:|1728819453
|start
|switch|p1a: Skarmory|Skarmory, M|100/100
|switch|p2a: Skarmory|Skarmory, F|100/100
|turn|1
|
|t:|1728819461
|move|p1a: Skarmory|Spikes|p2a: Skarmory
|-sidestart|p2: UrMotherIsUrFather|Spikes
|move|p2a: Skarmory|Spikes|p1a: Skarmory
|-sidestart|p1: steffmula|Spikes
|
|upkeep
|turn|2
|
|t:|1728819465
|move|p1a: Skarmory|Spikes|p2a: Skarmory
|-sidestart|p2: UrMotherIsUrFather|Spikes
|move|p2a: Skarmory|Spikes|p1a: Skarmory
|-sidestart|p1: steffmula|Spikes
|
|upkeep
|turn|3
|
|t:|1728819468
|move|p1a: Skarmory|Spikes|p2a: Skarmory
|-sidestart|p2: UrMotherIsUrFather|Spikes
|move|p2a: Skarmory|Spikes|p1a: Skarmory
|-sidestart|p1: steffmula|Spikes
|
|upkeep
|turn|4
|
|t:|1728819472
|switch|p1a: Charizard|Charizard, M|100/100
|move|p2a: Skarmory|Roar|p1a: Charizard
|drag|p1a: Flygon|Flygon, F|100/100
|
|upkeep
|turn|5
|
|t:|1728819481
|switch|p1a: Skarmory|Skarmory, M|100/100
|move|p2a: Skarmory|Toxic|p1a: Skarmory
|-immune|p1a: Skarmory
|
|upkeep
|turn|6
|
|t:|1728819485
|move|p1a: Skarmory|Roar|p2a: Skarmory
|drag|p2a: Blissey|Blissey, F, shiny|100/100
|-damage|p2a: Blissey|76/100|[from] Spikes
|
|-heal|p2a: Blissey|82/100|[from] item: Leftovers
|upkeep
|turn|7
|
|t:|1728819491
|move|p2a: Blissey|Fire Blast|p1a: Skarmory
|-supereffective|p1a: Skarmory
|-damage|p1a: Skarmory|52/100
|move|p1a: Skarmory|Toxic|p2a: Blissey|[miss]
|-miss|p1a: Skarmory|p2a: Blissey
|
|-heal|p2a: Blissey|88/100|[from] item: Leftovers
|-heal|p1a: Skarmory|58/100|[from] item: Leftovers
|upkeep
|turn|8
|
|t:|1728819498
|move|p1a: Skarmory|Protect|p1a: Skarmory
|-singleturn|p1a: Skarmory|Protect
|move|p2a: Blissey|Soft-Boiled|p2a: Blissey
|-heal|p2a: Blissey|100/100
|
|-heal|p1a: Skarmory|64/100|[from] item: Leftovers
|upkeep
|turn|9
|
|t:|1728819524
|switch|p1a: Tyranitar|Tyranitar, F|100/100
|-damage|p1a: Tyranitar|75/100|[from] Spikes
|-weather|Sandstorm|[from] ability: Sand Stream|[of] p1a: Tyranitar
|move|p2a: Blissey|Toxic|p1a: Tyranitar
|-status|p1a: Tyranitar|tox
|
|-weather|Sandstorm|[upkeep]
|-damage|p2a: Blissey|94/100|[from] Sandstorm
|-heal|p2a: Blissey|100/100|[from] item: Leftovers
|-heal|p1a: Tyranitar|82/100 tox|[from] item: Leftovers
|-damage|p1a: Tyranitar|75/100 tox|[from] psn
|upkeep
|turn|10
|
|t:|1728819538
|switch|p2a: Skarmory|Skarmory, F|100/100
|move|p1a: Tyranitar|Roar|p2a: Skarmory
|drag|p2a: Starmie|Starmie|100/100
|-damage|p2a: Starmie|76/100|[from] Spikes
|
|-weather|Sandstorm|[upkeep]
|-damage|p2a: Starmie|70/100|[from] Sandstorm
|-heal|p2a: Starmie|76/100|[from] item: Leftovers
|-heal|p1a: Tyranitar|82/100 tox|[from] item: Leftovers
|-damage|p1a: Tyranitar|69/100 tox|[from] psn
|upkeep
|turn|11
|
|t:|1728819544
|move|p2a: Starmie|Hydro Pump|p1a: Tyranitar
|-supereffective|p1a: Tyranitar
|-damage|p1a: Tyranitar|0 fnt
|faint|p1a: Tyranitar
|
|t:|1728819550
|switch|p1a: Zapdos|Zapdos|100/100
|
|-weather|Sandstorm|[upkeep]
|-damage|p2a: Starmie|70/100|[from] Sandstorm
|-damage|p1a: Zapdos|94/100|[from] Sandstorm
|-heal|p2a: Starmie|76/100|[from] item: Leftovers
|-heal|p1a: Zapdos|100/100|[from] item: Leftovers
|upkeep
|turn|12
|
|t:|1728819553
|switch|p2a: Blissey|Blissey, F, shiny|100/100
|-damage|p2a: Blissey|76/100|[from] Spikes
|move|p1a: Zapdos|Roar|p2a: Blissey
|drag|p2a: Starmie|Starmie|76/100
|-damage|p2a: Starmie|51/100|[from] Spikes
|
|-weather|Sandstorm|[upkeep]
|-damage|p2a: Starmie|45/100|[from] Sandstorm
|-damage|p1a: Zapdos|94/100|[from] Sandstorm
|-heal|p2a: Starmie|51/100|[from] item: Leftovers
|-heal|p1a: Zapdos|100/100|[from] item: Leftovers
|upkeep
|turn|13
|
|t:|1728819557
|move|p2a: Starmie|Rapid Spin|p1a: Zapdos
|-damage|p1a: Zapdos|98/100
|-sideend|p2: UrMotherIsUrFather|Spikes|[from] move: Rapid Spin|[of] p2a: Starmie
|move|p1a: Zapdos|Thunderbolt|p2a: Starmie
|-supereffective|p2a: Starmie
|-damage|p2a: Starmie|0 fnt
|faint|p2a: Starmie
|
|t:|1728819571
|switch|p2a: Blissey|Blissey, F, shiny|76/100
|
|-weather|Sandstorm|[upkeep]
|-damage|p1a: Zapdos|91/100|[from] Sandstorm
|-damage|p2a: Blissey|69/100|[from] Sandstorm
|-heal|p1a: Zapdos|98/100|[from] item: Leftovers
|-heal|p2a: Blissey|76/100|[from] item: Leftovers
|upkeep
|turn|14
|
|t:|1728819588
|move|p1a: Zapdos|Thunderbolt|p2a: Blissey
|-damage|p2a: Blissey|60/100
|move|p2a: Blissey|Soft-Boiled|p2a: Blissey
|-heal|p2a: Blissey|100/100
|
|-weather|Sandstorm|[upkeep]
|-damage|p1a: Zapdos|91/100|[from] Sandstorm
|-damage|p2a: Blissey|94/100|[from] Sandstorm
|-heal|p1a: Zapdos|98/100|[from] item: Leftovers
|-heal|p2a: Blissey|100/100|[from] item: Leftovers
|upkeep
|turn|15
|
|t:|1728819602
|switch|p1a: Skarmory|Skarmory, M|64/100
|move|p2a: Blissey|Toxic|p1a: Skarmory
|-immune|p1a: Skarmory
|
|-weather|Sandstorm|[upkeep]
|-damage|p2a: Blissey|94/100|[from] Sandstorm
|-heal|p2a: Blissey|100/100|[from] item: Leftovers
|-heal|p1a: Skarmory|70/100|[from] item: Leftovers
|upkeep
|turn|16
|
|t:|1728819606
|move|p1a: Skarmory|Protect|p1a: Skarmory
|-singleturn|p1a: Skarmory|Protect
|move|p2a: Blissey|Ice Beam|p1a: Skarmory
|-activate|p1a: Skarmory|Protect
|
|-weather|Sandstorm|[upkeep]
|-damage|p2a: Blissey|94/100|[from] Sandstorm
|-heal|p2a: Blissey|100/100|[from] item: Leftovers
|-heal|p1a: Skarmory|76/100|[from] item: Leftovers
|upkeep
|turn|17
|
|t:|1728819612
|move|p2a: Blissey|Fire Blast|p1a: Skarmory
|-supereffective|p1a: Skarmory
|-damage|p1a: Skarmory|26/100
|move|p1a: Skarmory|Spikes|p2a: Blissey
|-sidestart|p2: UrMotherIsUrFather|Spikes
|
|-weather|Sandstorm|[upkeep]
|-damage|p2a: Blissey|94/100|[from] Sandstorm
|-heal|p2a: Blissey|100/100|[from] item: Leftovers
|-heal|p1a: Skarmory|32/100|[from] item: Leftovers
|upkeep
|turn|18
|
|t:|1728819617
|move|p1a: Skarmory|Protect|p1a: Skarmory
|-singleturn|p1a: Skarmory|Protect
|move|p2a: Blissey|Fire Blast|p1a: Skarmory
|-activate|p1a: Skarmory|Protect
|
|-weather|Sandstorm|[upkeep]
|-damage|p2a: Blissey|94/100|[from] Sandstorm
|-heal|p2a: Blissey|100/100|[from] item: Leftovers
|-heal|p1a: Skarmory|38/100|[from] item: Leftovers
|upkeep
|turn|19
|
|t:|1728819637
|switch|p1a: Zapdos|Zapdos|98/100
|move|p2a: Blissey|Fire Blast|p1a: Zapdos|[miss]
|-miss|p2a: Blissey|p1a: Zapdos
|
|-weather|Sandstorm|[upkeep]
|-damage|p1a: Zapdos|91/100|[from] Sandstorm
|-damage|p2a: Blissey|94/100|[from] Sandstorm
|-heal|p1a: Zapdos|98/100|[from] item: Leftovers
|-heal|p2a: Blissey|100/100|[from] item: Leftovers
|upkeep
|turn|20
|
|t:|1728819640
|move|p2a: Blissey|Toxic|p1a: Zapdos
|-status|p1a: Zapdos|tox
|move|p1a: Zapdos|Roar|p2a: Blissey
|drag|p2a: Tyranitar|Tyranitar, F|100/100
|-damage|p2a: Tyranitar|88/100|[from] Spikes
|
|-weather|Sandstorm|[upkeep]
|-damage|p1a: Zapdos|91/100 tox|[from] Sandstorm
|-heal|p1a: Zapdos|98/100 tox|[from] item: Leftovers
|-damage|p1a: Zapdos|91/100 tox|[from] psn
|-heal|p2a: Tyranitar|94/100|[from] item: Leftovers
|upkeep
|turn|21
|
|t:|1728819647
|switch|p1a: Flygon|Flygon, F|100/100
|move|p2a: Tyranitar|Roar|p1a: Flygon
|drag|p1a: Zapdos|Zapdos|91/100 tox
|
|-weather|Sandstorm|[upkeep]
|-damage|p1a: Zapdos|85/100 tox|[from] Sandstorm
|-heal|p1a: Zapdos|91/100 tox|[from] item: Leftovers
|-damage|p1a: Zapdos|85/100 tox|[from] psn
|-heal|p2a: Tyranitar|100/100|[from] item: Leftovers
|upkeep
|turn|22
|
|t:|1728819658
|switch|p1a: Flygon|Flygon, F|100/100
|switch|p2a: Blissey|Blissey, F, shiny|100/100
|-damage|p2a: Blissey|88/100|[from] Spikes
|
|-weather|Sandstorm|[upkeep]
|-damage|p2a: Blissey|82/100|[from] Sandstorm
|-heal|p2a: Blissey|88/100|[from] item: Leftovers
|upkeep
|turn|23
|
|t:|1728819673
|switch|p1a: Blissey|Blissey, F|100/100
|-damage|p1a: Blissey|76/100|[from] Spikes
|move|p2a: Blissey|Ice Beam|p1a: Blissey
|-damage|p1a: Blissey|67/100
|
|-weather|Sandstorm|[upkeep]
|-damage|p2a: Blissey|82/100|[from] Sandstorm
|-damage|p1a: Blissey|61/100|[from] Sandstorm
|-heal|p2a: Blissey|88/100|[from] item: Leftovers
|-heal|p1a: Blissey|67/100|[from] item: Leftovers
|upkeep
|turn|24
|
|t:|1728819690
|switch|p2a: Gengar|Gengar, F|100/100
|move|p1a: Blissey|Thunder Wave|p2a: Gengar
|-status|p2a: Gengar|par
|
|-weather|Sandstorm|[upkeep]
|-damage|p1a: Blissey|61/100|[from] Sandstorm
|-damage|p2a: Gengar|94/100 par|[from] Sandstorm
|-heal|p1a: Blissey|67/100|[from] item: Leftovers
|-heal|p2a: Gengar|100/100 par|[from] item: Leftovers
|upkeep
|turn|25
|
|t:|1728819709
|switch|p1a: Charizard|Charizard, M|100/100
|move|p2a: Gengar|Taunt|p1a: Charizard
|-start|p1a: Charizard|move: Taunt
|
|-weather|Sandstorm|[upkeep]
|-damage|p1a: Charizard|94/100|[from] Sandstorm
|-damage|p2a: Gengar|94/100 par|[from] Sandstorm
|-heal|p1a: Charizard|100/100|[from] item: Leftovers
|-heal|p2a: Gengar|100/100 par|[from] item: Leftovers
|upkeep
|turn|26
|
|t:|1728819722
|move|p1a: Charizard|Fire Blast|p2a: Gengar
|-damage|p2a: Gengar|36/100 par
|move|p2a: Gengar|Thunderbolt|p1a: Charizard
|-supereffective|p1a: Charizard
|-damage|p1a: Charizard|30/100
|
|-weather|Sandstorm|[upkeep]
|-damage|p1a: Charizard|24/100|[from] Sandstorm
|-damage|p2a: Gengar|30/100 par|[from] Sandstorm
|-heal|p1a: Charizard|30/100|[from] item: Leftovers
|-end|p1a: Charizard|move: Taunt|[silent]
|-heal|p2a: Gengar|36/100 par|[from] item: Leftovers
|upkeep
|turn|27
|inactive|steffmula has 270 seconds left.
|
|t:|1728819757
|-singleturn|p1a: Charizard|move: Focus Punch
|switch|p2a: Blissey|Blissey, F, shiny|88/100
|-damage|p2a: Blissey|76/100|[from] Spikes
|move|p1a: Charizard|Focus Punch|p2a: Blissey
|-supereffective|p2a: Blissey
|-damage|p2a: Blissey|9/100
|
|-weather|Sandstorm|[upkeep]
|-damage|p1a: Charizard|24/100|[from] Sandstorm
|-damage|p2a: Blissey|3/100|[from] Sandstorm
|-heal|p1a: Charizard|30/100|[from] item: Leftovers
|-heal|p2a: Blissey|9/100|[from] item: Leftovers
|upkeep
|turn|28
|inactive|steffmula has 270 seconds left.
|
|t:|1728819786
|move|p1a: Charizard|Fire Blast|p2a: Blissey
|-damage|p2a: Blissey|0 fnt
|faint|p2a: Blissey
|
|t:|1728819796
|switch|p2a: Tyranitar|Tyranitar, F|100/100
|-damage|p2a: Tyranitar|88/100|[from] Spikes
|
|-weather|Sandstorm|[upkeep]
|-damage|p1a: Charizard|24/100|[from] Sandstorm
|-heal|p1a: Charizard|30/100|[from] item: Leftovers
|-heal|p2a: Tyranitar|94/100|[from] item: Leftovers
|upkeep
|turn|29
|
|t:|1728819801
|switch|p1a: Flygon|Flygon, F|100/100
|move|p2a: Tyranitar|Rock Slide|p1a: Flygon
|-resisted|p1a: Flygon
|-damage|p1a: Flygon|83/100
|
|-weather|Sandstorm|[upkeep]
|-heal|p1a: Flygon|89/100|[from] item: Leftovers
|-heal|p2a: Tyranitar|100/100|[from] item: Leftovers
|upkeep
|turn|30
|inactive|steffmula has 270 seconds left.
|
|t:|1728819811
|switch|p2a: Gengar|Gengar, F|36/100 par
|move|p1a: Flygon|Rock Slide|p2a: Gengar
|-damage|p2a: Gengar|11/100 par
|
|-weather|Sandstorm|[upkeep]
|-damage|p2a: Gengar|5/100 par|[from] Sandstorm
|-heal|p1a: Flygon|95/100|[from] item: Leftovers
|-heal|p2a: Gengar|11/100 par|[from] item: Leftovers
|upkeep
|turn|31
|
|t:|1728819817
|move|p1a: Flygon|Protect|p1a: Flygon
|-singleturn|p1a: Flygon|Protect
|move|p2a: Gengar|Explosion|p1a: Flygon
|-activate|p1a: Flygon|Protect
|faint|p2a: Gengar
|
|t:|1728819821
|switch|p2a: Swampert|Swampert, F|100/100
|-damage|p2a: Swampert|88/100|[from] Spikes
|
|-weather|Sandstorm|[upkeep]
|-heal|p1a: Flygon|100/100|[from] item: Leftovers
|-heal|p2a: Swampert|94/100|[from] item: Leftovers
|upkeep
|turn|32
|inactive|steffmula has 270 seconds left.
|
|t:|1728819857
|switch|p1a: Blissey|Blissey, F|67/100
|-damage|p1a: Blissey|42/100|[from] Spikes
|move|p2a: Swampert|Hydro Pump|p1a: Blissey
|-damage|p1a: Blissey|27/100
|
|-weather|Sandstorm|[upkeep]
|-damage|p1a: Blissey|21/100|[from] Sandstorm
|-heal|p2a: Swampert|100/100|[from] item: Leftovers
|-heal|p1a: Blissey|27/100|[from] item: Leftovers
|upkeep
|turn|33
|
|t:|1728819865
|move|p2a: Swampert|Earthquake|p1a: Blissey
|-damage|p1a: Blissey|0 fnt
|faint|p1a: Blissey
|
|t:|1728819873
|switch|p1a: Zapdos|Zapdos|85/100 tox
|
|-weather|Sandstorm|[upkeep]
|-damage|p1a: Zapdos|79/100 tox|[from] Sandstorm
|-heal|p1a: Zapdos|85/100 tox|[from] item: Leftovers
|-damage|p1a: Zapdos|79/100 tox|[from] psn
|upkeep
|turn|34
|
|t:|1728819876
|switch|p2a: Skarmory|Skarmory, F|100/100
|move|p1a: Zapdos|Hidden Power|p2a: Skarmory
|-resisted|p2a: Skarmory
|-crit|p2a: Skarmory
|-damage|p2a: Skarmory|91/100
|
|-weather|Sandstorm|[upkeep]
|-damage|p1a: Zapdos|73/100 tox|[from] Sandstorm
|-heal|p1a: Zapdos|79/100 tox|[from] item: Leftovers
|-damage|p1a: Zapdos|66/100 tox|[from] psn
|-heal|p2a: Skarmory|97/100|[from] item: Leftovers
|upkeep
|turn|35
|inactive|steffmula has 270 seconds left.
|
|t:|1728819895
|switch|p1a: Skarmory|Skarmory, M|38/100
|move|p2a: Skarmory|Protect||[still]
|-fail|p2a: Skarmory
|
|-weather|Sandstorm|[upkeep]
|-heal|p1a: Skarmory|44/100|[from] item: Leftovers
|-heal|p2a: Skarmory|100/100|[from] item: Leftovers
|upkeep
|turn|36
|
|t:|1728819900
|switch|p2a: Swampert|Swampert, F|100/100
|-damage|p2a: Swampert|88/100|[from] Spikes
|move|p1a: Skarmory|Spikes|p2a: Swampert
|-sidestart|p2: UrMotherIsUrFather|Spikes
|
|-weather|Sandstorm|[upkeep]
|-heal|p1a: Skarmory|50/100|[from] item: Leftovers
|-heal|p2a: Swampert|94/100|[from] item: Leftovers
|upkeep
|turn|37
|
|t:|1728819910
|move|p1a: Skarmory|Protect|p1a: Skarmory
|-singleturn|p1a: Skarmory|Protect
|move|p2a: Swampert|Ice Beam|p1a: Skarmory
|-activate|p1a: Skarmory|Protect
|
|-weather|Sandstorm|[upkeep]
|-heal|p1a: Skarmory|56/100|[from] item: Leftovers
|-heal|p2a: Swampert|100/100|[from] item: Leftovers
|upkeep
|turn|38
|
|t:|1728819917
|move|p1a: Skarmory|Toxic|p2a: Swampert
|-status|p2a: Swampert|tox
|move|p2a: Swampert|Hydro Pump|p1a: Skarmory
|-damage|p1a: Skarmory|23/100
|
|-weather|Sandstorm|[upkeep]
|-heal|p1a: Skarmory|29/100|[from] item: Leftovers
|-damage|p2a: Swampert|94/100 tox|[from] psn
|upkeep
|turn|39
|
|t:|1728819926
|switch|p2a: Tyranitar|Tyranitar, F|100/100
|-damage|p2a: Tyranitar|84/100|[from] Spikes
|move|p1a: Skarmory|Protect||[still]
|-fail|p1a: Skarmory
|
|-weather|Sandstorm|[upkeep]
|-heal|p1a: Skarmory|35/100|[from] item: Leftovers
|-heal|p2a: Tyranitar|90/100|[from] item: Leftovers
|upkeep
|turn|40
|
|t:|1728819937
|switch|p2a: Swampert|Swampert, F|94/100 tox
|-damage|p2a: Swampert|78/100 tox|[from] Spikes
|move|p1a: Skarmory|Protect||[still]
|-fail|p1a: Skarmory
|
|-weather|Sandstorm|[upkeep]
|-heal|p1a: Skarmory|41/100|[from] item: Leftovers
|-heal|p2a: Swampert|84/100 tox|[from] item: Leftovers
|-damage|p2a: Swampert|78/100 tox|[from] psn
|upkeep
|turn|41
|
|t:|1728819942
|move|p1a: Skarmory|Protect|p1a: Skarmory
|-singleturn|p1a: Skarmory|Protect
|move|p2a: Swampert|Protect||[still]
|-fail|p2a: Swampert
|
|-weather|Sandstorm|[upkeep]
|-heal|p1a: Skarmory|47/100|[from] item: Leftovers
|-heal|p2a: Swampert|84/100 tox|[from] item: Leftovers
|-damage|p2a: Swampert|72/100 tox|[from] psn
|upkeep
|turn|42
|
|t:|1728819948
|move|p1a: Skarmory|Spikes|p2a: Swampert
|-sidestart|p2: UrMotherIsUrFather|Spikes
|move|p2a: Swampert|Hydro Pump|p1a: Skarmory
|-damage|p1a: Skarmory|14/100
|
|-weather|Sandstorm|[upkeep]
|-heal|p1a: Skarmory|20/100|[from] item: Leftovers
|-heal|p2a: Swampert|78/100 tox|[from] item: Leftovers
|-damage|p2a: Swampert|59/100 tox|[from] psn
|upkeep
|turn|43
|
|t:|1728819960
|move|p1a: Skarmory|Protect|p1a: Skarmory
|-singleturn|p1a: Skarmory|Protect
|move|p2a: Swampert|Ice Beam|p1a: Skarmory
|-activate|p1a: Skarmory|Protect
|
|-weather|Sandstorm|[upkeep]
|-heal|p1a: Skarmory|26/100|[from] item: Leftovers
|-heal|p2a: Swampert|65/100 tox|[from] item: Leftovers
|-damage|p2a: Swampert|40/100 tox|[from] psn
|upkeep
|turn|44
|inactive|steffmula has 270 seconds left.
|
|t:|1728820012
|switch|p1a: Flygon|Flygon, F|100/100
|move|p2a: Swampert|Hydro Pump|p1a: Flygon
|-damage|p1a: Flygon|60/100
|
|-weather|Sandstorm|[upkeep]
|-heal|p1a: Flygon|66/100|[from] item: Leftovers
|-heal|p2a: Swampert|47/100 tox|[from] item: Leftovers
|-damage|p2a: Swampert|15/100 tox|[from] psn
|upkeep
|turn|45
|
|t:|1728820017
|move|p1a: Flygon|Protect|p1a: Flygon
|-singleturn|p1a: Flygon|Protect
|move|p2a: Swampert|Ice Beam|p1a: Flygon
|-activate|p1a: Flygon|Protect
|
|-weather|Sandstorm|[upkeep]
|-heal|p1a: Flygon|72/100|[from] item: Leftovers
|-heal|p2a: Swampert|22/100 tox|[from] item: Leftovers
|-damage|p2a: Swampert|0 fnt|[from] psn
|faint|p2a: Swampert
|upkeep
|
|t:|1728820033
|switch|p2a: Skarmory|Skarmory, F|100/100
|turn|46
|
|t:|1728820037
|switch|p1a: Skarmory|Skarmory, M|26/100
|switch|p2a: Tyranitar|Tyranitar, F|90/100
|-damage|p2a: Tyranitar|65/100|[from] Spikes
|
|-weather|Sandstorm|[upkeep]
|-heal|p1a: Skarmory|32/100|[from] item: Leftovers
|-heal|p2a: Tyranitar|71/100|[from] item: Leftovers
|upkeep
|turn|47
|
|t:|1728820045
|switch|p1a: Flygon|Flygon, F|72/100
|move|p2a: Tyranitar|Roar|p1a: Flygon
|drag|p1a: Zapdos|Zapdos|66/100 tox
|
|-weather|Sandstorm|[upkeep]
|-damage|p1a: Zapdos|60/100 tox|[from] Sandstorm
|-heal|p1a: Zapdos|66/100 tox|[from] item: Leftovers
|-damage|p1a: Zapdos|60/100 tox|[from] psn
|-heal|p2a: Tyranitar|78/100|[from] item: Leftovers
|upkeep
|turn|48
|
|t:|1728820050
|switch|p1a: Charizard|Charizard, M|30/100
|move|p2a: Tyranitar|Rock Slide|p1a: Charizard
|-supereffective|p1a: Charizard
|-damage|p1a: Charizard|0 fnt
|faint|p1a: Charizard
|inactive|steffmula has 270 seconds left.
|
|t:|1728820071
|switch|p1a: Skarmory|Skarmory, M|32/100
|
|-weather|Sandstorm|[upkeep]
|-heal|p1a: Skarmory|38/100|[from] item: Leftovers
|-heal|p2a: Tyranitar|84/100|[from] item: Leftovers
|upkeep
|turn|49
|
|t:|1728820096
|move|p1a: Skarmory|Toxic|p2a: Tyranitar
|-status|p2a: Tyranitar|tox
|move|p2a: Tyranitar|Rock Slide|p1a: Skarmory
|-crit|p1a: Skarmory
|-damage|p1a: Skarmory|0 fnt
|faint|p1a: Skarmory
|
|t:|1728820104
|switch|p1a: Flygon|Flygon, F|72/100
|
|-weather|Sandstorm|[upkeep]
|-heal|p1a: Flygon|78/100|[from] item: Leftovers
|-heal|p2a: Tyranitar|90/100 tox|[from] item: Leftovers
|-damage|p2a: Tyranitar|84/100 tox|[from] psn
|upkeep
|turn|50
|
|t:|1728820112
|switch|p2a: Skarmory|Skarmory, F|100/100
|move|p1a: Flygon|Rock Slide|p2a: Skarmory|[miss]
|-miss|p1a: Flygon|p2a: Skarmory
|
|-weather|Sandstorm|[upkeep]
|-heal|p1a: Flygon|84/100|[from] item: Leftovers
|upkeep
|turn|51
|
|t:|1728820115
|switch|p1a: Zapdos|Zapdos|60/100 tox
|move|p2a: Skarmory|Toxic|p1a: Zapdos
|-fail|p1a: Zapdos|tox
|
|-weather|Sandstorm|[upkeep]
|-damage|p1a: Zapdos|54/100 tox|[from] Sandstorm
|-heal|p1a: Zapdos|60/100 tox|[from] item: Leftovers
|-damage|p1a: Zapdos|54/100 tox|[from] psn
|upkeep
|turn|52
|
|t:|1728820122
|move|p2a: Skarmory|Protect|p2a: Skarmory
|-singleturn|p2a: Skarmory|Protect
|move|p1a: Zapdos|Rest|p1a: Zapdos
|-status|p1a: Zapdos|slp|[from] move: Rest
|-heal|p1a: Zapdos|100/100 slp|[silent]
|
|-weather|Sandstorm|[upkeep]
|-damage|p1a: Zapdos|94/100 slp|[from] Sandstorm
|-heal|p1a: Zapdos|100/100 slp|[from] item: Leftovers
|upkeep
|turn|53
|
|t:|1728820127
|cant|p1a: Zapdos|slp
|move|p2a: Skarmory|Roar|p1a: Zapdos
|drag|p1a: Flygon|Flygon, F|84/100
|
|-weather|Sandstorm|[upkeep]
|-heal|p1a: Flygon|90/100|[from] item: Leftovers
|upkeep
|turn|54
|
|t:|1728820131
|switch|p1a: Zapdos|Zapdos|100/100 slp
|move|p2a: Skarmory|Toxic||[still]
|-fail|p2a: Skarmory
|
|-weather|Sandstorm|[upkeep]
|-damage|p1a: Zapdos|94/100 slp|[from] Sandstorm
|-heal|p1a: Zapdos|100/100 slp|[from] item: Leftovers
|upkeep
|turn|55
|
|t:|1728820135
|cant|p1a: Zapdos|slp
|move|p2a: Skarmory|Roar|p1a: Zapdos
|drag|p1a: Flygon|Flygon, F|90/100
|
|-weather|Sandstorm|[upkeep]
|-heal|p1a: Flygon|96/100|[from] item: Leftovers
|upkeep
|turn|56
|
|t:|1728820137
|switch|p1a: Zapdos|Zapdos|100/100 slp
|switch|p2a: Tyranitar|Tyranitar, F|84/100 tox
|-damage|p2a: Tyranitar|59/100 tox|[from] Spikes
|
|-weather|Sandstorm|[upkeep]
|-damage|p1a: Zapdos|94/100 slp|[from] Sandstorm
|-heal|p1a: Zapdos|100/100 slp|[from] item: Leftovers
|-heal|p2a: Tyranitar|65/100 tox|[from] item: Leftovers
|-damage|p2a: Tyranitar|59/100 tox|[from] psn
|upkeep
|turn|57
|
|t:|1728820143
|switch|p1a: Flygon|Flygon, F|96/100
|move|p2a: Tyranitar|Rock Slide|p1a: Flygon|[miss]
|-miss|p2a: Tyranitar|p1a: Flygon
|
|-weather|Sandstorm|[upkeep]
|-heal|p1a: Flygon|100/100|[from] item: Leftovers
|-heal|p2a: Tyranitar|65/100 tox|[from] item: Leftovers
|-damage|p2a: Tyranitar|53/100 tox|[from] psn
|upkeep
|turn|58
|
|t:|1728820149
|move|p1a: Flygon|Rock Slide|p2a: Tyranitar
|-crit|p2a: Tyranitar
|-damage|p2a: Tyranitar|26/100 tox
|move|p2a: Tyranitar|Rock Slide|p1a: Flygon
|-resisted|p1a: Flygon
|-damage|p1a: Flygon|85/100
|
|-weather|Sandstorm|[upkeep]
|-heal|p1a: Flygon|91/100|[from] item: Leftovers
|-heal|p2a: Tyranitar|32/100 tox|[from] item: Leftovers
|-damage|p2a: Tyranitar|13/100 tox|[from] psn
|upkeep
|turn|59
|
|t:|1728820154
|switch|p2a: Skarmory|Skarmory, F|100/100
|move|p1a: Flygon|Earthquake|p2a: Skarmory
|-immune|p2a: Skarmory
|
|-weather|Sandstorm|[upkeep]
|-heal|p1a: Flygon|97/100|[from] item: Leftovers
|upkeep
|turn|60
|
|t:|1728820158
|switch|p1a: Zapdos|Zapdos|100/100 slp
|move|p2a: Skarmory|Roar|p1a: Zapdos
|drag|p1a: Flygon|Flygon, F|97/100
|
|-weather|Sandstorm|[upkeep]
|-heal|p1a: Flygon|100/100|[from] item: Leftovers
|upkeep
|turn|61
|
|t:|1728820163
|switch|p1a: Zapdos|Zapdos|100/100 slp
|move|p2a: Skarmory|Roar|p1a: Zapdos
|drag|p1a: Flygon|Flygon, F|100/100
|
|-weather|Sandstorm|[upkeep]
|upkeep
|turn|62
|
|t:|1728820166
|switch|p1a: Zapdos|Zapdos|100/100 slp
|move|p2a: Skarmory|Roar|p1a: Zapdos
|drag|p1a: Flygon|Flygon, F|100/100
|
|-weather|Sandstorm|[upkeep]
|upkeep
|turn|63
|
|t:|1728820169
|switch|p1a: Zapdos|Zapdos|100/100 slp
|move|p2a: Skarmory|Roar|p1a: Zapdos
|drag|p1a: Flygon|Flygon, F|100/100
|
|-weather|Sandstorm|[upkeep]
|upkeep
|turn|64
|
|t:|1728820171
|switch|p1a: Zapdos|Zapdos|100/100 slp
|move|p2a: Skarmory|Roar|p1a: Zapdos
|drag|p1a: Flygon|Flygon, F|100/100
|
|-weather|Sandstorm|[upkeep]
|upkeep
|turn|65
|
|t:|1728820173
|switch|p1a: Zapdos|Zapdos|100/100 slp
|move|p2a: Skarmory|Roar|p1a: Zapdos
|drag|p1a: Flygon|Flygon, F|100/100
|
|-weather|Sandstorm|[upkeep]
|upkeep
|turn|66
|
|t:|1728820178
|switch|p1a: Zapdos|Zapdos|100/100 slp
|move|p2a: Skarmory|Roar|p1a: Zapdos
|drag|p1a: Flygon|Flygon, F|100/100
|
|-weather|Sandstorm|[upkeep]
|upkeep
|turn|67
|
|t:|1728820183
|switch|p1a: Zapdos|Zapdos|100/100 slp
|move|p2a: Skarmory|Roar|p1a: Zapdos
|drag|p1a: Flygon|Flygon, F|100/100
|
|-weather|Sandstorm|[upkeep]
|upkeep
|turn|68
|
|t:|1728820190
|switch|p1a: Zapdos|Zapdos|100/100 slp
|move|p2a: Skarmory|Roar|p1a: Zapdos
|drag|p1a: Flygon|Flygon, F|100/100
|
|-weather|Sandstorm|[upkeep]
|upkeep
|turn|69
|
|t:|1728820196
|switch|p1a: Zapdos|Zapdos|100/100 slp
|move|p2a: Skarmory|Roar|p1a: Zapdos
|drag|p1a: Flygon|Flygon, F|100/100
|
|-weather|Sandstorm|[upkeep]
|upkeep
|turn|70
|
|t:|1728820205
|switch|p1a: Zapdos|Zapdos|100/100 slp
|move|p2a: Skarmory|Roar|p1a: Zapdos
|drag|p1a: Flygon|Flygon, F|100/100
|
|-weather|Sandstorm|[upkeep]
|upkeep
|turn|71
|
|t:|1728820209
|switch|p1a: Zapdos|Zapdos|100/100 slp
|move|p2a: Skarmory|Roar|p1a: Zapdos
|drag|p1a: Flygon|Flygon, F|100/100
|
|-weather|Sandstorm|[upkeep]
|upkeep
|turn|72
|
|t:|1728820214
|switch|p1a: Zapdos|Zapdos|100/100 slp
|move|p2a: Skarmory|Roar|p1a: Zapdos
|drag|p1a: Flygon|Flygon, F|100/100
|
|-weather|Sandstorm|[upkeep]
|upkeep
|turn|73
|
|t:|1728820219
|switch|p1a: Zapdos|Zapdos|100/100 slp
|move|p2a: Skarmory|Roar|p1a: Zapdos
|drag|p1a: Flygon|Flygon, F|100/100
|
|-weather|Sandstorm|[upkeep]
|upkeep
|turn|74
|
|t:|1728820224
|switch|p1a: Zapdos|Zapdos|100/100 slp
|move|p2a: Skarmory|Spikes||[still]
|-fail|p2a: Skarmory
|
|-weather|Sandstorm|[upkeep]
|-damage|p1a: Zapdos|94/100 slp|[from] Sandstorm
|-heal|p1a: Zapdos|100/100 slp|[from] item: Leftovers
|upkeep
|turn|75
|
|t:|1728820234
|move|p2a: Skarmory|Protect|p2a: Skarmory
|-singleturn|p2a: Skarmory|Protect
|-curestatus|p1a: Zapdos|slp|[msg]
|move|p1a: Zapdos|Thunderbolt|p2a: Skarmory
|-activate|p2a: Skarmory|Protect
|
|-weather|Sandstorm|[upkeep]
|-damage|p1a: Zapdos|94/100|[from] Sandstorm
|-heal|p1a: Zapdos|100/100|[from] item: Leftovers
|upkeep
|turn|76
|
|t:|1728820238
|switch|p2a: Tyranitar|Tyranitar, F|13/100 tox
|-damage|p2a: Tyranitar|0 fnt|[from] Spikes
|faint|p2a: Tyranitar
|
|t:|1728820240
|switch|p2a: Skarmory|Skarmory, F|100/100
|
|-weather|Sandstorm|[upkeep]
|-damage|p1a: Zapdos|94/100|[from] Sandstorm
|-heal|p1a: Zapdos|100/100|[from] item: Leftovers
|upkeep
|turn|77
|
|t:|1728820242
|move|p1a: Zapdos|Thunderbolt|p2a: Skarmory
|-supereffective|p2a: Skarmory
|-damage|p2a: Skarmory|31/100
|move|p2a: Skarmory|Toxic|p1a: Zapdos
|-status|p1a: Zapdos|tox
|
|-weather|Sandstorm|[upkeep]
|-damage|p1a: Zapdos|94/100 tox|[from] Sandstorm
|-heal|p1a: Zapdos|100/100 tox|[from] item: Leftovers
|-damage|p1a: Zapdos|94/100 tox|[from] psn
|-heal|p2a: Skarmory|37/100|[from] item: Leftovers
|upkeep
|turn|78
|
|t:|1728820247
|move|p2a: Skarmory|Protect|p2a: Skarmory
|-singleturn|p2a: Skarmory|Protect
|move|p1a: Zapdos|Thunderbolt|p2a: Skarmory
|-activate|p2a: Skarmory|Protect
|
|-weather|Sandstorm|[upkeep]
|-damage|p1a: Zapdos|88/100 tox|[from] Sandstorm
|-heal|p1a: Zapdos|94/100 tox|[from] item: Leftovers
|-damage|p1a: Zapdos|82/100 tox|[from] psn
|-heal|p2a: Skarmory|43/100|[from] item: Leftovers
|upkeep
|turn|79
|
|t:|1728820250
|move|p1a: Zapdos|Thunderbolt|p2a: Skarmory
|-supereffective|p2a: Skarmory
|-damage|p2a: Skarmory|0 fnt
|faint|p2a: Skarmory
|
|win|steffmula
|c|☆steffmula|gg
|c|☆UrMotherIsUrFather|gg

</script>
<script type="application/json" class="data" id="replaydata-smogtours-gen3ou-797985">
{"id":"smogtours-gen3ou-797985","format":"[Gen 3] OU","players":["steffmula","UrMotherIsUrFather"],"uploadtime":1728820250,"views":67,"formatid":"gen3ou","rating":null,"private":0,"password":null}
</script>

<script defer src="js/replays.js?9d40a366"></script>
