<!DOCTYPE html>
<meta charset="utf-8" />
<meta name="viewport" content="width=device-width" />

<title>[Gen 3] OU: reshiram660 vs. Big Nut Bill - Replays - Pok&eacute;mon Showdown!</title>

<meta name="description" content="Watch a replay of a Pok&eacute;mon battle between reshiram660 and Big Nut Bill! Format: [Gen 3] OU; Date: Oct 7, 2024" />
<!--

Hey, you! Looking in the source for the replay log?

You can find them in JSON format, just add `.json` at the end of a replay URL.

https://replay.pokemonshowdown.com/gen7randomdoublesbattle-865046831.json

Or, if you only need the log itself, add `.log` instead:

https://replay.pokemonshowdown.com/gen7randomdoublesbattle-865046831.log

-->

<link rel="stylesheet" href="//pokemonshowdown.com/style/global.css?0.023195364461161105" />
<link rel="stylesheet" href="//play.pokemonshowdown.com/style/font-awesome.css?0.13261647063804238" />
<link rel="stylesheet" href="//play.pokemonshowdown.com/style/battle.css?0.8753245789963631" />
<link rel="stylesheet" href="//play.pokemonshowdown.com/style/utilichart.css?0.8627959624976733" />

<!-- Global site tag (gtag.js) - Google Analytics -->
<script async src="https://www.googletagmanager.com/gtag/js?id=UA-26211653-1"></script>
<script>
  window.dataLayer = window.dataLayer || [];
  function gtag(){dataLayer.push(arguments);}
  gtag('js', new Date());

  gtag('config', 'UA-26211653-1');
</script>
<!-- End Google Analytics -->
<!-- Venatus Ad Manager - Install in <HEAD> of page -->
	<script src="https://hb.vntsm.com/v3/live/ad-manager.min.js" type="text/javascript" data-site-id="642aba63ec9a7b11c3c9c1be" data-mode="scan" async></script>
<!-- / Venatus Ad Manager -->

<style>
	@media (max-width:820px) {
		.battle {
			margin: 0 auto;
		}
		.battle-log {
			margin: 7px auto 0;
			max-width: 640px;
			height: 300px;
			position: static;
		}
	}
	.optgroup {
		display: inline-block;
		line-height: 22px;
		font-size: 10pt;
	}
	.optgroup .button {
		height: 25px;
		padding-top: 0;
		padding-bottom: 0;
	}
	.optgroup button.button {
		padding-left: 12px;
		padding-right: 12px;
	}
	.linklist {
		list-style: none;
		margin: 0.5em 0;
		padding: 0;
	}
	.linklist li {
		padding: 2px 0;
	}
	.sidebar {
		float: left;
		width: 320px;
	}
	.bar-wrapper {
		max-width: 1100px;
		margin: 0 auto;
	}
	.bar-wrapper.has-sidebar {
		max-width: 1430px;
	}
	.mainbar {
		margin: 0;
		padding-right: 1px;
	}
	.mainbar.has-sidebar {
		margin-left: 330px;
	}
	@media (min-width: 1511px) {
		.sidebar {
			width: 400px;
		}
		.bar-wrapper.has-sidebar {
			max-width: 1510px;
		}
		.mainbar.has-sidebar {
			margin-left: 410px;
		}
	}
	.section.first-section {
		margin-top: 9px;
	}
	.blocklink small {
		white-space: normal;
	}
	.button {
		vertical-align: middle;
	}
	.replay-controls {
		padding-top: 10px;
	}
	.replay-controls h1 {
		font-size: 16pt;
		font-weight: normal;
		color: #CCC;
	}
	.pagelink {
		text-align: center;
	}
	.pagelink a {
		width: 150px;
	}
	.textbox, .button {
		font-size: 11pt;
		vertical-align: middle;
	}
	@media (max-width: 450px) {
		.button {
			font-size: 9pt;
		}
	}
</style>

<div>

	<header>
		<div class="nav-wrapper"><ul class="nav">
			<li><a class="button nav-first" href="//pokemonshowdown.com/"><img src="//pokemonshowdown.com/images/pokemonshowdownbeta.png" srcset="//pokemonshowdown.com/images/pokemonshowdownbeta.png 1x, //pokemonshowdown.com/images/pokemonshowdownbeta@2x.png 2x" alt="Pok&eacute;mon Showdown" width="146" height="44" /> Home</a></li>
			<li><a class="button" href="//pokemonshowdown.com/dex/">Pok&eacute;dex</a></li>
			<li><a class="button cur" href="/">Replays</a></li>
			<li><a class="button" href="//pokemonshowdown.com/ladder/">Ladder</a></li>
			<li><a class="button nav-last" href="//pokemonshowdown.com/forums/">Forum</a></li>
			<li><a class="button greenbutton nav-first nav-last" href="//play.pokemonshowdown.com/">Play</a></li>
		</ul></div>
	</header>

	<div class="main" id="main">

		<noscript><section class="section">You need to enable JavaScript to use this page; sorry!</section></noscript>

	</div>

</div>

<script defer nomodule src="//play.pokemonshowdown.com/js/lib/ps-polyfill.js"></script>
<script defer src="//play.pokemonshowdown.com/js/lib/preact.min.js"></script>

<script defer src="//play.pokemonshowdown.com/config/config.js?2bddbc15"></script>
<script defer src="//play.pokemonshowdown.com/js/lib/jquery-1.11.0.min.js"></script>
<script defer src="//play.pokemonshowdown.com/js/lib/html-sanitizer-minified.js"></script>
<script defer src="//play.pokemonshowdown.com/js/battle-sound.js"></script>
<script defer src="//play.pokemonshowdown.com/js/battledata.js?0.7209276989879541"></script>
<script defer src="//play.pokemonshowdown.com/data/pokedex-mini.js?0.6111056340867951"></script>
<script defer src="//play.pokemonshowdown.com/data/pokedex-mini-bw.js?0.3532142036491459"></script>
<script defer src="//play.pokemonshowdown.com/data/graphics.js?0.24223875632456182"></script>
<script defer src="//play.pokemonshowdown.com/data/pokedex.js?0.38839984266356864"></script>
<script defer src="//play.pokemonshowdown.com/data/moves.js?0.21866028504024015"></script>
<script defer src="//play.pokemonshowdown.com/data/abilities.js?0.2005157953846628"></script>
<script defer src="//play.pokemonshowdown.com/data/items.js?0.9894211263848525"></script>
<script defer src="//play.pokemonshowdown.com/data/teambuilder-tables.js?0.6008791140282215"></script>
<script defer src="//play.pokemonshowdown.com/js/battle-tooltips.js?0.7580118955022959"></script>
<script defer src="//play.pokemonshowdown.com/js/battle.js?0.6057722274234274"></script>

<script defer src="js/utils.js?e31f9a17"></script>
<script defer src="js/replays-battle.js?7008c182"></script>

<!-- don't scrape this data! just add .json or .log after the URL!
Full API docs: https://github.com/smogon/pokemon-showdown-client/blob/master/WEB-API.md -->
<script type="text/plain" class="log" id="replaylog-smogtours-gen3ou-796263">
|inactive|Battle timer is ON: inactive players will automatically lose when time's up.
|t:|1728339699
|gametype|singles
|player|p1|reshiram660|169|
|player|p2|Big Nut Bill|medium|
|teamsize|p1|6
|teamsize|p2|6
|gen|3
|tier|[Gen 3] OU
|rule|Sleep Clause Mod: Limit one foe put to sleep
|rule|Switch Priority Clause Mod: Faster Pokémon switch first
|rule|Species Clause: Limit one of each Pokémon
|rule|OHKO Clause: OHKO moves are banned
|rule|Evasion Items Clause: Evasion items are banned
|rule|Evasion Moves Clause: Evasion moves are banned
|rule|Endless Battle Clause: Forcing endless battles is banned
|rule|HP Percentage Mod: HP is shown in percentages
|rule|One Boost Passer Clause: Limit one Baton Passer that has a way to boost its stats
|rule|Freeze Clause Mod: Limit one foe frozen
|
|t:|1728339699
|start
|switch|p1a: Regirock|Regirock|100/100
|switch|p2a: Dougie Jones|Dugtrio, M|100/100
|turn|1
|inactive|reshiram660 has 270 seconds left.
|
|t:|1728339742
|move|p2a: Dougie Jones|Earthquake|p1a: Regirock
|-supereffective|p1a: Regirock
|-damage|p1a: Regirock|41/100
|move|p1a: Regirock|Superpower|p2a: Dougie Jones
|-damage|p2a: Dougie Jones|0 fnt
|-unboost|p1a: Regirock|atk|1
|-unboost|p1a: Regirock|def|1
|faint|p2a: Dougie Jones
|
|t:|1728339761
|switch|p2a: The Horse|Suicune|100/100
|
|-heal|p1a: Regirock|47/100|[from] item: Leftovers
|upkeep
|turn|2
|inactive|reshiram660 has 270 seconds left.
|
|t:|1728339795
|move|p2a: The Horse|Calm Mind|p2a: The Horse
|-boost|p2a: The Horse|spa|1
|-boost|p2a: The Horse|spd|1
|move|p1a: Regirock|Thunder Wave|p2a: The Horse
|-status|p2a: The Horse|par
|
|-heal|p1a: Regirock|53/100|[from] item: Leftovers
|upkeep
|turn|3
|
|t:|1728339804
|move|p1a: Regirock|Explosion|p2a: The Horse
|-damage|p2a: The Horse|38/100 par
|faint|p1a: Regirock
|inactive|reshiram660 has 270 seconds left.
|
|t:|1728339834
|switch|p1a: Magneton|Magneton|100/100
|
|-heal|p2a: The Horse|45/100 par|[from] item: Leftovers
|upkeep
|turn|4
|
|t:|1728339850
|switch|p2a: BOB|Claydol|100/100
|move|p1a: Magneton|Thunderbolt|p2a: BOB
|-immune|p2a: BOB
|
|upkeep
|turn|5
|inactive|reshiram660 has 240 seconds left.
|
|t:|1728339889
|switch|p1a: Skarmory|Skarmory, M|100/100
|move|p2a: BOB|Earthquake|p1a: Skarmory
|-immune|p1a: Skarmory
|
|upkeep
|turn|6
|inactive|reshiram660 has 240 seconds left.
|
|t:|1728339901
|switch|p2a: Sheriff Truman|Skarmory, M|100/100
|move|p1a: Skarmory|Protect||[still]
|-fail|p1a: Skarmory
|
|upkeep
|turn|7
|inactive|reshiram660 has 240 seconds left.
|
|t:|1728339907
|switch|p1a: Magneton|Magneton|100/100
|move|p2a: Sheriff Truman|Spikes|p1a: Magneton
|-sidestart|p1: reshiram660|Spikes
|
|upkeep
|turn|8
|
|t:|1728339916
|move|p2a: Sheriff Truman|Protect|p2a: Sheriff Truman
|-singleturn|p2a: Sheriff Truman|Protect
|move|p1a: Magneton|Thunderbolt|p2a: Sheriff Truman
|-activate|p2a: Sheriff Truman|Protect
|
|upkeep
|turn|9
|
|t:|1728339923
|move|p1a: Magneton|Thunderbolt|p2a: Sheriff Truman
|-supereffective|p2a: Sheriff Truman
|-damage|p2a: Sheriff Truman|0 fnt
|faint|p2a: Sheriff Truman
|
|t:|1728339931
|switch|p2a: BOB|Claydol|100/100
|
|upkeep
|turn|10
|inactive|reshiram660 has 270 seconds left.
|c|☆Big Nut Bill|good play
|c|☆reshiram660|thanks
|
|t:|1728339955
|switch|p1a: Claydol|Claydol|100/100
|move|p2a: BOB|Psychic|p1a: Claydol
|-resisted|p1a: Claydol
|-damage|p1a: Claydol|88/100
|
|-heal|p1a: Claydol|95/100|[from] item: Leftovers
|upkeep
|turn|11
|
|t:|1728339979
|switch|p2a: Laura|Milotic, F|100/100
|move|p1a: Claydol|Rapid Spin|p2a: Laura
|-damage|p2a: Laura|96/100
|-sideend|p1: reshiram660|Spikes|[from] move: Rapid Spin|[of] p1a: Claydol
|
|-heal|p2a: Laura|100/100|[from] item: Leftovers
|-heal|p1a: Claydol|100/100|[from] item: Leftovers
|upkeep
|turn|12
|inactive|reshiram660 has 240 seconds left.
|
|t:|1728340000
|switch|p1a: Slowking|Slowking, M|100/100
|move|p2a: Laura|Hydro Pump|p1a: Slowking|[miss]
|-miss|p2a: Laura|p1a: Slowking
|
|upkeep
|turn|13
|
|t:|1728340007
|move|p2a: Laura|Toxic|p1a: Slowking
|-status|p1a: Slowking|tox
|move|p1a: Slowking|Calm Mind|p1a: Slowking
|-boost|p1a: Slowking|spa|1
|-boost|p1a: Slowking|spd|1
|
|-damage|p1a: Slowking|94/100 tox|[from] psn
|upkeep
|turn|14
|
|t:|1728340017
|switch|p2a: Nadine|Blissey, F|100/100
|move|p1a: Slowking|Calm Mind|p1a: Slowking
|-boost|p1a: Slowking|spa|1
|-boost|p1a: Slowking|spd|1
|
|-heal|p1a: Slowking|100/100 tox|[from] item: Leftovers
|-damage|p1a: Slowking|88/100 tox|[from] psn
|upkeep
|turn|15
|inactive|reshiram660 has 240 seconds left.
|
|t:|1728340041
|move|p2a: Nadine|Seismic Toss|p1a: Slowking
|-damage|p1a: Slowking|61/100 tox
|move|p1a: Slowking|Calm Mind|p1a: Slowking
|-boost|p1a: Slowking|spa|1
|-boost|p1a: Slowking|spd|1
|
|-heal|p1a: Slowking|67/100 tox|[from] item: Leftovers
|-damage|p1a: Slowking|49/100 tox|[from] psn
|upkeep
|turn|16
|inactive|reshiram660 has 240 seconds left.
|
|t:|1728340066
|move|p2a: Nadine|Seismic Toss|p1a: Slowking
|-damage|p1a: Slowking|22/100 tox
|move|p1a: Slowking|Rest|p1a: Slowking
|-status|p1a: Slowking|slp|[from] move: Rest
|-heal|p1a: Slowking|100/100 slp|[silent]
|
|upkeep
|turn|17
|inactive|reshiram660 has 240 seconds left.
|
|t:|1728340082
|move|p2a: Nadine|Aromatherapy|p2a: Nadine
|-cureteam|p2a: Nadine|[from] move: Aromatherapy
|cant|p1a: Slowking|slp
|move|p1a: Slowking|Sleep Talk|p1a: Slowking
|move|p1a: Slowking|Calm Mind|p1a: Slowking|[from]Sleep Talk
|-boost|p1a: Slowking|spa|1
|-boost|p1a: Slowking|spd|1
|
|upkeep
|turn|18
|inactive|reshiram660 has 240 seconds left.
|
|t:|1728340100
|switch|p2a: The Horse|Suicune|45/100
|cant|p1a: Slowking|slp
|move|p1a: Slowking|Sleep Talk|p1a: Slowking
|move|p1a: Slowking|Calm Mind|p1a: Slowking|[from]Sleep Talk
|-boost|p1a: Slowking|spa|1
|-boost|p1a: Slowking|spd|1
|
|-heal|p2a: The Horse|51/100|[from] item: Leftovers
|upkeep
|turn|19
|inactive|reshiram660 has 240 seconds left.
|
|t:|1728340123
|-curestatus|p1a: Slowking|slp|[msg]
|move|p1a: Slowking|Surf|p2a: The Horse
|-resisted|p2a: The Horse
|-damage|p2a: The Horse|4/100
|move|p2a: The Horse|Roar|p1a: Slowking
|drag|p1a: Claydol|Claydol|100/100
|
|-heal|p2a: The Horse|11/100|[from] item: Leftovers
|upkeep
|turn|20
|
|t:|1728340141
|move|p2a: The Horse|Rest|p2a: The Horse
|-status|p2a: The Horse|slp|[from] move: Rest
|-heal|p2a: The Horse|100/100 slp|[silent]
|move|p1a: Claydol|Earthquake|p2a: The Horse
|-crit|p2a: The Horse
|-damage|p2a: The Horse|56/100 slp
|
|-heal|p2a: The Horse|62/100 slp|[from] item: Leftovers
|upkeep
|turn|21
|inactive|reshiram660 has 210 seconds left.
|
|t:|1728340177
|switch|p2a: Nadine|Blissey, F|100/100
|move|p1a: Claydol|Explosion|p2a: Nadine
|-damage|p2a: Nadine|0 fnt
|faint|p1a: Claydol
|faint|p2a: Nadine
|inactive|reshiram660 has 180 seconds left.
|
|t:|1728340205
|switch|p1a: Slowking|Slowking, M|100/100
|switch|p2a: The Horse|Suicune|62/100 slp
|
|-heal|p2a: The Horse|69/100 slp|[from] item: Leftovers
|upkeep
|turn|22
|inactive|reshiram660 has 180 seconds left.
|
|t:|1728340221
|cant|p2a: The Horse|slp
|move|p1a: Slowking|Calm Mind|p1a: Slowking
|-boost|p1a: Slowking|spa|1
|-boost|p1a: Slowking|spd|1
|
|-heal|p2a: The Horse|75/100 slp|[from] item: Leftovers
|upkeep
|turn|23
|
|t:|1728340225
|cant|p2a: The Horse|slp
|move|p1a: Slowking|Calm Mind|p1a: Slowking
|-boost|p1a: Slowking|spa|1
|-boost|p1a: Slowking|spd|1
|
|-heal|p2a: The Horse|81/100 slp|[from] item: Leftovers
|upkeep
|turn|24
|
|t:|1728340228
|move|p1a: Slowking|Calm Mind|p1a: Slowking
|-boost|p1a: Slowking|spa|1
|-boost|p1a: Slowking|spd|1
|-curestatus|p2a: The Horse|slp|[msg]
|move|p2a: The Horse|Roar|p1a: Slowking
|drag|p1a: Skarmory|Skarmory, M|100/100
|
|-heal|p2a: The Horse|87/100|[from] item: Leftovers
|upkeep
|turn|25
|
|t:|1728340240
|move|p2a: The Horse|Calm Mind|p2a: The Horse
|-boost|p2a: The Horse|spa|1
|-boost|p2a: The Horse|spd|1
|move|p1a: Skarmory|Toxic|p2a: The Horse
|-status|p2a: The Horse|tox
|
|-heal|p2a: The Horse|93/100 tox|[from] item: Leftovers
|-damage|p2a: The Horse|87/100 tox|[from] psn
|upkeep
|turn|26
|
|t:|1728340253
|move|p2a: The Horse|Calm Mind|p2a: The Horse
|-boost|p2a: The Horse|spa|1
|-boost|p2a: The Horse|spd|1
|move|p1a: Skarmory|Roar|p2a: The Horse
|drag|p2a: Laura|Milotic, F|100/100
|
|upkeep
|turn|27
|inactive|reshiram660 has 210 seconds left.
|
|t:|1728340268
|move|p2a: Laura|Hidden Power|p1a: Skarmory
|-supereffective|p1a: Skarmory
|-damage|p1a: Skarmory|71/100
|move|p1a: Skarmory|Spikes|p2a: Laura
|-sidestart|p2: Big Nut Bill|Spikes
|
|-heal|p1a: Skarmory|77/100|[from] item: Leftovers
|upkeep
|turn|28
|
|t:|1728340274
|move|p2a: Laura|Hidden Power|p1a: Skarmory
|-supereffective|p1a: Skarmory
|-damage|p1a: Skarmory|49/100
|move|p1a: Skarmory|Spikes|p2a: Laura
|-sidestart|p2: Big Nut Bill|Spikes
|
|-heal|p1a: Skarmory|55/100|[from] item: Leftovers
|upkeep
|turn|29
|
|t:|1728340278
|move|p2a: Laura|Hidden Power|p1a: Skarmory
|-supereffective|p1a: Skarmory
|-damage|p1a: Skarmory|26/100
|move|p1a: Skarmory|Spikes|p2a: Laura
|-sidestart|p2: Big Nut Bill|Spikes
|
|-heal|p1a: Skarmory|32/100|[from] item: Leftovers
|upkeep
|turn|30
|
|t:|1728340283
|move|p1a: Skarmory|Protect|p1a: Skarmory
|-singleturn|p1a: Skarmory|Protect
|move|p2a: Laura|Hidden Power|p1a: Skarmory
|-activate|p1a: Skarmory|Protect
|
|-heal|p1a: Skarmory|38/100|[from] item: Leftovers
|upkeep
|turn|31
|
|t:|1728340292
|move|p2a: Laura|Hidden Power|p1a: Skarmory
|-supereffective|p1a: Skarmory
|-damage|p1a: Skarmory|7/100
|move|p1a: Skarmory|Toxic|p2a: Laura
|-status|p2a: Laura|tox
|
|-damage|p2a: Laura|94/100 tox|[from] psn
|-heal|p1a: Skarmory|13/100|[from] item: Leftovers
|upkeep
|turn|32
|
|t:|1728340303
|switch|p2a: BOB|Claydol|100/100
|move|p1a: Skarmory|Protect||[still]
|-fail|p1a: Skarmory
|
|-heal|p1a: Skarmory|19/100|[from] item: Leftovers
|upkeep
|turn|33
|
|t:|1728340306
|move|p1a: Skarmory|Toxic|p2a: BOB|[miss]
|-miss|p1a: Skarmory|p2a: BOB
|move|p2a: BOB|Rapid Spin|p1a: Skarmory
|-resisted|p1a: Skarmory
|-damage|p1a: Skarmory|18/100
|-sideend|p2: Big Nut Bill|Spikes|[from] move: Rapid Spin|[of] p2a: BOB
|
|-heal|p1a: Skarmory|24/100|[from] item: Leftovers
|upkeep
|turn|34
|
|t:|1728340328
|switch|p2a: Laura|Milotic, F|94/100 tox
|move|p1a: Skarmory|Protect||[still]
|-fail|p1a: Skarmory
|
|-heal|p2a: Laura|100/100 tox|[from] item: Leftovers
|-damage|p2a: Laura|94/100 tox|[from] psn
|-heal|p1a: Skarmory|30/100|[from] item: Leftovers
|upkeep
|turn|35
|inactive|reshiram660 has 240 seconds left.
|
|t:|1728340370
|move|p1a: Skarmory|Protect|p1a: Skarmory
|-singleturn|p1a: Skarmory|Protect
|move|p2a: Laura|Hydro Pump|p1a: Skarmory
|-activate|p1a: Skarmory|Protect
|
|-heal|p2a: Laura|100/100 tox|[from] item: Leftovers
|-damage|p2a: Laura|88/100 tox|[from] psn
|-heal|p1a: Skarmory|36/100|[from] item: Leftovers
|upkeep
|turn|36
|
|t:|1728340380
|switch|p1a: Slowking|Slowking, M|100/100
|move|p2a: Laura|Hydro Pump|p1a: Slowking
|-resisted|p1a: Slowking
|-damage|p1a: Slowking|89/100
|
|-heal|p2a: Laura|94/100 tox|[from] item: Leftovers
|-damage|p2a: Laura|76/100 tox|[from] psn
|-heal|p1a: Slowking|95/100|[from] item: Leftovers
|upkeep
|turn|37
|inactive|reshiram660 has 240 seconds left.
|
|t:|1728340392
|move|p2a: Laura|Toxic|p1a: Slowking|[miss]
|-miss|p2a: Laura|p1a: Slowking
|move|p1a: Slowking|Calm Mind|p1a: Slowking
|-boost|p1a: Slowking|spa|1
|-boost|p1a: Slowking|spd|1
|
|-heal|p2a: Laura|82/100 tox|[from] item: Leftovers
|-damage|p2a: Laura|58/100 tox|[from] psn
|-heal|p1a: Slowking|100/100|[from] item: Leftovers
|upkeep
|turn|38
|inactive|reshiram660 has 240 seconds left.
|
|t:|1728340419
|switch|p2a: The Horse|Suicune|87/100 tox
|move|p1a: Slowking|Calm Mind|p1a: Slowking
|-boost|p1a: Slowking|spa|1
|-boost|p1a: Slowking|spd|1
|
|-heal|p2a: The Horse|93/100 tox|[from] item: Leftovers
|-damage|p2a: The Horse|87/100 tox|[from] psn
|upkeep
|turn|39
|
|t:|1728340437
|move|p1a: Slowking|Surf|p2a: The Horse
|-resisted|p2a: The Horse
|-damage|p2a: The Horse|60/100 tox
|move|p2a: The Horse|Roar|p1a: Slowking
|drag|p1a: Magneton|Magneton|100/100
|
|-heal|p2a: The Horse|67/100 tox|[from] item: Leftovers
|-damage|p2a: The Horse|54/100 tox|[from] psn
|upkeep
|turn|40
|inactive|reshiram660 has 210 seconds left.
|
|t:|1728340458
|switch|p2a: BOB|Claydol|100/100
|move|p1a: Magneton|Toxic|p2a: BOB
|-status|p2a: BOB|tox
|
|-damage|p2a: BOB|94/100 tox|[from] psn
|upkeep
|turn|41
|inactive|reshiram660 has 210 seconds left.
|
|t:|1728340476
|switch|p1a: Skarmory|Skarmory, M|36/100
|switch|p2a: Laura|Milotic, F|58/100 tox
|
|-heal|p2a: Laura|64/100 tox|[from] item: Leftovers
|-damage|p2a: Laura|58/100 tox|[from] psn
|-heal|p1a: Skarmory|42/100|[from] item: Leftovers
|upkeep
|turn|42
|
|t:|1728340488
|move|p2a: Laura|Recover|p2a: Laura
|-heal|p2a: Laura|100/100 tox
|move|p1a: Skarmory|Spikes|p2a: Laura
|-sidestart|p2: Big Nut Bill|Spikes
|
|-damage|p2a: Laura|88/100 tox|[from] psn
|-heal|p1a: Skarmory|48/100|[from] item: Leftovers
|upkeep
|turn|43
|inactive|reshiram660 has 210 seconds left.
|
|t:|1728340506
|move|p1a: Skarmory|Protect|p1a: Skarmory
|-singleturn|p1a: Skarmory|Protect
|move|p2a: Laura|Hidden Power|p1a: Skarmory
|-activate|p1a: Skarmory|Protect
|
|-heal|p2a: Laura|94/100 tox|[from] item: Leftovers
|-damage|p2a: Laura|76/100 tox|[from] psn
|-heal|p1a: Skarmory|53/100|[from] item: Leftovers
|upkeep
|turn|44
|
|t:|1728340518
|move|p2a: Laura|Hidden Power|p1a: Skarmory
|-supereffective|p1a: Skarmory
|-damage|p1a: Skarmory|26/100
|move|p1a: Skarmory|Spikes|p2a: Laura
|-sidestart|p2: Big Nut Bill|Spikes
|
|-heal|p2a: Laura|82/100 tox|[from] item: Leftovers
|-damage|p2a: Laura|58/100 tox|[from] psn
|-heal|p1a: Skarmory|32/100|[from] item: Leftovers
|upkeep
|turn|45
|
|t:|1728340528
|move|p1a: Skarmory|Protect|p1a: Skarmory
|-singleturn|p1a: Skarmory|Protect
|move|p2a: Laura|Hydro Pump|p1a: Skarmory
|-activate|p1a: Skarmory|Protect
|
|-heal|p2a: Laura|64/100 tox|[from] item: Leftovers
|-damage|p2a: Laura|33/100 tox|[from] psn
|-heal|p1a: Skarmory|38/100|[from] item: Leftovers
|upkeep
|turn|46
|inactive|reshiram660 has 210 seconds left.
|inactive|reshiram660 has 180 seconds left.
|
|t:|1728340582
|move|p2a: Laura|Recover|p2a: Laura
|-heal|p2a: Laura|83/100 tox
|move|p1a: Skarmory|Roar|p2a: Laura
|drag|p2a: The Horse|Suicune|54/100 tox
|-damage|p2a: The Horse|38/100 tox|[from] Spikes
|
|-heal|p2a: The Horse|44/100 tox|[from] item: Leftovers
|-damage|p2a: The Horse|38/100 tox|[from] psn
|-heal|p1a: Skarmory|44/100|[from] item: Leftovers
|upkeep
|turn|47
|
|t:|1728340596
|move|p1a: Skarmory|Protect|p1a: Skarmory
|-singleturn|p1a: Skarmory|Protect
|move|p2a: The Horse|Rest|p2a: The Horse
|-status|p2a: The Horse|slp|[from] move: Rest
|-heal|p2a: The Horse|100/100 slp|[silent]
|
|-heal|p1a: Skarmory|50/100|[from] item: Leftovers
|upkeep
|turn|48
|
|t:|1728340620
|cant|p2a: The Horse|slp
|move|p1a: Skarmory|Spikes|p2a: The Horse
|-sidestart|p2: Big Nut Bill|Spikes
|
|-heal|p1a: Skarmory|56/100|[from] item: Leftovers
|upkeep
|turn|49
|
|t:|1728340626
|cant|p2a: The Horse|slp
|move|p1a: Skarmory|Roar|p2a: The Horse
|drag|p2a: BOB|Claydol|94/100 tox
|
|-heal|p1a: Skarmory|62/100|[from] item: Leftovers
|-heal|p2a: BOB|100/100 tox|[from] item: Leftovers
|-damage|p2a: BOB|94/100 tox|[from] psn
|upkeep
|turn|50
|
|t:|1728340643
|move|p1a: Skarmory|Protect|p1a: Skarmory
|-singleturn|p1a: Skarmory|Protect
|move|p2a: BOB|Rapid Spin|p1a: Skarmory
|-activate|p1a: Skarmory|Protect
|
|-heal|p1a: Skarmory|68/100|[from] item: Leftovers
|-heal|p2a: BOB|100/100 tox|[from] item: Leftovers
|-damage|p2a: BOB|88/100 tox|[from] psn
|upkeep
|turn|51
|
|t:|1728340650
|move|p1a: Skarmory|Spikes||[still]
|-fail|p1a: Skarmory
|move|p2a: BOB|Rapid Spin|p1a: Skarmory
|-resisted|p1a: Skarmory
|-damage|p1a: Skarmory|67/100
|-sideend|p2: Big Nut Bill|Spikes|[from] move: Rapid Spin|[of] p2a: BOB
|
|-heal|p1a: Skarmory|73/100|[from] item: Leftovers
|-heal|p2a: BOB|94/100 tox|[from] item: Leftovers
|-damage|p2a: BOB|76/100 tox|[from] psn
|upkeep
|turn|52
|
|t:|1728340665
|move|p1a: Skarmory|Protect|p1a: Skarmory
|-singleturn|p1a: Skarmory|Protect
|move|p2a: BOB|Psychic|p1a: Skarmory
|-activate|p1a: Skarmory|Protect
|
|-heal|p1a: Skarmory|79/100|[from] item: Leftovers
|-heal|p2a: BOB|82/100 tox|[from] item: Leftovers
|-damage|p2a: BOB|57/100 tox|[from] psn
|upkeep
|turn|53
|
|t:|1728340671
|move|p1a: Skarmory|Spikes|p2a: BOB
|-sidestart|p2: Big Nut Bill|Spikes
|move|p2a: BOB|Psychic|p1a: Skarmory
|-resisted|p1a: Skarmory
|-damage|p1a: Skarmory|69/100
|
|-heal|p1a: Skarmory|75/100|[from] item: Leftovers
|-heal|p2a: BOB|63/100 tox|[from] item: Leftovers
|-damage|p2a: BOB|33/100 tox|[from] psn
|upkeep
|turn|54
|inactive|reshiram660 has 180 seconds left.
|
|t:|1728340681
|move|p1a: Skarmory|Protect|p1a: Skarmory
|-singleturn|p1a: Skarmory|Protect
|move|p2a: BOB|Rest|p2a: BOB
|-status|p2a: BOB|slp|[from] move: Rest
|-heal|p2a: BOB|100/100 slp|[silent]
|
|-heal|p1a: Skarmory|81/100|[from] item: Leftovers
|upkeep
|turn|55
|inactive|reshiram660 has 180 seconds left.
|
|t:|1728340697
|switch|p1a: Slowking|Slowking, M|100/100
|cant|p2a: BOB|slp
|
|upkeep
|turn|56
|
|t:|1728340707
|switch|p2a: Laura|Milotic, F|83/100 tox
|-damage|p2a: Laura|71/100 tox|[from] Spikes
|move|p1a: Slowking|Calm Mind|p1a: Slowking
|-boost|p1a: Slowking|spa|1
|-boost|p1a: Slowking|spd|1
|
|-heal|p2a: Laura|77/100 tox|[from] item: Leftovers
|-damage|p2a: Laura|71/100 tox|[from] psn
|upkeep
|turn|57
|inactive|reshiram660 has 180 seconds left.
|
|t:|1728340729
|move|p2a: Laura|Toxic|p1a: Slowking|[miss]
|-miss|p2a: Laura|p1a: Slowking
|move|p1a: Slowking|Calm Mind|p1a: Slowking
|-boost|p1a: Slowking|spa|1
|-boost|p1a: Slowking|spd|1
|
|-heal|p2a: Laura|77/100 tox|[from] item: Leftovers
|-damage|p2a: Laura|65/100 tox|[from] psn
|upkeep
|turn|58
|inactive|reshiram660 has 180 seconds left.
|
|t:|1728340749
|move|p2a: Laura|Toxic|p1a: Slowking|[miss]
|-miss|p2a: Laura|p1a: Slowking
|move|p1a: Slowking|Surf|p2a: Laura
|-resisted|p2a: Laura
|-damage|p2a: Laura|40/100 tox
|
|-heal|p2a: Laura|46/100 tox|[from] item: Leftovers
|-damage|p2a: Laura|27/100 tox|[from] psn
|upkeep
|turn|59
|c|☆Big Nut Bill|brooo
|
|t:|1728340764
|move|p2a: Laura|Recover|p2a: Laura
|-heal|p2a: Laura|77/100 tox
|move|p1a: Slowking|Surf|p2a: Laura
|-resisted|p2a: Laura
|-damage|p2a: Laura|54/100 tox
|
|-heal|p2a: Laura|60/100 tox|[from] item: Leftovers
|-damage|p2a: Laura|36/100 tox|[from] psn
|upkeep
|turn|60
|
|t:|1728340781
|switch|p2a: The Horse|Suicune|100/100 slp
|-damage|p2a: The Horse|88/100 slp|[from] Spikes
|move|p1a: Slowking|Surf|p2a: The Horse
|-resisted|p2a: The Horse
|-damage|p2a: The Horse|59/100 slp
|
|-heal|p2a: The Horse|65/100 slp|[from] item: Leftovers
|upkeep
|turn|61
|
|t:|1728340793
|-curestatus|p2a: The Horse|slp|[msg]
|move|p2a: The Horse|Calm Mind|p2a: The Horse
|-boost|p2a: The Horse|spa|1
|-boost|p2a: The Horse|spd|1
|move|p1a: Slowking|Surf|p2a: The Horse
|-resisted|p2a: The Horse
|-damage|p2a: The Horse|46/100
|
|-heal|p2a: The Horse|52/100|[from] item: Leftovers
|upkeep
|turn|62
|
|t:|1728340810
|move|p1a: Slowking|Calm Mind|p1a: Slowking
|-boost|p1a: Slowking|spa|1
|-boost|p1a: Slowking|spd|1
|move|p2a: The Horse|Roar|p1a: Slowking
|drag|p1a: Skarmory|Skarmory, M|81/100
|
|-heal|p2a: The Horse|58/100|[from] item: Leftovers
|-heal|p1a: Skarmory|87/100|[from] item: Leftovers
|upkeep
|turn|63
|inactive|reshiram660 has 150 seconds left.
|
|t:|1728340838
|move|p2a: The Horse|Surf|p1a: Skarmory
|-damage|p1a: Skarmory|45/100
|move|p1a: Skarmory|Toxic|p2a: The Horse
|-status|p2a: The Horse|tox
|
|-heal|p2a: The Horse|64/100 tox|[from] item: Leftovers
|-damage|p2a: The Horse|58/100 tox|[from] psn
|-heal|p1a: Skarmory|51/100|[from] item: Leftovers
|upkeep
|turn|64
|inactive|reshiram660 has 150 seconds left.
|
|t:|1728340849
|move|p1a: Skarmory|Protect|p1a: Skarmory
|-singleturn|p1a: Skarmory|Protect
|move|p2a: The Horse|Calm Mind|p2a: The Horse
|-boost|p2a: The Horse|spa|1
|-boost|p2a: The Horse|spd|1
|
|-heal|p2a: The Horse|64/100 tox|[from] item: Leftovers
|-damage|p2a: The Horse|52/100 tox|[from] psn
|-heal|p1a: Skarmory|57/100|[from] item: Leftovers
|upkeep
|turn|65
|
|t:|1728340852
|move|p2a: The Horse|Surf|p1a: Skarmory
|-damage|p1a: Skarmory|2/100
|move|p1a: Skarmory|Roar|p2a: The Horse
|drag|p2a: BOB|Claydol|100/100 slp
|
|-heal|p1a: Skarmory|8/100|[from] item: Leftovers
|upkeep
|turn|66
|
|t:|1728340865
|switch|p1a: Slowking|Slowking, M|100/100
|cant|p2a: BOB|slp
|
|upkeep
|turn|67
|
|t:|1728340877
|switch|p2a: Laura|Milotic, F|36/100 tox
|-damage|p2a: Laura|23/100 tox|[from] Spikes
|move|p1a: Slowking|Surf|p2a: Laura
|-resisted|p2a: Laura
|-damage|p2a: Laura|10/100 tox
|
|-heal|p2a: Laura|16/100 tox|[from] item: Leftovers
|-damage|p2a: Laura|10/100 tox|[from] psn
|upkeep
|turn|68
|inactive|reshiram660 has 150 seconds left.
|
|t:|1728340908
|move|p2a: Laura|Recover|p2a: Laura
|-heal|p2a: Laura|60/100 tox
|move|p1a: Slowking|Calm Mind|p1a: Slowking
|-boost|p1a: Slowking|spa|1
|-boost|p1a: Slowking|spd|1
|
|-heal|p2a: Laura|66/100 tox|[from] item: Leftovers
|-damage|p2a: Laura|54/100 tox|[from] psn
|upkeep
|turn|69
|
|t:|1728340921
|move|p2a: Laura|Toxic|p1a: Slowking
|-status|p1a: Slowking|tox
|move|p1a: Slowking|Calm Mind|p1a: Slowking
|-boost|p1a: Slowking|spa|1
|-boost|p1a: Slowking|spd|1
|
|-heal|p2a: Laura|60/100 tox|[from] item: Leftovers
|-damage|p2a: Laura|41/100 tox|[from] psn
|-damage|p1a: Slowking|94/100 tox|[from] psn
|upkeep
|turn|70
|
|t:|1728340940
|move|p2a: Laura|Recover|p2a: Laura
|-heal|p2a: Laura|91/100 tox
|move|p1a: Slowking|Calm Mind|p1a: Slowking
|-boost|p1a: Slowking|spa|1
|-boost|p1a: Slowking|spd|1
|
|-heal|p2a: Laura|97/100 tox|[from] item: Leftovers
|-damage|p2a: Laura|73/100 tox|[from] psn
|-heal|p1a: Slowking|100/100 tox|[from] item: Leftovers
|-damage|p1a: Slowking|88/100 tox|[from] psn
|upkeep
|turn|71
|
|t:|1728340957
|switch|p2a: The Horse|Suicune|52/100 tox
|-damage|p2a: The Horse|39/100 tox|[from] Spikes
|move|p1a: Slowking|Surf|p2a: The Horse
|-resisted|p2a: The Horse
|-damage|p2a: The Horse|3/100 tox
|
|-heal|p2a: The Horse|9/100 tox|[from] item: Leftovers
|-damage|p2a: The Horse|3/100 tox|[from] psn
|-heal|p1a: Slowking|94/100 tox|[from] item: Leftovers
|-damage|p1a: Slowking|76/100 tox|[from] psn
|upkeep
|turn|72
|
|t:|1728340976
|move|p2a: The Horse|Rest|p2a: The Horse
|-status|p2a: The Horse|slp|[from] move: Rest
|-heal|p2a: The Horse|100/100 slp|[silent]
|move|p1a: Slowking|Surf|p2a: The Horse
|-resisted|p2a: The Horse
|-damage|p2a: The Horse|65/100 slp
|
|-heal|p2a: The Horse|71/100 slp|[from] item: Leftovers
|-heal|p1a: Slowking|82/100 tox|[from] item: Leftovers
|-damage|p1a: Slowking|57/100 tox|[from] psn
|upkeep
|turn|73
|
|t:|1728340993
|move|p1a: Slowking|Rest|p1a: Slowking
|-status|p1a: Slowking|slp|[from] move: Rest
|-heal|p1a: Slowking|100/100 slp|[silent]
|cant|p2a: The Horse|slp
|
|-heal|p2a: The Horse|77/100 slp|[from] item: Leftovers
|upkeep
|turn|74
|
|t:|1728341000
|cant|p1a: Slowking|slp
|move|p1a: Slowking|Sleep Talk|p1a: Slowking
|move|p1a: Slowking|Rest|p1a: Slowking|[from]Sleep Talk
|cant|p2a: The Horse|slp
|
|-heal|p2a: The Horse|83/100 slp|[from] item: Leftovers
|upkeep
|turn|75
|
|t:|1728341007
|cant|p1a: Slowking|slp
|move|p1a: Slowking|Sleep Talk|p1a: Slowking
|move|p1a: Slowking|Rest|p1a: Slowking|[from]Sleep Talk
|-curestatus|p2a: The Horse|slp|[msg]
|move|p2a: The Horse|Roar|p1a: Slowking
|drag|p1a: Tyranitar|Tyranitar, M|100/100
|-weather|Sandstorm|[from] ability: Sand Stream|[of] p1a: Tyranitar
|
|-weather|Sandstorm|[upkeep]
|-damage|p2a: The Horse|77/100|[from] Sandstorm
|-heal|p2a: The Horse|83/100|[from] item: Leftovers
|upkeep
|turn|76
|inactive|reshiram660 has 120 seconds left.
|
|t:|1728341043
|move|p2a: The Horse|Surf|p1a: Tyranitar
|-supereffective|p1a: Tyranitar
|-damage|p1a: Tyranitar|48/100
|move|p1a: Tyranitar|Dragon Dance|p1a: Tyranitar
|-boost|p1a: Tyranitar|atk|1
|-boost|p1a: Tyranitar|spe|1
|
|-weather|Sandstorm|[upkeep]
|-damage|p2a: The Horse|77/100|[from] Sandstorm
|-heal|p1a: Tyranitar|54/100|[from] item: Leftovers
|-heal|p2a: The Horse|83/100|[from] item: Leftovers
|upkeep
|turn|77
|inactive|reshiram660 has 120 seconds left.
|
|t:|1728341056
|move|p1a: Tyranitar|Earthquake|p2a: The Horse
|-damage|p2a: The Horse|57/100
|move|p2a: The Horse|Surf|p1a: Tyranitar
|-supereffective|p1a: Tyranitar
|-damage|p1a: Tyranitar|5/100
|
|-weather|Sandstorm|[upkeep]
|-damage|p2a: The Horse|50/100|[from] Sandstorm
|-heal|p1a: Tyranitar|11/100|[from] item: Leftovers
|-heal|p2a: The Horse|57/100|[from] item: Leftovers
|upkeep
|turn|78
|inactive|reshiram660 has 120 seconds left.
|inactive|reshiram660 has 90 seconds left.
|
|t:|1728341095
|switch|p1a: Slowking|Slowking, M|100/100 slp
|move|p2a: The Horse|Surf|p1a: Slowking
|-resisted|p1a: Slowking
|-damage|p1a: Slowking|91/100 slp
|
|-weather|Sandstorm|[upkeep]
|-damage|p2a: The Horse|50/100|[from] Sandstorm
|-damage|p1a: Slowking|85/100 slp|[from] Sandstorm
|-heal|p2a: The Horse|57/100|[from] item: Leftovers
|-heal|p1a: Slowking|91/100 slp|[from] item: Leftovers
|upkeep
|turn|79
|inactive|reshiram660 has 90 seconds left.
|
|t:|1728341110
|cant|p1a: Slowking|slp
|move|p2a: The Horse|Roar|p1a: Slowking
|drag|p1a: Magneton|Magneton|100/100
|
|-weather|Sandstorm|[upkeep]
|-damage|p2a: The Horse|50/100|[from] Sandstorm
|-heal|p2a: The Horse|57/100|[from] item: Leftovers
|upkeep
|turn|80
|inactive|reshiram660 has 90 seconds left.
|inactive|Big Nut Bill has 270 seconds left.
|
|t:|1728341126
|switch|p2a: BOB|Claydol|100/100 slp
|move|p1a: Magneton|Toxic||[still]
|-fail|p1a: Magneton
|
|-weather|Sandstorm|[upkeep]
|upkeep
|turn|81
|
|t:|1728341133
|switch|p1a: Slowking|Slowking, M|91/100 slp
|-curestatus|p2a: BOB|slp|[msg]
|move|p2a: BOB|Earthquake|p1a: Slowking
|-damage|p1a: Slowking|62/100 slp
|
|-weather|Sandstorm|[upkeep]
|-damage|p1a: Slowking|55/100 slp|[from] Sandstorm
|-heal|p1a: Slowking|62/100 slp|[from] item: Leftovers
|upkeep
|turn|82
|
|t:|1728341145
|move|p2a: BOB|Rapid Spin|p1a: Slowking
|-damage|p1a: Slowking|58/100 slp
|-sideend|p2: Big Nut Bill|Spikes|[from] move: Rapid Spin|[of] p2a: BOB
|cant|p1a: Slowking|slp
|
|-weather|Sandstorm|[upkeep]
|-damage|p1a: Slowking|51/100 slp|[from] Sandstorm
|-heal|p1a: Slowking|58/100 slp|[from] item: Leftovers
|upkeep
|turn|83
|
|t:|1728341157
|switch|p2a: Laura|Milotic, F|73/100 tox
|-curestatus|p1a: Slowking|slp|[msg]
|move|p1a: Slowking|Calm Mind|p1a: Slowking
|-boost|p1a: Slowking|spa|1
|-boost|p1a: Slowking|spd|1
|
|-weather|Sandstorm|[upkeep]
|-damage|p2a: Laura|67/100 tox|[from] Sandstorm
|-damage|p1a: Slowking|51/100|[from] Sandstorm
|-heal|p2a: Laura|73/100 tox|[from] item: Leftovers
|-damage|p2a: Laura|67/100 tox|[from] psn
|-heal|p1a: Slowking|58/100|[from] item: Leftovers
|upkeep
|turn|84
|inactive|reshiram660 has 90 seconds left.
|
|t:|1728341175
|move|p2a: Laura|Toxic|p1a: Slowking
|-status|p1a: Slowking|tox
|move|p1a: Slowking|Rest|p1a: Slowking
|-status|p1a: Slowking|slp|[from] move: Rest
|-heal|p1a: Slowking|100/100 slp|[silent]
|
|-weather|Sandstorm|[upkeep]
|-damage|p2a: Laura|61/100 tox|[from] Sandstorm
|-damage|p1a: Slowking|94/100 slp|[from] Sandstorm
|-heal|p2a: Laura|67/100 tox|[from] item: Leftovers
|-damage|p2a: Laura|55/100 tox|[from] psn
|-heal|p1a: Slowking|100/100 slp|[from] item: Leftovers
|upkeep
|turn|85
|
|t:|1728341188
|switch|p2a: The Horse|Suicune|57/100
|cant|p1a: Slowking|slp
|move|p1a: Slowking|Sleep Talk|p1a: Slowking
|move|p1a: Slowking|Calm Mind|p1a: Slowking|[from]Sleep Talk
|-boost|p1a: Slowking|spa|1
|-boost|p1a: Slowking|spd|1
|
|-weather|Sandstorm|[upkeep]
|-damage|p2a: The Horse|50/100|[from] Sandstorm
|-damage|p1a: Slowking|94/100 slp|[from] Sandstorm
|-heal|p2a: The Horse|57/100|[from] item: Leftovers
|-heal|p1a: Slowking|100/100 slp|[from] item: Leftovers
|upkeep
|turn|86
|inactive|reshiram660 has 90 seconds left.
|
|t:|1728341204
|move|p2a: The Horse|Calm Mind|p2a: The Horse
|-boost|p2a: The Horse|spa|1
|-boost|p2a: The Horse|spd|1
|cant|p1a: Slowking|slp
|move|p1a: Slowking|Sleep Talk|p1a: Slowking
|move|p1a: Slowking|Calm Mind|p1a: Slowking|[from]Sleep Talk
|-boost|p1a: Slowking|spa|1
|-boost|p1a: Slowking|spd|1
|
|-weather|Sandstorm|[upkeep]
|-damage|p2a: The Horse|50/100|[from] Sandstorm
|-damage|p1a: Slowking|94/100 slp|[from] Sandstorm
|-heal|p2a: The Horse|57/100|[from] item: Leftovers
|-heal|p1a: Slowking|100/100 slp|[from] item: Leftovers
|upkeep
|turn|87
|inactive|reshiram660 has 90 seconds left.
|
|t:|1728341219
|-curestatus|p1a: Slowking|slp|[msg]
|move|p1a: Slowking|Calm Mind|p1a: Slowking
|-boost|p1a: Slowking|spa|1
|-boost|p1a: Slowking|spd|1
|move|p2a: The Horse|Roar|p1a: Slowking
|drag|p1a: Magneton|Magneton|100/100
|
|-weather|Sandstorm|[upkeep]
|-damage|p2a: The Horse|50/100|[from] Sandstorm
|-heal|p2a: The Horse|57/100|[from] item: Leftovers
|upkeep
|turn|88
|inactive|reshiram660 has 90 seconds left.
|inactive|Big Nut Bill has 270 seconds left.
|
|t:|1728341245
|switch|p2a: BOB|Claydol|100/100
|move|p1a: Magneton|Thunderbolt|p2a: BOB
|-immune|p2a: BOB
|
|-weather|Sandstorm|[upkeep]
|upkeep
|turn|89
|
|t:|1728341252
|switch|p1a: Skarmory|Skarmory, M|8/100
|move|p2a: BOB|Earthquake|p1a: Skarmory
|-immune|p1a: Skarmory
|
|-weather|Sandstorm|[upkeep]
|-heal|p1a: Skarmory|14/100|[from] item: Leftovers
|upkeep
|turn|90
|
|t:|1728341256
|switch|p2a: The Horse|Suicune|57/100
|move|p1a: Skarmory|Protect||[still]
|-fail|p1a: Skarmory
|
|-weather|Sandstorm|[upkeep]
|-damage|p2a: The Horse|50/100|[from] Sandstorm
|-heal|p2a: The Horse|57/100|[from] item: Leftovers
|-heal|p1a: Skarmory|20/100|[from] item: Leftovers
|upkeep
|turn|91
|
|t:|1728341262
|move|p2a: The Horse|Surf|p1a: Skarmory
|-damage|p1a: Skarmory|0 fnt
|faint|p1a: Skarmory
|inactive|reshiram660 has 90 seconds left.
|
|t:|1728341289
|switch|p1a: Magneton|Magneton|100/100
|
|-weather|Sandstorm|[upkeep]
|-damage|p2a: The Horse|50/100|[from] Sandstorm
|-heal|p2a: The Horse|57/100|[from] item: Leftovers
|upkeep
|turn|92
|
|t:|1728341305
|switch|p2a: BOB|Claydol|100/100
|move|p1a: Magneton|Toxic|p2a: BOB|[miss]
|-miss|p1a: Magneton|p2a: BOB
|
|-weather|Sandstorm|[upkeep]
|upkeep
|turn|93
|
|t:|1728341317
|move|p1a: Magneton|Toxic|p2a: BOB
|-status|p2a: BOB|tox
|move|p2a: BOB|Earthquake|p1a: Magneton
|-supereffective|p1a: Magneton
|-crit|p1a: Magneton
|-damage|p1a: Magneton|0 fnt
|faint|p1a: Magneton
|
|t:|1728341329
|switch|p1a: Tyranitar|Tyranitar, M|11/100
|
|-weather|Sandstorm|[upkeep]
|-heal|p1a: Tyranitar|18/100|[from] item: Leftovers
|-damage|p2a: BOB|94/100 tox|[from] psn
|upkeep
|turn|94
|
|t:|1728341336
|move|p1a: Tyranitar|Hidden Power|p2a: BOB
|-supereffective|p2a: BOB
|-damage|p2a: BOB|51/100 tox
|move|p2a: BOB|Earthquake|p1a: Tyranitar
|-supereffective|p1a: Tyranitar
|-damage|p1a: Tyranitar|0 fnt
|faint|p1a: Tyranitar
|
|t:|1728341343
|switch|p1a: Slowking|Slowking, M|100/100
|
|-weather|Sandstorm|[upkeep]
|-damage|p1a: Slowking|94/100|[from] Sandstorm
|-heal|p2a: BOB|57/100 tox|[from] item: Leftovers
|-damage|p2a: BOB|45/100 tox|[from] psn
|-heal|p1a: Slowking|100/100|[from] item: Leftovers
|upkeep
|turn|95
|
|t:|1728341357
|switch|p2a: Laura|Milotic, F|55/100 tox
|move|p1a: Slowking|Calm Mind|p1a: Slowking
|-boost|p1a: Slowking|spa|1
|-boost|p1a: Slowking|spd|1
|
|-weather|Sandstorm|[upkeep]
|-damage|p2a: Laura|49/100 tox|[from] Sandstorm
|-damage|p1a: Slowking|94/100|[from] Sandstorm
|-heal|p2a: Laura|55/100 tox|[from] item: Leftovers
|-damage|p2a: Laura|49/100 tox|[from] psn
|-heal|p1a: Slowking|100/100|[from] item: Leftovers
|upkeep
|turn|96
|
|t:|1728341368
|move|p2a: Laura|Toxic|p1a: Slowking
|-status|p1a: Slowking|tox
|move|p1a: Slowking|Calm Mind|p1a: Slowking
|-boost|p1a: Slowking|spa|1
|-boost|p1a: Slowking|spd|1
|
|-weather|Sandstorm|[upkeep]
|-damage|p2a: Laura|43/100 tox|[from] Sandstorm
|-damage|p1a: Slowking|94/100 tox|[from] Sandstorm
|-heal|p2a: Laura|49/100 tox|[from] item: Leftovers
|-damage|p2a: Laura|37/100 tox|[from] psn
|-heal|p1a: Slowking|100/100 tox|[from] item: Leftovers
|-damage|p1a: Slowking|94/100 tox|[from] psn
|upkeep
|turn|97
|
|t:|1728341375
|move|p2a: Laura|Recover|p2a: Laura
|-heal|p2a: Laura|87/100 tox
|move|p1a: Slowking|Calm Mind|p1a: Slowking
|-boost|p1a: Slowking|spa|1
|-boost|p1a: Slowking|spd|1
|
|-weather|Sandstorm|[upkeep]
|-damage|p2a: Laura|80/100 tox|[from] Sandstorm
|-damage|p1a: Slowking|88/100 tox|[from] Sandstorm
|-heal|p2a: Laura|87/100 tox|[from] item: Leftovers
|-damage|p2a: Laura|68/100 tox|[from] psn
|-heal|p1a: Slowking|94/100 tox|[from] item: Leftovers
|-damage|p1a: Slowking|82/100 tox|[from] psn
|upkeep
|turn|98
|inactive|reshiram660 has 90 seconds left.
|inactive|Big Nut Bill has 270 seconds left.
|
|t:|1728341411
|switch|p2a: The Horse|Suicune|57/100
|move|p1a: Slowking|Calm Mind|p1a: Slowking
|-boost|p1a: Slowking|spa|1
|-boost|p1a: Slowking|spd|1
|
|-weather|Sandstorm|[upkeep]
|-damage|p2a: The Horse|50/100|[from] Sandstorm
|-damage|p1a: Slowking|76/100 tox|[from] Sandstorm
|-heal|p2a: The Horse|57/100|[from] item: Leftovers
|-heal|p1a: Slowking|82/100 tox|[from] item: Leftovers
|-damage|p1a: Slowking|63/100 tox|[from] psn
|upkeep
|turn|99
|inactive|Big Nut Bill has 270 seconds left.
|inactive|reshiram660 has 90 seconds left.
|
|t:|1728341423
|move|p2a: The Horse|Calm Mind|p2a: The Horse
|-boost|p2a: The Horse|spa|1
|-boost|p2a: The Horse|spd|1
|move|p1a: Slowking|Surf|p2a: The Horse
|-resisted|p2a: The Horse
|-damage|p2a: The Horse|28/100
|
|-weather|Sandstorm|[upkeep]
|-damage|p2a: The Horse|22/100|[from] Sandstorm
|-damage|p1a: Slowking|57/100 tox|[from] Sandstorm
|-heal|p2a: The Horse|28/100|[from] item: Leftovers
|-heal|p1a: Slowking|63/100 tox|[from] item: Leftovers
|-damage|p1a: Slowking|39/100 tox|[from] psn
|upkeep
|turn|100
|inactive|reshiram660 has 90 seconds left.
|inactive|Big Nut Bill has 270 seconds left.
|
|t:|1728341449
|move|p2a: The Horse|Calm Mind|p2a: The Horse
|-boost|p2a: The Horse|spa|1
|-boost|p2a: The Horse|spd|1
|move|p1a: Slowking|Rest|p1a: Slowking
|-status|p1a: Slowking|slp|[from] move: Rest
|-heal|p1a: Slowking|100/100 slp|[silent]
|
|-weather|Sandstorm|[upkeep]
|-damage|p2a: The Horse|22/100|[from] Sandstorm
|-damage|p1a: Slowking|94/100 slp|[from] Sandstorm
|-heal|p2a: The Horse|28/100|[from] item: Leftovers
|-heal|p1a: Slowking|100/100 slp|[from] item: Leftovers
|upkeep
|turn|101
|inactive|reshiram660 has 90 seconds left.
|
|t:|1728341461
|move|p2a: The Horse|Rest|p2a: The Horse
|-status|p2a: The Horse|slp|[from] move: Rest
|-heal|p2a: The Horse|100/100 slp|[silent]
|cant|p1a: Slowking|slp
|move|p1a: Slowking|Sleep Talk|p1a: Slowking
|move|p1a: Slowking|Surf|p2a: The Horse|[from]Sleep Talk
|-resisted|p2a: The Horse
|-damage|p2a: The Horse|80/100 slp
|
|-weather|Sandstorm|[upkeep]
|-damage|p2a: The Horse|74/100 slp|[from] Sandstorm
|-damage|p1a: Slowking|94/100 slp|[from] Sandstorm
|-heal|p2a: The Horse|80/100 slp|[from] item: Leftovers
|-heal|p1a: Slowking|100/100 slp|[from] item: Leftovers
|upkeep
|turn|102
|inactive|reshiram660 has 90 seconds left.
|
|t:|1728341474
|switch|p2a: Laura|Milotic, F|68/100 tox
|cant|p1a: Slowking|slp
|move|p1a: Slowking|Sleep Talk|p1a: Slowking
|move|p1a: Slowking|Surf|p2a: Laura|[from]Sleep Talk
|-resisted|p2a: Laura
|-damage|p2a: Laura|29/100 tox
|
|-weather|Sandstorm|[upkeep]
|-damage|p2a: Laura|23/100 tox|[from] Sandstorm
|-damage|p1a: Slowking|94/100 slp|[from] Sandstorm
|-heal|p2a: Laura|29/100 tox|[from] item: Leftovers
|-damage|p2a: Laura|23/100 tox|[from] psn
|-heal|p1a: Slowking|100/100 slp|[from] item: Leftovers
|upkeep
|turn|103
|inactive|reshiram660 has 90 seconds left.
|
|t:|1728341489
|move|p2a: Laura|Recover|p2a: Laura
|-heal|p2a: Laura|73/100 tox
|-curestatus|p1a: Slowking|slp|[msg]
|move|p1a: Slowking|Calm Mind|p1a: Slowking
|-boost|p1a: Slowking|spa|1
|-boost|p1a: Slowking|spd|1
|
|-weather|Sandstorm|[upkeep]
|-damage|p2a: Laura|67/100 tox|[from] Sandstorm
|-damage|p1a: Slowking|94/100|[from] Sandstorm
|-heal|p2a: Laura|73/100 tox|[from] item: Leftovers
|-damage|p2a: Laura|61/100 tox|[from] psn
|-heal|p1a: Slowking|100/100|[from] item: Leftovers
|upkeep
|turn|104
|inactive|reshiram660 has 90 seconds left.
|
|t:|1728341503
|move|p2a: Laura|Toxic|p1a: Slowking
|-status|p1a: Slowking|tox
|move|p1a: Slowking|Calm Mind|p1a: Slowking
|-boost|p1a: Slowking|spa|1
|-boost|p1a: Slowking|spd|1
|
|-weather|Sandstorm|[upkeep]
|-damage|p2a: Laura|55/100 tox|[from] Sandstorm
|-damage|p1a: Slowking|94/100 tox|[from] Sandstorm
|-heal|p2a: Laura|61/100 tox|[from] item: Leftovers
|-damage|p2a: Laura|42/100 tox|[from] psn
|-heal|p1a: Slowking|100/100 tox|[from] item: Leftovers
|-damage|p1a: Slowking|94/100 tox|[from] psn
|upkeep
|turn|105
|inactive|reshiram660 has 90 seconds left.
|
|t:|1728341515
|move|p2a: Laura|Recover|p2a: Laura
|-heal|p2a: Laura|92/100 tox
|move|p1a: Slowking|Surf|p2a: Laura
|-resisted|p2a: Laura
|-damage|p2a: Laura|44/100 tox
|
|-weather|Sandstorm|[upkeep]
|-damage|p2a: Laura|38/100 tox|[from] Sandstorm
|-damage|p1a: Slowking|88/100 tox|[from] Sandstorm
|-heal|p2a: Laura|44/100 tox|[from] item: Leftovers
|-damage|p2a: Laura|20/100 tox|[from] psn
|-heal|p1a: Slowking|94/100 tox|[from] item: Leftovers
|-damage|p1a: Slowking|82/100 tox|[from] psn
|upkeep
|turn|106
|inactive|reshiram660 has 90 seconds left.
|
|t:|1728341532
|switch|p2a: The Horse|Suicune|80/100 slp
|move|p1a: Slowking|Surf|p2a: The Horse
|-resisted|p2a: The Horse
|-damage|p2a: The Horse|29/100 slp
|
|-weather|Sandstorm|[upkeep]
|-damage|p2a: The Horse|23/100 slp|[from] Sandstorm
|-damage|p1a: Slowking|76/100 tox|[from] Sandstorm
|-heal|p2a: The Horse|29/100 slp|[from] item: Leftovers
|-heal|p1a: Slowking|82/100 tox|[from] item: Leftovers
|-damage|p1a: Slowking|63/100 tox|[from] psn
|upkeep
|turn|107
|
|t:|1728341549
|cant|p2a: The Horse|slp
|move|p1a: Slowking|Surf|p2a: The Horse
|-resisted|p2a: The Horse
|-damage|p2a: The Horse|0 fnt
|faint|p2a: The Horse
|
|t:|1728341554
|switch|p2a: Laura|Milotic, F|20/100 tox
|
|-weather|Sandstorm|[upkeep]
|-damage|p2a: Laura|14/100 tox|[from] Sandstorm
|-damage|p1a: Slowking|57/100 tox|[from] Sandstorm
|-heal|p2a: Laura|20/100 tox|[from] item: Leftovers
|-damage|p2a: Laura|14/100 tox|[from] psn
|-heal|p1a: Slowking|63/100 tox|[from] item: Leftovers
|-damage|p1a: Slowking|39/100 tox|[from] psn
|upkeep
|turn|108
|
|t:|1728341563
|move|p2a: Laura|Recover|p2a: Laura
|-heal|p2a: Laura|64/100 tox
|move|p1a: Slowking|Rest|p1a: Slowking
|-status|p1a: Slowking|slp|[from] move: Rest
|-heal|p1a: Slowking|100/100 slp|[silent]
|
|-weather|Sandstorm|[upkeep]
|-damage|p2a: Laura|58/100 tox|[from] Sandstorm
|-damage|p1a: Slowking|94/100 slp|[from] Sandstorm
|-heal|p2a: Laura|64/100 tox|[from] item: Leftovers
|-damage|p2a: Laura|52/100 tox|[from] psn
|-heal|p1a: Slowking|100/100 slp|[from] item: Leftovers
|upkeep
|turn|109
|
|t:|1728341569
|switch|p2a: BOB|Claydol|45/100 tox
|cant|p1a: Slowking|slp
|move|p1a: Slowking|Sleep Talk|p1a: Slowking
|move|p1a: Slowking|Surf|p2a: BOB|[from]Sleep Talk
|-supereffective|p2a: BOB
|-damage|p2a: BOB|0 fnt
|faint|p2a: BOB
|
|t:|1728341573
|switch|p2a: Laura|Milotic, F|52/100 tox
|
|-weather|Sandstorm|[upkeep]
|-damage|p2a: Laura|45/100 tox|[from] Sandstorm
|-damage|p1a: Slowking|94/100 slp|[from] Sandstorm
|-heal|p2a: Laura|52/100 tox|[from] item: Leftovers
|-damage|p2a: Laura|45/100 tox|[from] psn
|-heal|p1a: Slowking|100/100 slp|[from] item: Leftovers
|upkeep
|turn|110
|
|t:|1728341590
|move|p2a: Laura|Hydro Pump|p1a: Slowking
|-resisted|p1a: Slowking
|-damage|p1a: Slowking|97/100 slp
|cant|p1a: Slowking|slp
|move|p1a: Slowking|Sleep Talk|p1a: Slowking
|move|p1a: Slowking|Surf|p2a: Laura|[from]Sleep Talk
|-resisted|p2a: Laura
|-damage|p2a: Laura|0 fnt
|faint|p2a: Laura
|
|win|reshiram660
|c|☆Big Nut Bill|ggs

</script>
<script type="application/json" class="data" id="replaydata-smogtours-gen3ou-796263">
{"id":"smogtours-gen3ou-796263","format":"[Gen 3] OU","players":["reshiram660","Big Nut Bill"],"uploadtime":1728341590,"views":153,"formatid":"gen3ou","rating":null,"private":0,"password":null}
</script>

<script defer src="js/replays.js?9d40a366"></script>
