<!DOCTYPE html>
<meta charset="utf-8" />
<meta name="viewport" content="width=device-width" />

<title>[Gen 3] OU: krungo vs. elanie - Replays - Pok&eacute;mon Showdown!</title>

<meta name="description" content="Watch a replay of a Pok&eacute;mon battle between krungo and elanie! Format: [Gen 3] OU; Date: Oct 12, 2024" />
<!--

Hey, you! Looking in the source for the replay log?

You can find them in JSON format, just add `.json` at the end of a replay URL.

https://replay.pokemonshowdown.com/gen7randomdoublesbattle-865046831.json

Or, if you only need the log itself, add `.log` instead:

https://replay.pokemonshowdown.com/gen7randomdoublesbattle-865046831.log

-->

<link rel="stylesheet" href="//pokemonshowdown.com/style/global.css?0.023195364461161105" />
<link rel="stylesheet" href="//play.pokemonshowdown.com/style/font-awesome.css?0.13261647063804238" />
<link rel="stylesheet" href="//play.pokemonshowdown.com/style/battle.css?0.8753245789963631" />
<link rel="stylesheet" href="//play.pokemonshowdown.com/style/utilichart.css?0.8627959624976733" />

<!-- Global site tag (gtag.js) - Google Analytics -->
<script async src="https://www.googletagmanager.com/gtag/js?id=UA-26211653-1"></script>
<script>
  window.dataLayer = window.dataLayer || [];
  function gtag(){dataLayer.push(arguments);}
  gtag('js', new Date());

  gtag('config', 'UA-26211653-1');
</script>
<!-- End Google Analytics -->
<!-- Venatus Ad Manager - Install in <HEAD> of page -->
	<script src="https://hb.vntsm.com/v3/live/ad-manager.min.js" type="text/javascript" data-site-id="642aba63ec9a7b11c3c9c1be" data-mode="scan" async></script>
<!-- / Venatus Ad Manager -->

<style>
	@media (max-width:820px) {
		.battle {
			margin: 0 auto;
		}
		.battle-log {
			margin: 7px auto 0;
			max-width: 640px;
			height: 300px;
			position: static;
		}
	}
	.optgroup {
		display: inline-block;
		line-height: 22px;
		font-size: 10pt;
	}
	.optgroup .button {
		height: 25px;
		padding-top: 0;
		padding-bottom: 0;
	}
	.optgroup button.button {
		padding-left: 12px;
		padding-right: 12px;
	}
	.linklist {
		list-style: none;
		margin: 0.5em 0;
		padding: 0;
	}
	.linklist li {
		padding: 2px 0;
	}
	.sidebar {
		float: left;
		width: 320px;
	}
	.bar-wrapper {
		max-width: 1100px;
		margin: 0 auto;
	}
	.bar-wrapper.has-sidebar {
		max-width: 1430px;
	}
	.mainbar {
		margin: 0;
		padding-right: 1px;
	}
	.mainbar.has-sidebar {
		margin-left: 330px;
	}
	@media (min-width: 1511px) {
		.sidebar {
			width: 400px;
		}
		.bar-wrapper.has-sidebar {
			max-width: 1510px;
		}
		.mainbar.has-sidebar {
			margin-left: 410px;
		}
	}
	.section.first-section {
		margin-top: 9px;
	}
	.blocklink small {
		white-space: normal;
	}
	.button {
		vertical-align: middle;
	}
	.replay-controls {
		padding-top: 10px;
	}
	.replay-controls h1 {
		font-size: 16pt;
		font-weight: normal;
		color: #CCC;
	}
	.pagelink {
		text-align: center;
	}
	.pagelink a {
		width: 150px;
	}
	.textbox, .button {
		font-size: 11pt;
		vertical-align: middle;
	}
	@media (max-width: 450px) {
		.button {
			font-size: 9pt;
		}
	}
</style>

<div>

	<header>
		<div class="nav-wrapper"><ul class="nav">
			<li><a class="button nav-first" href="//pokemonshowdown.com/"><img src="//pokemonshowdown.com/images/pokemonshowdownbeta.png" srcset="//pokemonshowdown.com/images/pokemonshowdownbeta.png 1x, //pokemonshowdown.com/images/pokemonshowdownbeta@2x.png 2x" alt="Pok&eacute;mon Showdown" width="146" height="44" /> Home</a></li>
			<li><a class="button" href="//pokemonshowdown.com/dex/">Pok&eacute;dex</a></li>
			<li><a class="button cur" href="/">Replays</a></li>
			<li><a class="button" href="//pokemonshowdown.com/ladder/">Ladder</a></li>
			<li><a class="button nav-last" href="//pokemonshowdown.com/forums/">Forum</a></li>
			<li><a class="button greenbutton nav-first nav-last" href="//play.pokemonshowdown.com/">Play</a></li>
		</ul></div>
	</header>

	<div class="main" id="main">

		<noscript><section class="section">You need to enable JavaScript to use this page; sorry!</section></noscript>

	</div>

</div>

<script defer nomodule src="//play.pokemonshowdown.com/js/lib/ps-polyfill.js"></script>
<script defer src="//play.pokemonshowdown.com/js/lib/preact.min.js"></script>

<script defer src="//play.pokemonshowdown.com/config/config.js?2bddbc15"></script>
<script defer src="//play.pokemonshowdown.com/js/lib/jquery-1.11.0.min.js"></script>
<script defer src="//play.pokemonshowdown.com/js/lib/html-sanitizer-minified.js"></script>
<script defer src="//play.pokemonshowdown.com/js/battle-sound.js"></script>
<script defer src="//play.pokemonshowdown.com/js/battledata.js?0.7209276989879541"></script>
<script defer src="//play.pokemonshowdown.com/data/pokedex-mini.js?0.6111056340867951"></script>
<script defer src="//play.pokemonshowdown.com/data/pokedex-mini-bw.js?0.3532142036491459"></script>
<script defer src="//play.pokemonshowdown.com/data/graphics.js?0.24223875632456182"></script>
<script defer src="//play.pokemonshowdown.com/data/pokedex.js?0.38839984266356864"></script>
<script defer src="//play.pokemonshowdown.com/data/moves.js?0.21866028504024015"></script>
<script defer src="//play.pokemonshowdown.com/data/abilities.js?0.2005157953846628"></script>
<script defer src="//play.pokemonshowdown.com/data/items.js?0.9894211263848525"></script>
<script defer src="//play.pokemonshowdown.com/data/teambuilder-tables.js?0.6008791140282215"></script>
<script defer src="//play.pokemonshowdown.com/js/battle-tooltips.js?0.7580118955022959"></script>
<script defer src="//play.pokemonshowdown.com/js/battle.js?0.6057722274234274"></script>

<script defer src="js/utils.js?e31f9a17"></script>
<script defer src="js/replays-battle.js?7008c182"></script>

<!-- don't scrape this data! just add .json or .log after the URL!
Full API docs: https://github.com/smogon/pokemon-showdown-client/blob/master/WEB-API.md -->
<script type="text/plain" class="log" id="replaylog-smogtours-gen3ou-797497">
|inactive|Battle timer is ON: inactive players will automatically lose when time's up.
|t:|1728747918
|gametype|singles
|player|p1|krungo|265|
|player|p2|elanie|265|
|teamsize|p1|6
|teamsize|p2|6
|gen|3
|tier|[Gen 3] OU
|rule|Sleep Clause Mod: Limit one foe put to sleep
|rule|Switch Priority Clause Mod: Faster Pokémon switch first
|rule|Species Clause: Limit one of each Pokémon
|rule|OHKO Clause: OHKO moves are banned
|rule|Evasion Items Clause: Evasion items are banned
|rule|Evasion Moves Clause: Evasion moves are banned
|rule|Endless Battle Clause: Forcing endless battles is banned
|rule|HP Percentage Mod: HP is shown in percentages
|rule|One Boost Passer Clause: Limit one Baton Passer that has a way to boost its stats
|rule|Freeze Clause Mod: Limit one foe frozen
|
|t:|1728747918
|start
|switch|p1a: Zapdos|Zapdos|100/100
|switch|p2a: Metagross|Metagross|100/100
|turn|1
|
|t:|1728747928
|switch|p1a: Skarmory|Skarmory, F|100/100
|move|p2a: Metagross|Rock Slide|p1a: Skarmory
|-damage|p1a: Skarmory|73/100
|
|upkeep
|turn|2
|
|t:|1728747936
|switch|p2a: Zapdos|Zapdos|100/100
|move|p1a: Skarmory|Thief|p2a: Zapdos
|-damage|p2a: Zapdos|95/100
|-enditem|p2a: Zapdos|Leftovers|[silent]|[from] move: Thief|[of] p1a: Skarmory
|-item|p1a: Skarmory|Leftovers|[from] move: Thief|[of] p2a: Zapdos
|
|-heal|p1a: Skarmory|79/100|[from] item: Leftovers
|upkeep
|turn|3
|
|t:|1728747944
|move|p1a: Skarmory|Protect|p1a: Skarmory
|-singleturn|p1a: Skarmory|Protect
|move|p2a: Zapdos|Thunder Wave|p1a: Skarmory
|-activate|p1a: Skarmory|Protect
|
|-heal|p1a: Skarmory|85/100|[from] item: Leftovers
|upkeep
|turn|4
|
|t:|1728747951
|move|p1a: Skarmory|Toxic|p2a: Zapdos
|-status|p2a: Zapdos|tox
|move|p2a: Zapdos|Roar|p1a: Skarmory
|drag|p1a: Slaking|Slaking, F|100/100
|
|-damage|p2a: Zapdos|89/100 tox|[from] psn
|upkeep
|turn|5
|
|t:|1728747961
|switch|p2a: Metagross|Metagross|100/100
|move|p1a: Slaking|Yawn|p2a: Metagross
|-start|p2a: Metagross|move: Yawn|[of] p1a: Slaking
|
|upkeep
|turn|6
|
|t:|1728747974
|switch|p1a: Skarmory|Skarmory, F|85/100
|switch|p2a: Porygon2|Porygon2|100/100
|-ability|p2a: Porygon2|Keen Eye|[from] ability: Trace|[of] p1a: Skarmory
|
|-heal|p1a: Skarmory|91/100|[from] item: Leftovers
|upkeep
|turn|7
|
|t:|1728747982
|move|p1a: Skarmory|Spikes|p2a: Porygon2
|-sidestart|p2: elanie|Spikes
|move|p2a: Porygon2|Thunderbolt|p1a: Skarmory
|-supereffective|p1a: Skarmory
|-damage|p1a: Skarmory|28/100
|
|-heal|p1a: Skarmory|34/100|[from] item: Leftovers
|upkeep
|turn|8
|
|t:|1728747989
|move|p1a: Skarmory|Protect|p1a: Skarmory
|-singleturn|p1a: Skarmory|Protect
|move|p2a: Porygon2|Thunderbolt|p1a: Skarmory
|-activate|p1a: Skarmory|Protect
|
|-heal|p1a: Skarmory|40/100|[from] item: Leftovers
|upkeep
|turn|9
|
|t:|1728748006
|switch|p1a: Miltank|Miltank, F|100/100
|move|p2a: Porygon2|Toxic|p1a: Miltank
|-status|p1a: Miltank|tox
|
|-damage|p1a: Miltank|94/100 tox|[from] psn
|upkeep
|turn|10
|inactive|elanie has 270 seconds left.
|
|t:|1728748050
|switch|p2a: Salamence|Salamence, M|100/100
|-ability|p2a: Salamence|Intimidate|boost
|-unboost|p1a: Miltank|atk|1
|move|p1a: Miltank|Thunder Wave|p2a: Salamence
|-status|p2a: Salamence|par
|
|-heal|p1a: Miltank|100/100 tox|[from] item: Leftovers
|-damage|p1a: Miltank|88/100 tox|[from] psn
|upkeep
|turn|11
|
|t:|1728748069
|switch|p1a: Gengar|Gengar, M|100/100
|move|p2a: Salamence|Fire Blast|p1a: Gengar|[miss]
|-miss|p2a: Salamence|p1a: Gengar
|
|upkeep
|turn|12
|
|t:|1728748079
|switch|p2a: Snorlax|Snorlax, F|100/100
|-damage|p2a: Snorlax|88/100|[from] Spikes
|move|p1a: Gengar|Ice Punch|p2a: Snorlax
|-damage|p2a: Snorlax|74/100
|-status|p2a: Snorlax|frz
|
|-heal|p2a: Snorlax|80/100 frz|[from] item: Leftovers
|upkeep
|turn|13
|c|☆krungo|mb
|c|☆elanie|no worries
|
|t:|1728748093
|-singleturn|p2a: Snorlax|move: Focus Punch
|switch|p1a: Skarmory|Skarmory, F|40/100
|cant|p2a: Snorlax|frz
|
|-heal|p1a: Skarmory|46/100|[from] item: Leftovers
|-heal|p2a: Snorlax|87/100 frz|[from] item: Leftovers
|upkeep
|turn|14
|
|t:|1728748101
|switch|p2a: Zapdos|Zapdos|89/100 tox
|move|p1a: Skarmory|Spikes|p2a: Zapdos
|-sidestart|p2: elanie|Spikes
|
|-damage|p2a: Zapdos|82/100 tox|[from] psn
|-heal|p1a: Skarmory|52/100|[from] item: Leftovers
|upkeep
|turn|15
|
|t:|1728748111
|switch|p2a: Starmie|Starmie|100/100
|-damage|p2a: Starmie|84/100|[from] Spikes
|move|p1a: Skarmory|Protect||[still]
|-fail|p1a: Skarmory
|
|-heal|p2a: Starmie|90/100|[from] item: Leftovers
|-heal|p1a: Skarmory|58/100|[from] item: Leftovers
|upkeep
|turn|16
|
|t:|1728748121
|move|p2a: Starmie|Hydro Pump|p1a: Skarmory
|-damage|p1a: Skarmory|0 fnt
|faint|p1a: Skarmory
|
|t:|1728748126
|switch|p1a: Slaking|Slaking, F|100/100
|
|-heal|p2a: Starmie|96/100|[from] item: Leftovers
|upkeep
|turn|17
|
|t:|1728748134
|switch|p2a: Snorlax|Snorlax, F|87/100 frz
|-damage|p2a: Snorlax|70/100 frz|[from] Spikes
|move|p1a: Slaking|Double-Edge|p2a: Snorlax
|-damage|p2a: Snorlax|0 fnt
|-damage|p1a: Slaking|75/100|[from] Recoil|[of] p2a: Snorlax
|faint|p2a: Snorlax
|
|t:|1728748145
|switch|p2a: Starmie|Starmie|96/100
|-damage|p2a: Starmie|80/100|[from] Spikes
|
|-heal|p2a: Starmie|86/100|[from] item: Leftovers
|upkeep
|turn|18
|inactive|elanie has 270 seconds left.
|
|t:|1728748182
|switch|p1a: Gengar|Gengar, M|100/100
|move|p2a: Starmie|Hydro Pump|p1a: Gengar|[miss]
|-miss|p2a: Starmie|p1a: Gengar
|
|-heal|p2a: Starmie|92/100|[from] item: Leftovers
|upkeep
|turn|19
|inactive|elanie has 270 seconds left.
|
|t:|1728748207
|switch|p2a: Porygon2|Porygon2|100/100
|-damage|p2a: Porygon2|84/100|[from] Spikes
|-ability|p2a: Porygon2|Levitate|[from] ability: Trace|[of] p1a: Gengar
|move|p1a: Gengar|Thunderbolt|p2a: Porygon2
|-damage|p2a: Porygon2|54/100
|
|-heal|p2a: Porygon2|60/100|[from] item: Leftovers
|upkeep
|turn|20
|
|t:|1728748217
|move|p1a: Gengar|Will-O-Wisp|p2a: Porygon2|[miss]
|-miss|p1a: Gengar|p2a: Porygon2
|move|p2a: Porygon2|Recover|p2a: Porygon2
|-heal|p2a: Porygon2|100/100
|
|upkeep
|turn|21
|
|t:|1728748224
|move|p1a: Gengar|Will-O-Wisp|p2a: Porygon2
|-status|p2a: Porygon2|brn
|move|p2a: Porygon2|Ice Beam|p1a: Gengar
|-damage|p1a: Gengar|61/100
|
|-damage|p2a: Porygon2|88/100 brn|[from] brn
|upkeep
|turn|22
|inactive|elanie has 270 seconds left.
|
|t:|1728748242
|switch|p1a: Miltank|Miltank, F|88/100 tox
|move|p2a: Porygon2|Ice Beam|p1a: Miltank
|-damage|p1a: Miltank|79/100 tox
|
|-heal|p1a: Miltank|85/100 tox|[from] item: Leftovers
|-damage|p1a: Miltank|79/100 tox|[from] psn
|-heal|p2a: Porygon2|94/100 brn|[from] item: Leftovers
|-damage|p2a: Porygon2|82/100 brn|[from] brn
|upkeep
|turn|23
|inactive|elanie has 270 seconds left.
|
|t:|1728748253
|move|p1a: Miltank|Heal Bell|p1a: Miltank
|-activate|p1a: Miltank|move: Heal Bell
|-curestatus|p1a: Miltank|tox|[silent]
|move|p2a: Porygon2|Recover|p2a: Porygon2
|-heal|p2a: Porygon2|100/100 brn
|
|-heal|p1a: Miltank|85/100|[from] item: Leftovers
|-damage|p2a: Porygon2|88/100 brn|[from] brn
|upkeep
|turn|24
|inactive|elanie has 270 seconds left.
|
|t:|1728748264
|move|p1a: Miltank|Body Slam|p2a: Porygon2
|-damage|p2a: Porygon2|69/100 brn
|move|p2a: Porygon2|Ice Beam|p1a: Miltank
|-damage|p1a: Miltank|76/100
|
|-heal|p1a: Miltank|82/100|[from] item: Leftovers
|-heal|p2a: Porygon2|76/100 brn|[from] item: Leftovers
|-damage|p2a: Porygon2|63/100 brn|[from] brn
|upkeep
|turn|25
|
|t:|1728748279
|move|p1a: Miltank|Body Slam|p2a: Porygon2
|-damage|p2a: Porygon2|45/100 brn
|move|p2a: Porygon2|Toxic|p1a: Miltank
|-status|p1a: Miltank|tox
|
|-heal|p1a: Miltank|88/100 tox|[from] item: Leftovers
|-damage|p1a: Miltank|82/100 tox|[from] psn
|-heal|p2a: Porygon2|52/100 brn|[from] item: Leftovers
|-damage|p2a: Porygon2|39/100 brn|[from] brn
|upkeep
|turn|26
|
|t:|1728748298
|switch|p1a: Zapdos|Zapdos|100/100
|move|p2a: Porygon2|Recover|p2a: Porygon2
|-heal|p2a: Porygon2|89/100 brn
|
|-heal|p2a: Porygon2|95/100 brn|[from] item: Leftovers
|-damage|p2a: Porygon2|83/100 brn|[from] brn
|upkeep
|turn|27
|
|t:|1728748309
|move|p1a: Zapdos|Agility|p1a: Zapdos
|-boost|p1a: Zapdos|spe|2
|move|p2a: Porygon2|Ice Beam|p1a: Zapdos
|-supereffective|p1a: Zapdos
|-damage|p1a: Zapdos|51/100
|
|-heal|p1a: Zapdos|58/100|[from] item: Leftovers
|-heal|p2a: Porygon2|89/100 brn|[from] item: Leftovers
|-damage|p2a: Porygon2|77/100 brn|[from] brn
|upkeep
|turn|28
|
|t:|1728748321
|move|p1a: Zapdos|Baton Pass|p1a: Zapdos
|
|t:|1728748323
|switch|p1a: Metagross|Metagross|100/100|[from] Baton Pass
|move|p2a: Porygon2|Toxic|p1a: Metagross
|-immune|p1a: Metagross
|
|-heal|p2a: Porygon2|83/100 brn|[from] item: Leftovers
|-damage|p2a: Porygon2|71/100 brn|[from] brn
|upkeep
|turn|29
|
|t:|1728748332
|switch|p2a: Zapdos|Zapdos|82/100 tox
|move|p1a: Metagross|Meteor Mash|p2a: Zapdos
|-resisted|p2a: Zapdos
|-damage|p2a: Zapdos|51/100 tox
|
|-damage|p2a: Zapdos|45/100 tox|[from] psn
|upkeep
|turn|30
|
|t:|1728748344
|move|p1a: Metagross|Psychic|p2a: Zapdos
|-damage|p2a: Zapdos|3/100 tox
|move|p2a: Zapdos|Roar|p1a: Metagross
|drag|p1a: Slaking|Slaking, F|75/100
|
|-damage|p2a: Zapdos|0 fnt|[from] psn
|faint|p2a: Zapdos
|upkeep
|
|t:|1728748354
|switch|p2a: Metagross|Metagross|100/100
|-damage|p2a: Metagross|84/100|[from] Spikes
|turn|31
|
|t:|1728748360
|move|p2a: Metagross|Protect|p2a: Metagross
|-singleturn|p2a: Metagross|Protect
|move|p1a: Slaking|Yawn|p2a: Metagross
|-activate|p2a: Metagross|Protect
|
|upkeep
|turn|32
|
|t:|1728748376
|switch|p1a: Gengar|Gengar, M|61/100
|switch|p2a: Starmie|Starmie|92/100
|-damage|p2a: Starmie|76/100|[from] Spikes
|
|-heal|p2a: Starmie|82/100|[from] item: Leftovers
|upkeep
|turn|33
|
|t:|1728748383
|move|p2a: Starmie|Hydro Pump|p1a: Gengar
|-damage|p1a: Gengar|0 fnt
|faint|p1a: Gengar
|
|t:|1728748388
|switch|p1a: Zapdos|Zapdos|58/100
|
|-heal|p2a: Starmie|88/100|[from] item: Leftovers
|-heal|p1a: Zapdos|64/100|[from] item: Leftovers
|upkeep
|turn|34
|
|t:|1728748411
|switch|p2a: Porygon2|Porygon2|71/100 brn
|-damage|p2a: Porygon2|54/100 brn|[from] Spikes
|-ability|p2a: Porygon2|Pressure|[from] ability: Trace|[of] p1a: Zapdos
|move|p1a: Zapdos|Thunderbolt|p2a: Porygon2
|-damage|p2a: Porygon2|10/100 brn
|
|-heal|p1a: Zapdos|70/100|[from] item: Leftovers
|-heal|p2a: Porygon2|16/100 brn|[from] item: Leftovers
|-damage|p2a: Porygon2|3/100 brn|[from] brn
|upkeep
|turn|35
|
|t:|1728748424
|move|p1a: Zapdos|Thunderbolt|p2a: Porygon2
|-damage|p2a: Porygon2|0 fnt
|faint|p2a: Porygon2
|
|t:|1728748433
|switch|p2a: Metagross|Metagross|84/100
|-damage|p2a: Metagross|67/100|[from] Spikes
|
|-heal|p1a: Zapdos|76/100|[from] item: Leftovers
|upkeep
|turn|36
|
|t:|1728748441
|move|p1a: Zapdos|Thunderbolt|p2a: Metagross
|-damage|p2a: Metagross|8/100
|move|p2a: Metagross|Meteor Mash|p1a: Zapdos|[miss]
|-miss|p2a: Metagross|p1a: Zapdos
|
|-heal|p1a: Zapdos|82/100|[from] item: Leftovers
|upkeep
|turn|37
|c|☆krungo|mb
|
|t:|1728748448
|move|p1a: Zapdos|Thunderbolt|p2a: Metagross
|-crit|p2a: Metagross
|-damage|p2a: Metagross|0 fnt
|faint|p2a: Metagross
|
|t:|1728748452
|switch|p2a: Salamence|Salamence, M|100/100 par
|-ability|p2a: Salamence|Intimidate|boost
|-unboost|p1a: Zapdos|atk|1
|
|-heal|p1a: Zapdos|89/100|[from] item: Leftovers
|upkeep
|turn|38
|
|t:|1728748458
|move|p1a: Zapdos|Thunderbolt|p2a: Salamence
|-damage|p2a: Salamence|21/100 par
|cant|p2a: Salamence|par
|
|-heal|p1a: Zapdos|95/100|[from] item: Leftovers
|-heal|p2a: Salamence|27/100 par|[from] item: Leftovers
|upkeep
|turn|39
|c|☆elanie|thats so cool actually
|c|☆elanie|LOL
|c|☆elanie|i think i still wouldve lost there
|-message|elanie forfeited.
|
|win|krungo
|c|☆krungo|gg
|c|☆elanie|ggwp
|c|☆elanie|g3?

</script>
<script type="application/json" class="data" id="replaydata-smogtours-gen3ou-797497">
{"id":"smogtours-gen3ou-797497","format":"[Gen 3] OU","players":["krungo","elanie"],"uploadtime":1728748477,"views":85,"formatid":"gen3ou","rating":null,"private":0,"password":null}
</script>

<script defer src="js/replays.js?9d40a366"></script>
