<!DOCTYPE html>
<meta charset="utf-8" />
<meta name="viewport" content="width=device-width" />

<title>[Gen 3] OU: pokology2 vs. 3 blades - Replays - Pok&eacute;mon Showdown!</title>

<meta name="description" content="Watch a replay of a Pok&eacute;mon battle between pokology2 and 3 blades! Format: [Gen 3] OU; Date: Nov 4, 2024" />
<!--

Hey, you! Looking in the source for the replay log?

You can find them in JSON format, just add `.json` at the end of a replay URL.

https://replay.pokemonshowdown.com/gen7randomdoublesbattle-865046831.json

Or, if you only need the log itself, add `.log` instead:

https://replay.pokemonshowdown.com/gen7randomdoublesbattle-865046831.log

-->

<link rel="stylesheet" href="//pokemonshowdown.com/style/global.css?0.023195364461161105" />
<link rel="stylesheet" href="//play.pokemonshowdown.com/style/font-awesome.css?0.13261647063804238" />
<link rel="stylesheet" href="//play.pokemonshowdown.com/style/battle.css?0.8753245789963631" />
<link rel="stylesheet" href="//play.pokemonshowdown.com/style/utilichart.css?0.8627959624976733" />

<!-- Global site tag (gtag.js) - Google Analytics -->
<script async src="https://www.googletagmanager.com/gtag/js?id=UA-26211653-1"></script>
<script>
  window.dataLayer = window.dataLayer || [];
  function gtag(){dataLayer.push(arguments);}
  gtag('js', new Date());

  gtag('config', 'UA-26211653-1');
</script>
<!-- End Google Analytics -->
<!-- Venatus Ad Manager - Install in <HEAD> of page -->
	<script src="https://hb.vntsm.com/v3/live/ad-manager.min.js" type="text/javascript" data-site-id="642aba63ec9a7b11c3c9c1be" data-mode="scan" async></script>
<!-- / Venatus Ad Manager -->

<style>
	@media (max-width:820px) {
		.battle {
			margin: 0 auto;
		}
		.battle-log {
			margin: 7px auto 0;
			max-width: 640px;
			height: 300px;
			position: static;
		}
	}
	.optgroup {
		display: inline-block;
		line-height: 22px;
		font-size: 10pt;
	}
	.optgroup .button {
		height: 25px;
		padding-top: 0;
		padding-bottom: 0;
	}
	.optgroup button.button {
		padding-left: 12px;
		padding-right: 12px;
	}
	.linklist {
		list-style: none;
		margin: 0.5em 0;
		padding: 0;
	}
	.linklist li {
		padding: 2px 0;
	}
	.sidebar {
		float: left;
		width: 320px;
	}
	.bar-wrapper {
		max-width: 1100px;
		margin: 0 auto;
	}
	.bar-wrapper.has-sidebar {
		max-width: 1430px;
	}
	.mainbar {
		margin: 0;
		padding-right: 1px;
	}
	.mainbar.has-sidebar {
		margin-left: 330px;
	}
	@media (min-width: 1511px) {
		.sidebar {
			width: 400px;
		}
		.bar-wrapper.has-sidebar {
			max-width: 1510px;
		}
		.mainbar.has-sidebar {
			margin-left: 410px;
		}
	}
	.section.first-section {
		margin-top: 9px;
	}
	.blocklink small {
		white-space: normal;
	}
	.button {
		vertical-align: middle;
	}
	.replay-controls {
		padding-top: 10px;
	}
	.replay-controls h1 {
		font-size: 16pt;
		font-weight: normal;
		color: #CCC;
	}
	.pagelink {
		text-align: center;
	}
	.pagelink a {
		width: 150px;
	}
	.textbox, .button {
		font-size: 11pt;
		vertical-align: middle;
	}
	@media (max-width: 450px) {
		.button {
			font-size: 9pt;
		}
	}
</style>

<div>

	<header>
		<div class="nav-wrapper"><ul class="nav">
			<li><a class="button nav-first" href="//pokemonshowdown.com/"><img src="//pokemonshowdown.com/images/pokemonshowdownbeta.png" srcset="//pokemonshowdown.com/images/pokemonshowdownbeta.png 1x, //pokemonshowdown.com/images/pokemonshowdownbeta@2x.png 2x" alt="Pok&eacute;mon Showdown" width="146" height="44" /> Home</a></li>
			<li><a class="button" href="//pokemonshowdown.com/dex/">Pok&eacute;dex</a></li>
			<li><a class="button cur" href="/">Replays</a></li>
			<li><a class="button" href="//pokemonshowdown.com/ladder/">Ladder</a></li>
			<li><a class="button nav-last" href="//pokemonshowdown.com/forums/">Forum</a></li>
			<li><a class="button greenbutton nav-first nav-last" href="//play.pokemonshowdown.com/">Play</a></li>
		</ul></div>
	</header>

	<div class="main" id="main">

		<noscript><section class="section">You need to enable JavaScript to use this page; sorry!</section></noscript>

	</div>

</div>

<script defer nomodule src="//play.pokemonshowdown.com/js/lib/ps-polyfill.js"></script>
<script defer src="//play.pokemonshowdown.com/js/lib/preact.min.js"></script>

<script defer src="//play.pokemonshowdown.com/config/config.js?2bddbc15"></script>
<script defer src="//play.pokemonshowdown.com/js/lib/jquery-1.11.0.min.js"></script>
<script defer src="//play.pokemonshowdown.com/js/lib/html-sanitizer-minified.js"></script>
<script defer src="//play.pokemonshowdown.com/js/battle-sound.js"></script>
<script defer src="//play.pokemonshowdown.com/js/battledata.js?0.7209276989879541"></script>
<script defer src="//play.pokemonshowdown.com/data/pokedex-mini.js?0.6111056340867951"></script>
<script defer src="//play.pokemonshowdown.com/data/pokedex-mini-bw.js?0.3532142036491459"></script>
<script defer src="//play.pokemonshowdown.com/data/graphics.js?0.24223875632456182"></script>
<script defer src="//play.pokemonshowdown.com/data/pokedex.js?0.38839984266356864"></script>
<script defer src="//play.pokemonshowdown.com/data/moves.js?0.21866028504024015"></script>
<script defer src="//play.pokemonshowdown.com/data/abilities.js?0.2005157953846628"></script>
<script defer src="//play.pokemonshowdown.com/data/items.js?0.9894211263848525"></script>
<script defer src="//play.pokemonshowdown.com/data/teambuilder-tables.js?0.6008791140282215"></script>
<script defer src="//play.pokemonshowdown.com/js/battle-tooltips.js?0.7580118955022959"></script>
<script defer src="//play.pokemonshowdown.com/js/battle.js?0.6057722274234274"></script>

<script defer src="js/utils.js?e31f9a17"></script>
<script defer src="js/replays-battle.js?7008c182"></script>

<!-- don't scrape this data! just add .json or .log after the URL!
Full API docs: https://github.com/smogon/pokemon-showdown-client/blob/master/WEB-API.md -->
<script type="text/plain" class="log" id="replaylog-smogtours-gen3ou-804767">
|inactive|Battle timer is ON: inactive players will automatically lose when time's up.
|t:|1730747012
|gametype|singles
|player|p1|pokology2|169|
|player|p2|3 blades|guzma|
|teamsize|p1|6
|teamsize|p2|6
|gen|3
|tier|[Gen 3] OU
|rule|Sleep Clause Mod: Limit one foe put to sleep
|rule|Switch Priority Clause Mod: Faster Pokémon switch first
|rule|Species Clause: Limit one of each Pokémon
|rule|OHKO Clause: OHKO moves are banned
|rule|Evasion Items Clause: Evasion items are banned
|rule|Evasion Moves Clause: Evasion moves are banned
|rule|Endless Battle Clause: Forcing endless battles is banned
|rule|HP Percentage Mod: HP is shown in percentages
|rule|One Boost Passer Clause: Limit one Baton Passer that has a way to boost its stats
|rule|Freeze Clause Mod: Limit one foe frozen
|
|t:|1730747012
|start
|switch|p1a: Moltres|Moltres|100/100
|switch|p2a: GOLDEN EXPERIENCE|Zapdos|100/100
|turn|1
|c|☆3 blades|hf
|c|☆pokology2|gl hf :)
|
|t:|1730747033
|switch|p1a: Steelix|Steelix, F|100/100
|move|p2a: GOLDEN EXPERIENCE|Thunderbolt|p1a: Steelix
|-immune|p1a: Steelix
|
|upkeep
|turn|2
|
|t:|1730747040
|switch|p2a: HERMIT PURPLE|Metagross|100/100
|move|p1a: Steelix|Roar|p2a: HERMIT PURPLE
|drag|p2a: GOLDEN EXPERIENCE|Zapdos|100/100
|
|upkeep
|turn|3
|
|t:|1730747050
|switch|p2a: STAR PLATINUM|Swampert, F|100/100
|move|p1a: Steelix|Toxic|p2a: STAR PLATINUM
|-status|p2a: STAR PLATINUM|tox
|
|-damage|p2a: STAR PLATINUM|94/100 tox|[from] psn
|upkeep
|turn|4
|
|t:|1730747062
|move|p1a: Steelix|Protect|p1a: Steelix
|-singleturn|p1a: Steelix|Protect
|move|p2a: STAR PLATINUM|Toxic|p1a: Steelix
|-activate|p1a: Steelix|Protect
|
|-damage|p2a: STAR PLATINUM|82/100 tox|[from] psn
|upkeep
|turn|5
|
|t:|1730747071
|switch|p1a: Milotic|Milotic, M|100/100
|move|p2a: STAR PLATINUM|Hydro Pump|p1a: Milotic
|-resisted|p1a: Milotic
|-damage|p1a: Milotic|83/100
|
|-damage|p2a: STAR PLATINUM|64/100 tox|[from] psn
|-heal|p1a: Milotic|90/100|[from] item: Leftovers
|upkeep
|turn|6
|
|t:|1730747077
|switch|p2a: THE WORLD|Snorlax, F|100/100
|move|p1a: Milotic|Toxic|p2a: THE WORLD
|-immune|p2a: THE WORLD|[from] ability: Immunity
|
|-heal|p1a: Milotic|96/100|[from] item: Leftovers
|upkeep
|turn|7
|
|t:|1730747081
|switch|p1a: Skarmory|Skarmory, F|100/100
|move|p2a: THE WORLD|Curse|p2a: THE WORLD
|-unboost|p2a: THE WORLD|spe|1
|-boost|p2a: THE WORLD|atk|1
|-boost|p2a: THE WORLD|def|1
|
|upkeep
|turn|8
|
|t:|1730747088
|move|p2a: THE WORLD|Double-Edge|p1a: Skarmory
|-resisted|p1a: Skarmory
|-damage|p1a: Skarmory|66/100
|-damage|p2a: THE WORLD|92/100|[from] Recoil|[of] p1a: Skarmory
|move|p1a: Skarmory|Roar|p2a: THE WORLD
|drag|p2a: D4C|Suicune|100/100
|
|-heal|p1a: Skarmory|72/100|[from] item: Leftovers
|upkeep
|turn|9
|
|t:|1730747100
|move|p2a: D4C|Surf|p1a: Skarmory
|-damage|p1a: Skarmory|33/100
|move|p1a: Skarmory|Spikes|p2a: D4C
|-sidestart|p2: 3 blades|Spikes
|
|-heal|p1a: Skarmory|39/100|[from] item: Leftovers
|upkeep
|turn|10
|
|t:|1730747106
|move|p2a: D4C|Calm Mind|p2a: D4C
|-boost|p2a: D4C|spa|1
|-boost|p2a: D4C|spd|1
|move|p1a: Skarmory|Roar|p2a: D4C
|drag|p2a: GOLDEN EXPERIENCE|Zapdos|100/100
|
|-heal|p1a: Skarmory|45/100|[from] item: Leftovers
|upkeep
|turn|11
|
|t:|1730747115
|switch|p2a: THE WORLD|Snorlax, F|92/100
|-damage|p2a: THE WORLD|80/100|[from] Spikes
|move|p1a: Skarmory|Protect||[still]
|-fail|p1a: Skarmory
|
|-heal|p1a: Skarmory|51/100|[from] item: Leftovers
|-heal|p2a: THE WORLD|86/100|[from] item: Leftovers
|upkeep
|turn|12
|
|t:|1730747121
|move|p1a: Skarmory|Spikes|p2a: THE WORLD
|-sidestart|p2: 3 blades|Spikes
|move|p2a: THE WORLD|Curse|p2a: THE WORLD
|-unboost|p2a: THE WORLD|spe|1
|-boost|p2a: THE WORLD|atk|1
|-boost|p2a: THE WORLD|def|1
|
|-heal|p1a: Skarmory|57/100|[from] item: Leftovers
|-heal|p2a: THE WORLD|92/100|[from] item: Leftovers
|upkeep
|turn|13
|
|t:|1730747125
|move|p1a: Skarmory|Protect|p1a: Skarmory
|-singleturn|p1a: Skarmory|Protect
|move|p2a: THE WORLD|Double-Edge|p1a: Skarmory
|-activate|p1a: Skarmory|Protect
|
|-heal|p1a: Skarmory|63/100|[from] item: Leftovers
|-heal|p2a: THE WORLD|99/100|[from] item: Leftovers
|upkeep
|turn|14
|
|t:|1730747130
|move|p2a: THE WORLD|Double-Edge|p1a: Skarmory
|-resisted|p1a: Skarmory
|-damage|p1a: Skarmory|30/100
|-damage|p2a: THE WORLD|91/100|[from] Recoil|[of] p1a: Skarmory
|move|p1a: Skarmory|Roar|p2a: THE WORLD
|drag|p2a: HERMIT PURPLE|Metagross|100/100
|-damage|p2a: HERMIT PURPLE|84/100|[from] Spikes
|
|-heal|p2a: HERMIT PURPLE|90/100|[from] item: Leftovers
|-heal|p1a: Skarmory|36/100|[from] item: Leftovers
|upkeep
|turn|15
|
|t:|1730747139
|move|p2a: HERMIT PURPLE|Meteor Mash|p1a: Skarmory
|-resisted|p1a: Skarmory
|-damage|p1a: Skarmory|19/100
|move|p1a: Skarmory|Spikes|p2a: HERMIT PURPLE
|-sidestart|p2: 3 blades|Spikes
|
|-heal|p2a: HERMIT PURPLE|96/100|[from] item: Leftovers
|-heal|p1a: Skarmory|25/100|[from] item: Leftovers
|upkeep
|turn|16
|
|t:|1730747144
|move|p1a: Skarmory|Protect|p1a: Skarmory
|-singleturn|p1a: Skarmory|Protect
|move|p2a: HERMIT PURPLE|Meteor Mash|p1a: Skarmory
|-activate|p1a: Skarmory|Protect
|
|-heal|p2a: HERMIT PURPLE|100/100|[from] item: Leftovers
|-heal|p1a: Skarmory|31/100|[from] item: Leftovers
|upkeep
|turn|17
|
|t:|1730747149
|switch|p2a: D4C|Suicune|100/100
|-damage|p2a: D4C|76/100|[from] Spikes
|switch|p1a: Steelix|Steelix, F|100/100
|
|-heal|p2a: D4C|82/100|[from] item: Leftovers
|upkeep
|turn|18
|
|t:|1730747157
|switch|p1a: Tyranitar|Tyranitar, F|100/100
|-weather|Sandstorm|[from] ability: Sand Stream|[of] p1a: Tyranitar
|move|p2a: D4C|Surf|p1a: Tyranitar
|-supereffective|p1a: Tyranitar
|-crit|p1a: Tyranitar
|-damage|p1a: Tyranitar|0 fnt
|faint|p1a: Tyranitar
|
|t:|1730747166
|switch|p1a: Milotic|Milotic, M|96/100
|
|-weather|Sandstorm|[upkeep]
|-damage|p2a: D4C|76/100|[from] Sandstorm
|-damage|p1a: Milotic|90/100|[from] Sandstorm
|-heal|p2a: D4C|82/100|[from] item: Leftovers
|-heal|p1a: Milotic|96/100|[from] item: Leftovers
|upkeep
|turn|19
|
|t:|1730747169
|move|p2a: D4C|Calm Mind|p2a: D4C
|-boost|p2a: D4C|spa|1
|-boost|p2a: D4C|spd|1
|move|p1a: Milotic|Toxic|p2a: D4C
|-status|p2a: D4C|tox
|
|-weather|Sandstorm|[upkeep]
|-damage|p2a: D4C|76/100 tox|[from] Sandstorm
|-damage|p1a: Milotic|90/100|[from] Sandstorm
|-heal|p2a: D4C|82/100 tox|[from] item: Leftovers
|-damage|p2a: D4C|76/100 tox|[from] psn
|-heal|p1a: Milotic|96/100|[from] item: Leftovers
|upkeep
|turn|20
|
|t:|1730747179
|switch|p1a: Moltres|Moltres|100/100
|move|p2a: D4C|Calm Mind|p2a: D4C
|-boost|p2a: D4C|spa|1
|-boost|p2a: D4C|spd|1
|
|-weather|Sandstorm|[upkeep]
|-damage|p1a: Moltres|94/100|[from] Sandstorm
|-damage|p2a: D4C|69/100 tox|[from] Sandstorm
|-heal|p1a: Moltres|100/100|[from] item: Leftovers
|-heal|p2a: D4C|76/100 tox|[from] item: Leftovers
|-damage|p2a: D4C|63/100 tox|[from] psn
|upkeep
|turn|21
|
|t:|1730747183
|move|p1a: Moltres|Protect|p1a: Moltres
|-singleturn|p1a: Moltres|Protect
|move|p2a: D4C|Rest|p2a: D4C
|-status|p2a: D4C|slp|[from] move: Rest
|-heal|p2a: D4C|100/100 slp|[silent]
|
|-weather|Sandstorm|[upkeep]
|-damage|p1a: Moltres|94/100|[from] Sandstorm
|-damage|p2a: D4C|94/100 slp|[from] Sandstorm
|-heal|p1a: Moltres|100/100|[from] item: Leftovers
|-heal|p2a: D4C|100/100 slp|[from] item: Leftovers
|upkeep
|turn|22
|
|t:|1730747188
|cant|p2a: D4C|slp
|move|p2a: D4C|Sleep Talk|p2a: D4C
|move|p2a: D4C|Rest|p2a: D4C|[from]Sleep Talk
|move|p1a: Moltres|Roar|p2a: D4C
|drag|p2a: THE WORLD|Snorlax, F|91/100
|-damage|p2a: THE WORLD|66/100|[from] Spikes
|
|-weather|Sandstorm|[upkeep]
|-damage|p1a: Moltres|94/100|[from] Sandstorm
|-damage|p2a: THE WORLD|60/100|[from] Sandstorm
|-heal|p1a: Moltres|100/100|[from] item: Leftovers
|-heal|p2a: THE WORLD|66/100|[from] item: Leftovers
|upkeep
|turn|23
|
|t:|1730747196
|switch|p1a: Steelix|Steelix, F|100/100
|move|p2a: THE WORLD|Curse|p2a: THE WORLD
|-unboost|p2a: THE WORLD|spe|1
|-boost|p2a: THE WORLD|atk|1
|-boost|p2a: THE WORLD|def|1
|
|-weather|Sandstorm|[upkeep]
|-damage|p2a: THE WORLD|60/100|[from] Sandstorm
|-heal|p2a: THE WORLD|66/100|[from] item: Leftovers
|upkeep
|turn|24
|
|t:|1730747201
|move|p2a: THE WORLD|Earthquake|p1a: Steelix
|-supereffective|p1a: Steelix
|-crit|p1a: Steelix
|-damage|p1a: Steelix|3/100
|move|p1a: Steelix|Roar|p2a: THE WORLD
|drag|p2a: GOLDEN EXPERIENCE|Zapdos|100/100
|
|-weather|Sandstorm|[upkeep]
|-damage|p2a: GOLDEN EXPERIENCE|94/100|[from] Sandstorm
|-heal|p2a: GOLDEN EXPERIENCE|100/100|[from] item: Leftovers
|-heal|p1a: Steelix|9/100|[from] item: Leftovers
|upkeep
|turn|25
|
|t:|1730747207
|move|p1a: Steelix|Protect|p1a: Steelix
|-singleturn|p1a: Steelix|Protect
|move|p2a: GOLDEN EXPERIENCE|Rain Dance|p2a: GOLDEN EXPERIENCE
|-weather|RainDance
|
|-weather|RainDance|[upkeep]
|-heal|p1a: Steelix|15/100|[from] item: Leftovers
|upkeep
|turn|26
|
|t:|1730747214
|switch|p1a: Skarmory|Skarmory, F|31/100
|move|p2a: GOLDEN EXPERIENCE|Hidden Power|p1a: Skarmory
|-damage|p1a: Skarmory|9/100
|
|-weather|RainDance|[upkeep]
|-heal|p1a: Skarmory|15/100|[from] item: Leftovers
|upkeep
|turn|27
|
|t:|1730747222
|move|p1a: Skarmory|Protect|p1a: Skarmory
|-singleturn|p1a: Skarmory|Protect
|move|p2a: GOLDEN EXPERIENCE|Thunderbolt|p1a: Skarmory
|-activate|p1a: Skarmory|Protect
|
|-weather|RainDance|[upkeep]
|-heal|p1a: Skarmory|21/100|[from] item: Leftovers
|upkeep
|turn|28
|
|t:|1730747228
|move|p1a: Skarmory|Protect|p1a: Skarmory
|-singleturn|p1a: Skarmory|Protect
|move|p2a: GOLDEN EXPERIENCE|Hidden Power|p1a: Skarmory
|-activate|p1a: Skarmory|Protect
|
|-weather|RainDance|[upkeep]
|-heal|p1a: Skarmory|27/100|[from] item: Leftovers
|upkeep
|turn|29
|
|t:|1730747232
|switch|p1a: Claydol|Claydol|100/100
|move|p2a: GOLDEN EXPERIENCE|Hidden Power|p1a: Claydol
|-supereffective|p1a: Claydol
|-damage|p1a: Claydol|59/100
|
|-weather|none
|-heal|p1a: Claydol|65/100|[from] item: Leftovers
|upkeep
|turn|30
|
|t:|1730747240
|switch|p2a: STAR PLATINUM|Swampert, F|64/100 tox
|-damage|p2a: STAR PLATINUM|39/100 tox|[from] Spikes
|move|p1a: Claydol|Earthquake|p2a: STAR PLATINUM
|-damage|p2a: STAR PLATINUM|1/100 tox
|
|-enditem|p2a: STAR PLATINUM|Salac Berry|[eat]
|-boost|p2a: STAR PLATINUM|spe|1|[from] item: Salac Berry
|-damage|p2a: STAR PLATINUM|0 fnt|[from] psn
|faint|p2a: STAR PLATINUM
|-heal|p1a: Claydol|71/100|[from] item: Leftovers
|upkeep
|
|t:|1730747247
|switch|p2a: MILAGROMAN|Heracross, M|100/100
|-damage|p2a: MILAGROMAN|75/100|[from] Spikes
|turn|31
|
|t:|1730747252
|switch|p1a: Skarmory|Skarmory, F|27/100
|move|p2a: MILAGROMAN|Substitute|p2a: MILAGROMAN
|-start|p2a: MILAGROMAN|Substitute
|-damage|p2a: MILAGROMAN|50/100
|
|-heal|p1a: Skarmory|33/100|[from] item: Leftovers
|upkeep
|turn|32
|
|t:|1730747257
|-singleturn|p2a: MILAGROMAN|move: Focus Punch
|move|p2a: MILAGROMAN|Focus Punch|p1a: Skarmory
|-damage|p1a: Skarmory|0 fnt
|faint|p1a: Skarmory
|
|t:|1730747269
|switch|p1a: Milotic|Milotic, M|96/100
|
|-heal|p1a: Milotic|100/100|[from] item: Leftovers
|upkeep
|turn|33
|
|t:|1730747291
|-singleturn|p2a: MILAGROMAN|move: Focus Punch
|move|p1a: Milotic|Surf|p2a: MILAGROMAN
|-end|p2a: MILAGROMAN|Substitute
|move|p2a: MILAGROMAN|Focus Punch|p1a: Milotic
|-crit|p1a: Milotic
|-damage|p1a: Milotic|0 fnt
|faint|p1a: Milotic
|c|☆pokology2|oof, the crits hit hard this game
|
|t:|1730747316
|switch|p1a: Moltres|Moltres|100/100
|
|upkeep
|turn|34
|c|☆3 blades|yes but i rather not crit this guy
|c|☆3 blades|cuz i won if i didnt
|inactive|pokology2 has 270 seconds left.
|
|t:|1730747350
|switch|p2a: GOLDEN EXPERIENCE|Zapdos|100/100
|move|p1a: Moltres|Flamethrower|p2a: GOLDEN EXPERIENCE
|-damage|p2a: GOLDEN EXPERIENCE|43/100
|
|-heal|p2a: GOLDEN EXPERIENCE|50/100|[from] item: Leftovers
|upkeep
|turn|35
|
|t:|1730747364
|switch|p1a: Claydol|Claydol|71/100
|move|p2a: GOLDEN EXPERIENCE|Thunderbolt|p1a: Claydol
|-immune|p1a: Claydol
|
|-heal|p2a: GOLDEN EXPERIENCE|56/100|[from] item: Leftovers
|-heal|p1a: Claydol|77/100|[from] item: Leftovers
|upkeep
|turn|36
|
|t:|1730747369
|move|p2a: GOLDEN EXPERIENCE|Hidden Power|p1a: Claydol
|-supereffective|p1a: Claydol
|-crit|p1a: Claydol
|-damage|p1a: Claydol|0 fnt
|faint|p1a: Claydol
|c|☆3 blades|ok sorry
|c|☆pokology2|my man
|c|☆3 blades|in my defense hera won
|inactive|pokology2 has 240 seconds left.
|inactive|pokology2 has 210 seconds left.
|c|☆pokology2|yeah the crit on tar was the worst one haha :)
|c|☆3 blades|for sure
|
|t:|1730747437
|switch|p1a: Moltres|Moltres|100/100
|
|-heal|p2a: GOLDEN EXPERIENCE|62/100|[from] item: Leftovers
|upkeep
|turn|37
|
|t:|1730747446
|switch|p1a: Steelix|Steelix, F|15/100
|move|p2a: GOLDEN EXPERIENCE|Hidden Power|p1a: Steelix
|-damage|p1a: Steelix|0 fnt
|faint|p1a: Steelix
|
|t:|1730747451
|switch|p1a: Moltres|Moltres|100/100
|
|-heal|p2a: GOLDEN EXPERIENCE|68/100|[from] item: Leftovers
|upkeep
|turn|38
|
|t:|1730747455
|move|p2a: GOLDEN EXPERIENCE|Thunderbolt|p1a: Moltres
|-supereffective|p1a: Moltres
|-damage|p1a: Moltres|0 fnt
|faint|p1a: Moltres
|
|win|3 blades
|c|☆3 blades|gg

</script>
<script type="application/json" class="data" id="replaydata-smogtours-gen3ou-804767">
{"id":"smogtours-gen3ou-804767","format":"[Gen 3] OU","players":["pokology2","3 blades"],"uploadtime":1730747455,"views":110,"formatid":"gen3ou","rating":null,"private":0,"password":null}
</script>

<script defer src="js/replays.js?9d40a366"></script>
