<!DOCTYPE html>
<meta charset="utf-8" />
<meta name="viewport" content="width=device-width" />

<title>[Gen 3] OU: naisuneicha vs. 1998 mercedes-benz - Replays - Pok&eacute;mon Showdown!</title>

<meta name="description" content="Watch a replay of a Pok&eacute;mon battle between naisuneicha and 1998 mercedes-benz! Format: [Gen 3] OU; Date: Oct 18, 2024" />
<!--

Hey, you! Looking in the source for the replay log?

You can find them in JSON format, just add `.json` at the end of a replay URL.

https://replay.pokemonshowdown.com/gen7randomdoublesbattle-865046831.json

Or, if you only need the log itself, add `.log` instead:

https://replay.pokemonshowdown.com/gen7randomdoublesbattle-865046831.log

-->

<link rel="stylesheet" href="//pokemonshowdown.com/style/global.css?0.023195364461161105" />
<link rel="stylesheet" href="//play.pokemonshowdown.com/style/font-awesome.css?0.13261647063804238" />
<link rel="stylesheet" href="//play.pokemonshowdown.com/style/battle.css?0.8753245789963631" />
<link rel="stylesheet" href="//play.pokemonshowdown.com/style/utilichart.css?0.8627959624976733" />

<!-- Global site tag (gtag.js) - Google Analytics -->
<script async src="https://www.googletagmanager.com/gtag/js?id=UA-26211653-1"></script>
<script>
  window.dataLayer = window.dataLayer || [];
  function gtag(){dataLayer.push(arguments);}
  gtag('js', new Date());

  gtag('config', 'UA-26211653-1');
</script>
<!-- End Google Analytics -->
<!-- Venatus Ad Manager - Install in <HEAD> of page -->
	<script src="https://hb.vntsm.com/v3/live/ad-manager.min.js" type="text/javascript" data-site-id="642aba63ec9a7b11c3c9c1be" data-mode="scan" async></script>
<!-- / Venatus Ad Manager -->

<style>
	@media (max-width:820px) {
		.battle {
			margin: 0 auto;
		}
		.battle-log {
			margin: 7px auto 0;
			max-width: 640px;
			height: 300px;
			position: static;
		}
	}
	.optgroup {
		display: inline-block;
		line-height: 22px;
		font-size: 10pt;
	}
	.optgroup .button {
		height: 25px;
		padding-top: 0;
		padding-bottom: 0;
	}
	.optgroup button.button {
		padding-left: 12px;
		padding-right: 12px;
	}
	.linklist {
		list-style: none;
		margin: 0.5em 0;
		padding: 0;
	}
	.linklist li {
		padding: 2px 0;
	}
	.sidebar {
		float: left;
		width: 320px;
	}
	.bar-wrapper {
		max-width: 1100px;
		margin: 0 auto;
	}
	.bar-wrapper.has-sidebar {
		max-width: 1430px;
	}
	.mainbar {
		margin: 0;
		padding-right: 1px;
	}
	.mainbar.has-sidebar {
		margin-left: 330px;
	}
	@media (min-width: 1511px) {
		.sidebar {
			width: 400px;
		}
		.bar-wrapper.has-sidebar {
			max-width: 1510px;
		}
		.mainbar.has-sidebar {
			margin-left: 410px;
		}
	}
	.section.first-section {
		margin-top: 9px;
	}
	.blocklink small {
		white-space: normal;
	}
	.button {
		vertical-align: middle;
	}
	.replay-controls {
		padding-top: 10px;
	}
	.replay-controls h1 {
		font-size: 16pt;
		font-weight: normal;
		color: #CCC;
	}
	.pagelink {
		text-align: center;
	}
	.pagelink a {
		width: 150px;
	}
	.textbox, .button {
		font-size: 11pt;
		vertical-align: middle;
	}
	@media (max-width: 450px) {
		.button {
			font-size: 9pt;
		}
	}
</style>

<div>

	<header>
		<div class="nav-wrapper"><ul class="nav">
			<li><a class="button nav-first" href="//pokemonshowdown.com/"><img src="//pokemonshowdown.com/images/pokemonshowdownbeta.png" srcset="//pokemonshowdown.com/images/pokemonshowdownbeta.png 1x, //pokemonshowdown.com/images/pokemonshowdownbeta@2x.png 2x" alt="Pok&eacute;mon Showdown" width="146" height="44" /> Home</a></li>
			<li><a class="button" href="//pokemonshowdown.com/dex/">Pok&eacute;dex</a></li>
			<li><a class="button cur" href="/">Replays</a></li>
			<li><a class="button" href="//pokemonshowdown.com/ladder/">Ladder</a></li>
			<li><a class="button nav-last" href="//pokemonshowdown.com/forums/">Forum</a></li>
			<li><a class="button greenbutton nav-first nav-last" href="//play.pokemonshowdown.com/">Play</a></li>
		</ul></div>
	</header>

	<div class="main" id="main">

		<noscript><section class="section">You need to enable JavaScript to use this page; sorry!</section></noscript>

	</div>

</div>

<script defer nomodule src="//play.pokemonshowdown.com/js/lib/ps-polyfill.js"></script>
<script defer src="//play.pokemonshowdown.com/js/lib/preact.min.js"></script>

<script defer src="//play.pokemonshowdown.com/config/config.js?2bddbc15"></script>
<script defer src="//play.pokemonshowdown.com/js/lib/jquery-1.11.0.min.js"></script>
<script defer src="//play.pokemonshowdown.com/js/lib/html-sanitizer-minified.js"></script>
<script defer src="//play.pokemonshowdown.com/js/battle-sound.js"></script>
<script defer src="//play.pokemonshowdown.com/js/battledata.js?0.7209276989879541"></script>
<script defer src="//play.pokemonshowdown.com/data/pokedex-mini.js?0.6111056340867951"></script>
<script defer src="//play.pokemonshowdown.com/data/pokedex-mini-bw.js?0.3532142036491459"></script>
<script defer src="//play.pokemonshowdown.com/data/graphics.js?0.24223875632456182"></script>
<script defer src="//play.pokemonshowdown.com/data/pokedex.js?0.38839984266356864"></script>
<script defer src="//play.pokemonshowdown.com/data/moves.js?0.21866028504024015"></script>
<script defer src="//play.pokemonshowdown.com/data/abilities.js?0.2005157953846628"></script>
<script defer src="//play.pokemonshowdown.com/data/items.js?0.9894211263848525"></script>
<script defer src="//play.pokemonshowdown.com/data/teambuilder-tables.js?0.6008791140282215"></script>
<script defer src="//play.pokemonshowdown.com/js/battle-tooltips.js?0.7580118955022959"></script>
<script defer src="//play.pokemonshowdown.com/js/battle.js?0.6057722274234274"></script>

<script defer src="js/utils.js?e31f9a17"></script>
<script defer src="js/replays-battle.js?7008c182"></script>

<!-- don't scrape this data! just add .json or .log after the URL!
Full API docs: https://github.com/smogon/pokemon-showdown-client/blob/master/WEB-API.md -->
<script type="text/plain" class="log" id="replaylog-smogtours-gen3ou-799509">
|inactive|Battle timer is ON: inactive players will automatically lose when time's up.
|t:|1729261601
|gametype|singles
|player|p1|naisuneicha|karen|
|player|p2|1998 mercedes-benz|169|
|teamsize|p1|6
|teamsize|p2|6
|gen|3
|tier|[Gen 3] OU
|rule|Sleep Clause Mod: Limit one foe put to sleep
|rule|Switch Priority Clause Mod: Faster Pokémon switch first
|rule|Species Clause: Limit one of each Pokémon
|rule|OHKO Clause: OHKO moves are banned
|rule|Evasion Items Clause: Evasion items are banned
|rule|Evasion Moves Clause: Evasion moves are banned
|rule|Endless Battle Clause: Forcing endless battles is banned
|rule|HP Percentage Mod: HP is shown in percentages
|rule|One Boost Passer Clause: Limit one Baton Passer that has a way to boost its stats
|rule|Freeze Clause Mod: Limit one foe frozen
|
|t:|1729261601
|start
|switch|p1a: Medicham|Medicham, F|100/100
|switch|p2a: Smithereens|Salamence, M|100/100
|-ability|p2a: Smithereens|Intimidate|boost
|-unboost|p1a: Medicham|atk|1
|turn|1
|c|☆1998 mercedes-benz|Glhf
|c|☆naisuneicha|glhf
|
|t:|1729261629
|switch|p1a: Skarmory|Skarmory, M|100/100
|move|p2a: Smithereens|Fire Blast|p1a: Skarmory|[miss]
|-miss|p2a: Smithereens|p1a: Skarmory
|
|upkeep
|turn|2
|
|t:|1729261643
|switch|p1a: Starmie|Starmie|100/100
|move|p2a: Smithereens|Fire Blast|p1a: Starmie
|-resisted|p1a: Starmie
|-crit|p1a: Starmie
|-damage|p1a: Starmie|58/100
|-status|p1a: Starmie|brn
|
|-heal|p1a: Starmie|64/100 brn|[from] item: Leftovers
|-damage|p1a: Starmie|51/100 brn|[from] brn
|upkeep
|turn|3
|
|t:|1729261651
|switch|p2a: Tyranitar|Tyranitar, F|100/100
|-weather|Sandstorm|[from] ability: Sand Stream|[of] p2a: Tyranitar
|move|p1a: Starmie|Recover|p1a: Starmie
|-heal|p1a: Starmie|100/100 brn
|
|-weather|Sandstorm|[upkeep]
|-damage|p1a: Starmie|94/100 brn|[from] Sandstorm
|-heal|p1a: Starmie|100/100 brn|[from] item: Leftovers
|-damage|p1a: Starmie|88/100 brn|[from] brn
|upkeep
|turn|4
|
|t:|1729261663
|-curestatus|p1a: Starmie|brn|[from] ability: Natural Cure
|switch|p1a: Medicham|Medicham, F|100/100
|move|p2a: Tyranitar|Crunch|p1a: Medicham
|-damage|p1a: Medicham|46/100
|-unboost|p1a: Medicham|spd|1
|
|-weather|Sandstorm|[upkeep]
|-damage|p1a: Medicham|40/100|[from] Sandstorm
|upkeep
|turn|5
|
|t:|1729261670
|switch|p2a: Skarmory|Skarmory, M|100/100
|move|p1a: Medicham|Brick Break|p2a: Skarmory
|-damage|p2a: Skarmory|40/100
|
|-weather|Sandstorm|[upkeep]
|-damage|p1a: Medicham|34/100|[from] Sandstorm
|-heal|p2a: Skarmory|46/100|[from] item: Leftovers
|upkeep
|turn|6
|
|t:|1729261678
|switch|p2a: Smithereens|Salamence, M|100/100
|-ability|p2a: Smithereens|Intimidate|boost
|-unboost|p1a: Medicham|atk|1
|move|p1a: Medicham|Brick Break|p2a: Smithereens
|-resisted|p2a: Smithereens
|-damage|p2a: Smithereens|66/100
|
|-weather|Sandstorm|[upkeep]
|-damage|p2a: Smithereens|60/100|[from] Sandstorm
|-damage|p1a: Medicham|28/100|[from] Sandstorm
|-heal|p2a: Smithereens|66/100|[from] item: Leftovers
|upkeep
|turn|7
|
|t:|1729261689
|switch|p1a: Starmie|Starmie|88/100
|move|p2a: Smithereens|Hidden Power|p1a: Starmie
|-supereffective|p1a: Starmie
|-damage|p1a: Starmie|39/100
|
|-weather|Sandstorm|[upkeep]
|-damage|p2a: Smithereens|60/100|[from] Sandstorm
|-damage|p1a: Starmie|33/100|[from] Sandstorm
|-heal|p2a: Smithereens|66/100|[from] item: Leftovers
|-heal|p1a: Starmie|39/100|[from] item: Leftovers
|upkeep
|turn|8
|
|t:|1729261700
|switch|p2a: Blissey|Blissey, F|100/100
|move|p1a: Starmie|Recover|p1a: Starmie
|-heal|p1a: Starmie|89/100
|
|-weather|Sandstorm|[upkeep]
|-damage|p1a: Starmie|83/100|[from] Sandstorm
|-damage|p2a: Blissey|94/100|[from] Sandstorm
|-heal|p1a: Starmie|89/100|[from] item: Leftovers
|-heal|p2a: Blissey|100/100|[from] item: Leftovers
|upkeep
|turn|9
|
|t:|1729261707
|switch|p1a: Celebi|Celebi|100/100
|move|p2a: Blissey|Thunderbolt|p1a: Celebi
|-resisted|p1a: Celebi
|-damage|p1a: Celebi|90/100
|
|-weather|Sandstorm|[upkeep]
|-damage|p1a: Celebi|84/100|[from] Sandstorm
|-damage|p2a: Blissey|94/100|[from] Sandstorm
|-heal|p1a: Celebi|90/100|[from] item: Leftovers
|-heal|p2a: Blissey|100/100|[from] item: Leftovers
|upkeep
|turn|10
|
|t:|1729261711
|switch|p2a: Skarmory|Skarmory, M|46/100
|move|p1a: Celebi|Leech Seed|p2a: Skarmory
|-start|p2a: Skarmory|move: Leech Seed
|
|-weather|Sandstorm|[upkeep]
|-damage|p1a: Celebi|84/100|[from] Sandstorm
|-heal|p1a: Celebi|90/100|[from] item: Leftovers
|-heal|p2a: Skarmory|52/100|[from] item: Leftovers
|-damage|p2a: Skarmory|40/100|[from] Leech Seed|[of] p1a: Celebi
|-heal|p1a: Celebi|100/100|[silent]
|upkeep
|turn|11
|
|t:|1729261720
|switch|p2a: Tyranitar|Tyranitar, F|100/100
|move|p1a: Celebi|Baton Pass|p1a: Celebi
|
|t:|1729261723
|switch|p1a: Medicham|Medicham, F|28/100|[from] Baton Pass
|
|-weather|Sandstorm|[upkeep]
|-damage|p1a: Medicham|22/100|[from] Sandstorm
|upkeep
|turn|12
|
|t:|1729261734
|switch|p2a: Smithereens|Salamence, M|66/100
|-ability|p2a: Smithereens|Intimidate|boost
|-unboost|p1a: Medicham|atk|1
|move|p1a: Medicham|Brick Break|p2a: Smithereens
|-resisted|p2a: Smithereens
|-damage|p2a: Smithereens|32/100
|
|-weather|Sandstorm|[upkeep]
|-damage|p2a: Smithereens|26/100|[from] Sandstorm
|-damage|p1a: Medicham|16/100|[from] Sandstorm
|-heal|p2a: Smithereens|32/100|[from] item: Leftovers
|upkeep
|turn|13
|
|t:|1729261751
|switch|p1a: Houndoom|Houndoom, M|100/100
|move|p2a: Smithereens|Hidden Power|p1a: Houndoom
|-resisted|p1a: Houndoom
|-damage|p1a: Houndoom|87/100
|
|-weather|Sandstorm|[upkeep]
|-damage|p2a: Smithereens|26/100|[from] Sandstorm
|-damage|p1a: Houndoom|80/100|[from] Sandstorm
|-heal|p2a: Smithereens|32/100|[from] item: Leftovers
|-heal|p1a: Houndoom|87/100|[from] item: Leftovers
|upkeep
|turn|14
|inactive|naisuneicha has 270 seconds left.
|
|t:|1729261779
|switch|p2a: Blissey|Blissey, F|100/100
|switch|p1a: Starmie|Starmie|89/100
|
|-weather|Sandstorm|[upkeep]
|-damage|p1a: Starmie|83/100|[from] Sandstorm
|-damage|p2a: Blissey|94/100|[from] Sandstorm
|-heal|p1a: Starmie|89/100|[from] item: Leftovers
|-heal|p2a: Blissey|100/100|[from] item: Leftovers
|upkeep
|turn|15
|
|t:|1729261785
|switch|p1a: Celebi|Celebi|100/100
|move|p2a: Blissey|Toxic|p1a: Celebi
|-status|p1a: Celebi|tox
|
|-weather|Sandstorm|[upkeep]
|-damage|p1a: Celebi|94/100 tox|[from] Sandstorm
|-damage|p2a: Blissey|94/100|[from] Sandstorm
|-heal|p1a: Celebi|100/100 tox|[from] item: Leftovers
|-damage|p1a: Celebi|94/100 tox|[from] psn
|-heal|p2a: Blissey|100/100|[from] item: Leftovers
|upkeep
|turn|16
|
|t:|1729261789
|switch|p2a: Ludicolo|Ludicolo, M|100/100
|move|p1a: Celebi|Leech Seed|p2a: Ludicolo
|-immune|p2a: Ludicolo
|
|-weather|Sandstorm|[upkeep]
|-damage|p1a: Celebi|88/100 tox|[from] Sandstorm
|-damage|p2a: Ludicolo|94/100|[from] Sandstorm
|-heal|p1a: Celebi|94/100 tox|[from] item: Leftovers
|-damage|p1a: Celebi|82/100 tox|[from] psn
|-heal|p2a: Ludicolo|100/100|[from] item: Leftovers
|upkeep
|turn|17
|
|t:|1729261803
|move|p1a: Celebi|Baton Pass|p1a: Celebi
|
|t:|1729261805
|-curestatus|p1a: Celebi|tox|[from] ability: Natural Cure
|switch|p1a: Skarmory|Skarmory, M|100/100|[from] Baton Pass
|move|p2a: Ludicolo|Leech Seed|p1a: Skarmory
|-start|p1a: Skarmory|move: Leech Seed
|
|-weather|Sandstorm|[upkeep]
|-damage|p2a: Ludicolo|94/100|[from] Sandstorm
|-heal|p2a: Ludicolo|100/100|[from] item: Leftovers
|-damage|p1a: Skarmory|88/100|[from] Leech Seed|[of] p2a: Ludicolo
|upkeep
|turn|18
|
|t:|1729261811
|move|p2a: Ludicolo|Hydro Pump|p1a: Skarmory
|-damage|p1a: Skarmory|36/100
|move|p1a: Skarmory|Spikes|p2a: Ludicolo
|-sidestart|p2: 1998 mercedes-benz|Spikes
|
|-weather|Sandstorm|[upkeep]
|-damage|p2a: Ludicolo|94/100|[from] Sandstorm
|-heal|p2a: Ludicolo|100/100|[from] item: Leftovers
|-heal|p1a: Skarmory|42/100|[from] item: Leftovers
|-damage|p1a: Skarmory|29/100|[from] Leech Seed|[of] p2a: Ludicolo
|upkeep
|turn|19
|
|t:|1729261816
|switch|p1a: Celebi|Celebi|82/100
|move|p2a: Ludicolo|Rain Dance|p2a: Ludicolo
|-weather|RainDance
|
|-weather|RainDance|[upkeep]
|-heal|p1a: Celebi|88/100|[from] item: Leftovers
|upkeep
|turn|20
|
|t:|1729261825
|move|p2a: Ludicolo|Ice Beam|p1a: Celebi
|-supereffective|p1a: Celebi
|-damage|p1a: Celebi|39/100
|move|p1a: Celebi|Baton Pass|p1a: Celebi
|
|t:|1729261838
|switch|p1a: Starmie|Starmie|89/100|[from] Baton Pass
|
|-weather|RainDance|[upkeep]
|-heal|p1a: Starmie|96/100|[from] item: Leftovers
|upkeep
|turn|21
|
|t:|1729261851
|switch|p2a: Blissey|Blissey, F|100/100
|-damage|p2a: Blissey|88/100|[from] Spikes
|move|p1a: Starmie|Thunder Wave|p2a: Blissey
|-status|p2a: Blissey|par
|
|-weather|RainDance|[upkeep]
|-heal|p1a: Starmie|100/100|[from] item: Leftovers
|-heal|p2a: Blissey|94/100 par|[from] item: Leftovers
|upkeep
|turn|22
|
|t:|1729261865
|switch|p1a: Celebi|Celebi|39/100
|cant|p2a: Blissey|par
|
|-weather|RainDance|[upkeep]
|-heal|p1a: Celebi|45/100|[from] item: Leftovers
|-heal|p2a: Blissey|99/100 par|[from] item: Leftovers
|upkeep
|turn|23
|
|t:|1729261871
|-curestatus|p2a: Blissey|par|[from] ability: Natural Cure
|switch|p2a: Tyranitar|Tyranitar, F|100/100
|-damage|p2a: Tyranitar|88/100|[from] Spikes
|-weather|Sandstorm|[from] ability: Sand Stream|[of] p2a: Tyranitar
|move|p1a: Celebi|Recover|p1a: Celebi
|-heal|p1a: Celebi|95/100
|
|-weather|Sandstorm|[upkeep]
|-damage|p1a: Celebi|89/100|[from] Sandstorm
|-heal|p1a: Celebi|95/100|[from] item: Leftovers
|-heal|p2a: Tyranitar|94/100|[from] item: Leftovers
|upkeep
|turn|24
|inactive|naisuneicha has 270 seconds left.
|
|t:|1729261913
|move|p1a: Celebi|Leech Seed|p2a: Tyranitar
|-start|p2a: Tyranitar|move: Leech Seed
|move|p2a: Tyranitar|Crunch|p1a: Celebi
|-supereffective|p1a: Celebi
|-damage|p1a: Celebi|39/100
|
|-weather|Sandstorm|[upkeep]
|-damage|p1a: Celebi|33/100|[from] Sandstorm
|-heal|p1a: Celebi|39/100|[from] item: Leftovers
|-heal|p2a: Tyranitar|100/100|[from] item: Leftovers
|-damage|p2a: Tyranitar|88/100|[from] Leech Seed|[of] p1a: Celebi
|-heal|p1a: Celebi|51/100|[silent]
|upkeep
|turn|25
|
|t:|1729261917
|move|p1a: Celebi|Recover|p1a: Celebi
|-heal|p1a: Celebi|100/100
|move|p2a: Tyranitar|Crunch|p1a: Celebi
|-supereffective|p1a: Celebi
|-damage|p1a: Celebi|45/100
|
|-weather|Sandstorm|[upkeep]
|-damage|p1a: Celebi|38/100|[from] Sandstorm
|-heal|p1a: Celebi|45/100|[from] item: Leftovers
|-heal|p2a: Tyranitar|94/100|[from] item: Leftovers
|-damage|p2a: Tyranitar|82/100|[from] Leech Seed|[of] p1a: Celebi
|-heal|p1a: Celebi|56/100|[silent]
|upkeep
|turn|26
|
|t:|1729261923
|move|p1a: Celebi|Recover|p1a: Celebi
|-heal|p1a: Celebi|100/100
|move|p2a: Tyranitar|Fire Blast|p1a: Celebi|[miss]
|-miss|p2a: Tyranitar|p1a: Celebi
|
|-weather|Sandstorm|[upkeep]
|-damage|p1a: Celebi|94/100|[from] Sandstorm
|-heal|p1a: Celebi|100/100|[from] item: Leftovers
|-heal|p2a: Tyranitar|88/100|[from] item: Leftovers
|-damage|p2a: Tyranitar|76/100|[from] Leech Seed|[of] p1a: Celebi
|upkeep
|turn|27
|
|t:|1729261932
|switch|p2a: Ludicolo|Ludicolo, M|100/100
|-damage|p2a: Ludicolo|88/100|[from] Spikes
|move|p1a: Celebi|Baton Pass|p1a: Celebi
|inactive|naisuneicha has 270 seconds left.
|
|t:|1729261962
|switch|p1a: Medicham|Medicham, F|16/100|[from] Baton Pass
|
|-weather|Sandstorm|[upkeep]
|-damage|p1a: Medicham|10/100|[from] Sandstorm
|-damage|p2a: Ludicolo|82/100|[from] Sandstorm
|-heal|p2a: Ludicolo|88/100|[from] item: Leftovers
|upkeep
|turn|28
|
|t:|1729261970
|switch|p2a: Smithereens|Salamence, M|32/100
|-ability|p2a: Smithereens|Intimidate|boost
|-unboost|p1a: Medicham|atk|1
|move|p1a: Medicham|Brick Break|p2a: Smithereens
|-resisted|p2a: Smithereens
|-damage|p2a: Smithereens|0 fnt
|faint|p2a: Smithereens
|
|t:|1729261975
|switch|p2a: Skarmory|Skarmory, M|40/100
|
|-weather|Sandstorm|[upkeep]
|-damage|p1a: Medicham|4/100|[from] Sandstorm
|-heal|p2a: Skarmory|46/100|[from] item: Leftovers
|upkeep
|turn|29
|
|t:|1729261984
|switch|p1a: Starmie|Starmie|100/100
|move|p2a: Skarmory|Spikes|p1a: Starmie
|-sidestart|p1: naisuneicha|Spikes
|
|-weather|Sandstorm|[upkeep]
|-damage|p1a: Starmie|94/100|[from] Sandstorm
|-heal|p1a: Starmie|100/100|[from] item: Leftovers
|-heal|p2a: Skarmory|52/100|[from] item: Leftovers
|upkeep
|turn|30
|
|t:|1729261987
|move|p1a: Starmie|Rapid Spin|p2a: Skarmory
|-resisted|p2a: Skarmory
|-damage|p2a: Skarmory|51/100
|-sideend|p1: naisuneicha|Spikes|[from] move: Rapid Spin|[of] p1a: Starmie
|move|p2a: Skarmory|Toxic|p1a: Starmie
|-status|p1a: Starmie|tox
|
|-weather|Sandstorm|[upkeep]
|-damage|p1a: Starmie|94/100 tox|[from] Sandstorm
|-heal|p1a: Starmie|100/100 tox|[from] item: Leftovers
|-damage|p1a: Starmie|94/100 tox|[from] psn
|-heal|p2a: Skarmory|57/100|[from] item: Leftovers
|upkeep
|turn|31
|
|t:|1729261994
|move|p1a: Starmie|Thunder Wave|p2a: Skarmory
|-status|p2a: Skarmory|par
|cant|p2a: Skarmory|par
|
|-weather|Sandstorm|[upkeep]
|-damage|p1a: Starmie|88/100 tox|[from] Sandstorm
|-heal|p1a: Starmie|94/100 tox|[from] item: Leftovers
|-damage|p1a: Starmie|82/100 tox|[from] psn
|-heal|p2a: Skarmory|63/100 par|[from] item: Leftovers
|upkeep
|turn|32
|
|t:|1729261999
|-curestatus|p1a: Starmie|tox|[from] ability: Natural Cure
|switch|p1a: Celebi|Celebi|100/100
|move|p2a: Skarmory|Spikes|p1a: Celebi
|-sidestart|p1: naisuneicha|Spikes
|
|-weather|Sandstorm|[upkeep]
|-damage|p1a: Celebi|94/100|[from] Sandstorm
|-heal|p1a: Celebi|100/100|[from] item: Leftovers
|-heal|p2a: Skarmory|69/100 par|[from] item: Leftovers
|upkeep
|turn|33
|
|t:|1729262008
|move|p1a: Celebi|Leech Seed|p2a: Skarmory
|-start|p2a: Skarmory|move: Leech Seed
|cant|p2a: Skarmory|par
|
|-weather|Sandstorm|[upkeep]
|-damage|p1a: Celebi|94/100|[from] Sandstorm
|-heal|p1a: Celebi|100/100|[from] item: Leftovers
|-heal|p2a: Skarmory|75/100 par|[from] item: Leftovers
|-damage|p2a: Skarmory|62/100 par|[from] Leech Seed|[of] p1a: Celebi
|upkeep
|turn|34
|
|t:|1729262013
|move|p1a: Celebi|Baton Pass|p1a: Celebi
|
|t:|1729262014
|switch|p1a: Starmie|Starmie|82/100|[from] Baton Pass
|-damage|p1a: Starmie|70/100|[from] Spikes
|move|p2a: Skarmory|Roar|p1a: Starmie
|drag|p1a: Skarmory|Skarmory, M|29/100
|
|-weather|Sandstorm|[upkeep]
|-heal|p1a: Skarmory|35/100|[from] item: Leftovers
|-heal|p2a: Skarmory|68/100 par|[from] item: Leftovers
|-damage|p2a: Skarmory|56/100 par|[from] Leech Seed|[of] p1a: Skarmory
|-heal|p1a: Skarmory|48/100|[silent]
|upkeep
|turn|35
|
|t:|1729262034
|switch|p2a: Tyranitar|Tyranitar, F|76/100
|-damage|p2a: Tyranitar|63/100|[from] Spikes
|move|p1a: Skarmory|Roar|p2a: Tyranitar
|drag|p2a: Swampert|Swampert, F|100/100
|-damage|p2a: Swampert|88/100|[from] Spikes
|
|-weather|Sandstorm|[upkeep]
|-heal|p1a: Skarmory|53/100|[from] item: Leftovers
|-heal|p2a: Swampert|94/100|[from] item: Leftovers
|upkeep
|turn|36
|
|t:|1729262046
|switch|p2a: Tyranitar|Tyranitar, F|63/100
|-damage|p2a: Tyranitar|51/100|[from] Spikes
|move|p1a: Skarmory|Toxic|p2a: Tyranitar
|-status|p2a: Tyranitar|tox
|
|-weather|Sandstorm|[upkeep]
|-heal|p2a: Tyranitar|57/100 tox|[from] item: Leftovers
|-damage|p2a: Tyranitar|51/100 tox|[from] psn
|-heal|p1a: Skarmory|59/100|[from] item: Leftovers
|upkeep
|turn|37
|
|t:|1729262049
|move|p1a: Skarmory|Protect|p1a: Skarmory
|-singleturn|p1a: Skarmory|Protect
|move|p2a: Tyranitar|Fire Blast|p1a: Skarmory
|-activate|p1a: Skarmory|Protect
|
|-weather|Sandstorm|[upkeep]
|-heal|p2a: Tyranitar|57/100 tox|[from] item: Leftovers
|-damage|p2a: Tyranitar|45/100 tox|[from] psn
|-heal|p1a: Skarmory|65/100|[from] item: Leftovers
|upkeep
|turn|38
|
|t:|1729262076
|switch|p1a: Medicham|Medicham, F|4/100
|-damage|p1a: Medicham|0 fnt|[from] Spikes
|faint|p1a: Medicham
|
|t:|1729262078
|switch|p1a: Starmie|Starmie|70/100
|-damage|p1a: Starmie|57/100|[from] Spikes
|
|-weather|Sandstorm|[upkeep]
|-damage|p1a: Starmie|51/100|[from] Sandstorm
|-heal|p1a: Starmie|57/100|[from] item: Leftovers
|-heal|p2a: Tyranitar|51/100 tox|[from] item: Leftovers
|-damage|p2a: Tyranitar|32/100 tox|[from] psn
|upkeep
|turn|39
|
|t:|1729262082
|move|p1a: Starmie|Surf|p2a: Tyranitar
|-supereffective|p2a: Tyranitar
|-damage|p2a: Tyranitar|0 fnt
|faint|p2a: Tyranitar
|
|t:|1729262086
|switch|p2a: Blissey|Blissey, F|99/100
|-damage|p2a: Blissey|88/100|[from] Spikes
|
|-weather|Sandstorm|[upkeep]
|-damage|p1a: Starmie|51/100|[from] Sandstorm
|-damage|p2a: Blissey|82/100|[from] Sandstorm
|-heal|p1a: Starmie|57/100|[from] item: Leftovers
|-heal|p2a: Blissey|88/100|[from] item: Leftovers
|upkeep
|turn|40
|
|t:|1729262097
|switch|p1a: Celebi|Celebi|100/100
|-damage|p1a: Celebi|88/100|[from] Spikes
|move|p2a: Blissey|Ice Beam|p1a: Celebi
|-supereffective|p1a: Celebi
|-damage|p1a: Celebi|49/100
|
|-weather|Sandstorm|[upkeep]
|-damage|p1a: Celebi|42/100|[from] Sandstorm
|-damage|p2a: Blissey|82/100|[from] Sandstorm
|-heal|p1a: Celebi|49/100|[from] item: Leftovers
|-heal|p2a: Blissey|88/100|[from] item: Leftovers
|upkeep
|turn|41
|
|t:|1729262100
|move|p1a: Celebi|Recover|p1a: Celebi
|-heal|p1a: Celebi|99/100
|move|p2a: Blissey|Ice Beam|p1a: Celebi
|-supereffective|p1a: Celebi
|-damage|p1a: Celebi|58/100
|
|-weather|Sandstorm|[upkeep]
|-damage|p1a: Celebi|52/100|[from] Sandstorm
|-damage|p2a: Blissey|82/100|[from] Sandstorm
|-heal|p1a: Celebi|58/100|[from] item: Leftovers
|-heal|p2a: Blissey|88/100|[from] item: Leftovers
|upkeep
|turn|42
|
|t:|1729262104
|move|p1a: Celebi|Recover|p1a: Celebi
|-heal|p1a: Celebi|100/100
|move|p2a: Blissey|Ice Beam|p1a: Celebi
|-supereffective|p1a: Celebi
|-damage|p1a: Celebi|60/100
|
|-weather|Sandstorm|[upkeep]
|-damage|p1a: Celebi|54/100|[from] Sandstorm
|-damage|p2a: Blissey|82/100|[from] Sandstorm
|-heal|p1a: Celebi|60/100|[from] item: Leftovers
|-heal|p2a: Blissey|88/100|[from] item: Leftovers
|upkeep
|turn|43
|
|t:|1729262111
|move|p1a: Celebi|Leech Seed|p2a: Blissey
|-start|p2a: Blissey|move: Leech Seed
|move|p2a: Blissey|Toxic|p1a: Celebi
|-status|p1a: Celebi|tox
|
|-weather|Sandstorm|[upkeep]
|-damage|p1a: Celebi|54/100 tox|[from] Sandstorm
|-damage|p2a: Blissey|82/100|[from] Sandstorm
|-heal|p1a: Celebi|60/100 tox|[from] item: Leftovers
|-damage|p1a: Celebi|54/100 tox|[from] psn
|-heal|p2a: Blissey|88/100|[from] item: Leftovers
|-damage|p2a: Blissey|75/100|[from] Leech Seed|[of] p1a: Celebi
|-heal|p1a: Celebi|74/100 tox|[silent]
|upkeep
|turn|44
|
|t:|1729262115
|switch|p2a: Ludicolo|Ludicolo, M|88/100
|-damage|p2a: Ludicolo|76/100|[from] Spikes
|move|p1a: Celebi|Baton Pass|p1a: Celebi
|
|t:|1729262119
|-curestatus|p1a: Celebi|tox|[from] ability: Natural Cure
|switch|p1a: Starmie|Starmie|57/100|[from] Baton Pass
|-damage|p1a: Starmie|45/100|[from] Spikes
|
|-weather|Sandstorm|[upkeep]
|-damage|p1a: Starmie|39/100|[from] Sandstorm
|-damage|p2a: Ludicolo|70/100|[from] Sandstorm
|-heal|p1a: Starmie|45/100|[from] item: Leftovers
|-heal|p2a: Ludicolo|76/100|[from] item: Leftovers
|upkeep
|turn|45
|
|t:|1729262125
|move|p1a: Starmie|Rapid Spin|p2a: Ludicolo
|-damage|p2a: Ludicolo|71/100
|-sideend|p1: naisuneicha|Spikes|[from] move: Rapid Spin|[of] p1a: Starmie
|move|p2a: Ludicolo|Leech Seed|p1a: Starmie|[miss]
|-miss|p2a: Ludicolo|p1a: Starmie
|
|-weather|Sandstorm|[upkeep]
|-damage|p1a: Starmie|39/100|[from] Sandstorm
|-damage|p2a: Ludicolo|65/100|[from] Sandstorm
|-heal|p1a: Starmie|45/100|[from] item: Leftovers
|-heal|p2a: Ludicolo|71/100|[from] item: Leftovers
|upkeep
|turn|46
|
|t:|1729262137
|switch|p2a: Swampert|Swampert, F|94/100
|-damage|p2a: Swampert|82/100|[from] Spikes
|move|p1a: Starmie|Recover|p1a: Starmie
|-heal|p1a: Starmie|95/100
|
|-weather|Sandstorm|[upkeep]
|-damage|p1a: Starmie|89/100|[from] Sandstorm
|-heal|p1a: Starmie|95/100|[from] item: Leftovers
|-heal|p2a: Swampert|88/100|[from] item: Leftovers
|upkeep
|turn|47
|
|t:|1729262144
|switch|p1a: Skarmory|Skarmory, M|65/100
|move|p2a: Swampert|Earthquake|p1a: Skarmory
|-immune|p1a: Skarmory
|
|-weather|Sandstorm|[upkeep]
|-heal|p1a: Skarmory|71/100|[from] item: Leftovers
|-heal|p2a: Swampert|94/100|[from] item: Leftovers
|upkeep
|turn|48
|
|t:|1729262151
|switch|p2a: Blissey|Blissey, F|75/100
|-damage|p2a: Blissey|63/100|[from] Spikes
|move|p1a: Skarmory|Spikes|p2a: Blissey
|-sidestart|p2: 1998 mercedes-benz|Spikes
|
|-weather|Sandstorm|[upkeep]
|-damage|p2a: Blissey|57/100|[from] Sandstorm
|-heal|p1a: Skarmory|77/100|[from] item: Leftovers
|-heal|p2a: Blissey|63/100|[from] item: Leftovers
|upkeep
|turn|49
|
|t:|1729262156
|switch|p1a: Celebi|Celebi|74/100
|move|p2a: Blissey|Soft-Boiled|p2a: Blissey
|-heal|p2a: Blissey|100/100
|
|-weather|Sandstorm|[upkeep]
|-damage|p1a: Celebi|68/100|[from] Sandstorm
|-damage|p2a: Blissey|94/100|[from] Sandstorm
|-heal|p1a: Celebi|74/100|[from] item: Leftovers
|-heal|p2a: Blissey|100/100|[from] item: Leftovers
|upkeep
|turn|50
|
|t:|1729262161
|move|p1a: Celebi|Leech Seed|p2a: Blissey
|-start|p2a: Blissey|move: Leech Seed
|move|p2a: Blissey|Toxic|p1a: Celebi
|-status|p1a: Celebi|tox
|
|-weather|Sandstorm|[upkeep]
|-damage|p1a: Celebi|68/100 tox|[from] Sandstorm
|-damage|p2a: Blissey|94/100|[from] Sandstorm
|-heal|p1a: Celebi|74/100 tox|[from] item: Leftovers
|-damage|p1a: Celebi|68/100 tox|[from] psn
|-heal|p2a: Blissey|100/100|[from] item: Leftovers
|-damage|p2a: Blissey|88/100|[from] Leech Seed|[of] p1a: Celebi
|-heal|p1a: Celebi|88/100 tox|[silent]
|upkeep
|turn|51
|
|t:|1729262166
|move|p1a: Celebi|Baton Pass|p1a: Celebi
|
|t:|1729262176
|-curestatus|p1a: Celebi|tox|[from] ability: Natural Cure
|switch|p1a: Starmie|Starmie|95/100|[from] Baton Pass
|move|p2a: Blissey|Thunderbolt|p1a: Starmie
|-supereffective|p1a: Starmie
|-damage|p1a: Starmie|34/100
|
|-weather|Sandstorm|[upkeep]
|-damage|p1a: Starmie|28/100|[from] Sandstorm
|-damage|p2a: Blissey|82/100|[from] Sandstorm
|-heal|p1a: Starmie|34/100|[from] item: Leftovers
|-heal|p2a: Blissey|88/100|[from] item: Leftovers
|-damage|p2a: Blissey|76/100|[from] Leech Seed|[of] p1a: Starmie
|-heal|p1a: Starmie|59/100|[silent]
|upkeep
|turn|52
|
|t:|1729262183
|move|p1a: Starmie|Recover|p1a: Starmie
|-heal|p1a: Starmie|100/100
|move|p2a: Blissey|Thunderbolt|p1a: Starmie
|-supereffective|p1a: Starmie
|-crit|p1a: Starmie
|-damage|p1a: Starmie|0 fnt
|faint|p1a: Starmie
|inactive|naisuneicha has 270 seconds left.
|
|t:|1729262213
|switch|p1a: Skarmory|Skarmory, M|77/100
|
|-weather|Sandstorm|[upkeep]
|-damage|p2a: Blissey|69/100|[from] Sandstorm
|-heal|p1a: Skarmory|83/100|[from] item: Leftovers
|-heal|p2a: Blissey|76/100|[from] item: Leftovers
|-damage|p2a: Blissey|63/100|[from] Leech Seed|[of] p1a: Skarmory
|-heal|p1a: Skarmory|100/100|[silent]
|upkeep
|turn|53
|
|t:|1729262217
|move|p1a: Skarmory|Spikes|p2a: Blissey
|-sidestart|p2: 1998 mercedes-benz|Spikes
|move|p2a: Blissey|Soft-Boiled|p2a: Blissey
|-heal|p2a: Blissey|100/100
|
|-weather|Sandstorm|[upkeep]
|-damage|p2a: Blissey|94/100|[from] Sandstorm
|-heal|p2a: Blissey|100/100|[from] item: Leftovers
|-damage|p2a: Blissey|88/100|[from] Leech Seed|[of] p1a: Skarmory
|upkeep
|turn|54
|
|t:|1729262224
|switch|p1a: Celebi|Celebi|88/100
|move|p2a: Blissey|Thunderbolt|p1a: Celebi
|-resisted|p1a: Celebi
|-damage|p1a: Celebi|78/100
|
|-weather|Sandstorm|[upkeep]
|-damage|p1a: Celebi|72/100|[from] Sandstorm
|-damage|p2a: Blissey|82/100|[from] Sandstorm
|-heal|p1a: Celebi|78/100|[from] item: Leftovers
|-heal|p2a: Blissey|88/100|[from] item: Leftovers
|-damage|p2a: Blissey|76/100|[from] Leech Seed|[of] p1a: Celebi
|-heal|p1a: Celebi|98/100|[silent]
|upkeep
|turn|55
|
|t:|1729262235
|move|p1a: Celebi|Psychic|p2a: Blissey
|-damage|p2a: Blissey|63/100
|move|p2a: Blissey|Toxic|p1a: Celebi
|-status|p1a: Celebi|tox
|
|-weather|Sandstorm|[upkeep]
|-damage|p1a: Celebi|92/100 tox|[from] Sandstorm
|-damage|p2a: Blissey|57/100|[from] Sandstorm
|-heal|p1a: Celebi|98/100 tox|[from] item: Leftovers
|-damage|p1a: Celebi|92/100 tox|[from] psn
|-heal|p2a: Blissey|63/100|[from] item: Leftovers
|-damage|p2a: Blissey|50/100|[from] Leech Seed|[of] p1a: Celebi
|-heal|p1a: Celebi|100/100 tox|[silent]
|upkeep
|turn|56
|
|t:|1729262247
|move|p1a: Celebi|Baton Pass|p1a: Celebi
|
|t:|1729262248
|-curestatus|p1a: Celebi|tox|[from] ability: Natural Cure
|switch|p1a: Houndoom|Houndoom, M|87/100|[from] Baton Pass
|move|p2a: Blissey|Soft-Boiled|p2a: Blissey
|-heal|p2a: Blissey|99/100
|
|-weather|Sandstorm|[upkeep]
|-damage|p1a: Houndoom|80/100|[from] Sandstorm
|-damage|p2a: Blissey|94/100|[from] Sandstorm
|-heal|p1a: Houndoom|87/100|[from] item: Leftovers
|-heal|p2a: Blissey|99/100|[from] item: Leftovers
|-damage|p2a: Blissey|88/100|[from] Leech Seed|[of] p1a: Houndoom
|-heal|p1a: Houndoom|100/100|[silent]
|upkeep
|turn|57
|
|t:|1729262255
|move|p1a: Houndoom|Will-O-Wisp|p2a: Blissey
|-status|p2a: Blissey|brn
|move|p2a: Blissey|Toxic|p1a: Houndoom
|-status|p1a: Houndoom|tox
|
|-weather|Sandstorm|[upkeep]
|-damage|p1a: Houndoom|94/100 tox|[from] Sandstorm
|-damage|p2a: Blissey|82/100 brn|[from] Sandstorm
|-heal|p1a: Houndoom|100/100 tox|[from] item: Leftovers
|-damage|p1a: Houndoom|94/100 tox|[from] psn
|-heal|p2a: Blissey|88/100 brn|[from] item: Leftovers
|-damage|p2a: Blissey|75/100 brn|[from] Leech Seed|[of] p1a: Houndoom
|-heal|p1a: Houndoom|100/100 tox|[silent]
|-damage|p2a: Blissey|63/100 brn|[from] brn
|upkeep
|turn|58
|
|t:|1729262280
|switch|p1a: Celebi|Celebi|100/100
|move|p2a: Blissey|Soft-Boiled|p2a: Blissey
|-heal|p2a: Blissey|100/100 brn
|
|-weather|Sandstorm|[upkeep]
|-damage|p1a: Celebi|94/100|[from] Sandstorm
|-damage|p2a: Blissey|94/100 brn|[from] Sandstorm
|-heal|p1a: Celebi|100/100|[from] item: Leftovers
|-heal|p2a: Blissey|100/100 brn|[from] item: Leftovers
|-damage|p2a: Blissey|88/100 brn|[from] Leech Seed|[of] p1a: Celebi
|-damage|p2a: Blissey|76/100 brn|[from] brn
|upkeep
|turn|59
|
|t:|1729262289
|-curestatus|p2a: Blissey|brn|[from] ability: Natural Cure
|switch|p2a: Ludicolo|Ludicolo, M|71/100
|-damage|p2a: Ludicolo|46/100|[from] Spikes
|move|p1a: Celebi|Psychic|p2a: Ludicolo
|-damage|p2a: Ludicolo|16/100
|
|-weather|Sandstorm|[upkeep]
|-damage|p1a: Celebi|94/100|[from] Sandstorm
|-damage|p2a: Ludicolo|10/100|[from] Sandstorm
|-heal|p1a: Celebi|100/100|[from] item: Leftovers
|-heal|p2a: Ludicolo|16/100|[from] item: Leftovers
|upkeep
|turn|60
|
|t:|1729262294
|move|p1a: Celebi|Psychic|p2a: Ludicolo
|-damage|p2a: Ludicolo|0 fnt
|faint|p2a: Ludicolo
|
|t:|1729262299
|switch|p2a: Blissey|Blissey, F|76/100
|-damage|p2a: Blissey|51/100|[from] Spikes
|
|-weather|Sandstorm|[upkeep]
|-damage|p1a: Celebi|94/100|[from] Sandstorm
|-damage|p2a: Blissey|45/100|[from] Sandstorm
|-heal|p1a: Celebi|100/100|[from] item: Leftovers
|-heal|p2a: Blissey|51/100|[from] item: Leftovers
|upkeep
|turn|61
|
|t:|1729262303
|move|p1a: Celebi|Leech Seed|p2a: Blissey
|-start|p2a: Blissey|move: Leech Seed
|move|p2a: Blissey|Soft-Boiled|p2a: Blissey
|-heal|p2a: Blissey|100/100
|
|-weather|Sandstorm|[upkeep]
|-damage|p1a: Celebi|94/100|[from] Sandstorm
|-damage|p2a: Blissey|94/100|[from] Sandstorm
|-heal|p1a: Celebi|100/100|[from] item: Leftovers
|-heal|p2a: Blissey|100/100|[from] item: Leftovers
|-damage|p2a: Blissey|88/100|[from] Leech Seed|[of] p1a: Celebi
|upkeep
|turn|62
|
|t:|1729262307
|switch|p2a: Skarmory|Skarmory, M|56/100 par
|move|p1a: Celebi|Baton Pass|p1a: Celebi
|
|t:|1729262311
|switch|p1a: Houndoom|Houndoom, M|100/100 tox|[from] Baton Pass
|
|-weather|Sandstorm|[upkeep]
|-damage|p1a: Houndoom|94/100 tox|[from] Sandstorm
|-heal|p1a: Houndoom|100/100 tox|[from] item: Leftovers
|-damage|p1a: Houndoom|94/100 tox|[from] psn
|-heal|p2a: Skarmory|62/100 par|[from] item: Leftovers
|upkeep
|turn|63
|
|t:|1729262314
|switch|p2a: Blissey|Blissey, F|88/100
|-damage|p2a: Blissey|63/100|[from] Spikes
|move|p1a: Houndoom|Fire Blast|p2a: Blissey
|-damage|p2a: Blissey|39/100
|
|-weather|Sandstorm|[upkeep]
|-damage|p1a: Houndoom|88/100 tox|[from] Sandstorm
|-damage|p2a: Blissey|32/100|[from] Sandstorm
|-heal|p1a: Houndoom|94/100 tox|[from] item: Leftovers
|-damage|p1a: Houndoom|82/100 tox|[from] psn
|-heal|p2a: Blissey|39/100|[from] item: Leftovers
|upkeep
|turn|64
|
|t:|1729262321
|switch|p1a: Celebi|Celebi|100/100
|move|p2a: Blissey|Soft-Boiled|p2a: Blissey
|-heal|p2a: Blissey|89/100
|
|-weather|Sandstorm|[upkeep]
|-damage|p1a: Celebi|94/100|[from] Sandstorm
|-damage|p2a: Blissey|82/100|[from] Sandstorm
|-heal|p1a: Celebi|100/100|[from] item: Leftovers
|-heal|p2a: Blissey|89/100|[from] item: Leftovers
|upkeep
|turn|65
|
|t:|1729262325
|switch|p2a: Skarmory|Skarmory, M|62/100 par
|move|p1a: Celebi|Leech Seed|p2a: Skarmory
|-start|p2a: Skarmory|move: Leech Seed
|
|-weather|Sandstorm|[upkeep]
|-damage|p1a: Celebi|94/100|[from] Sandstorm
|-heal|p1a: Celebi|100/100|[from] item: Leftovers
|-heal|p2a: Skarmory|68/100 par|[from] item: Leftovers
|-damage|p2a: Skarmory|56/100 par|[from] Leech Seed|[of] p1a: Celebi
|upkeep
|turn|66
|
|t:|1729262332
|move|p1a: Celebi|Baton Pass|p1a: Celebi
|
|t:|1729262343
|switch|p1a: Houndoom|Houndoom, M|82/100 tox|[from] Baton Pass
|move|p2a: Skarmory|Roar|p1a: Houndoom
|drag|p1a: Tyranitar|Tyranitar, M|100/100
|
|-weather|Sandstorm|[upkeep]
|-heal|p2a: Skarmory|62/100 par|[from] item: Leftovers
|-damage|p2a: Skarmory|49/100 par|[from] Leech Seed|[of] p1a: Tyranitar
|upkeep
|turn|67
|
|t:|1729262351
|move|p1a: Tyranitar|Dragon Dance|p1a: Tyranitar
|-boost|p1a: Tyranitar|atk|1
|-boost|p1a: Tyranitar|spe|1
|cant|p2a: Skarmory|par
|
|-weather|Sandstorm|[upkeep]
|-heal|p2a: Skarmory|55/100 par|[from] item: Leftovers
|-damage|p2a: Skarmory|43/100 par|[from] Leech Seed|[of] p1a: Tyranitar
|upkeep
|turn|68
|
|t:|1729262356
|move|p1a: Tyranitar|Rock Slide|p2a: Skarmory
|-damage|p2a: Skarmory|0 fnt
|faint|p2a: Skarmory
|
|t:|1729262359
|switch|p2a: Swampert|Swampert, F|94/100
|-damage|p2a: Swampert|69/100|[from] Spikes
|
|-weather|Sandstorm|[upkeep]
|-heal|p2a: Swampert|76/100|[from] item: Leftovers
|upkeep
|turn|69
|
|t:|1729262372
|switch|p1a: Celebi|Celebi|100/100
|move|p2a: Swampert|Hydro Pump|p1a: Celebi|[miss]
|-miss|p2a: Swampert|p1a: Celebi
|
|-weather|Sandstorm|[upkeep]
|-damage|p1a: Celebi|94/100|[from] Sandstorm
|-heal|p1a: Celebi|100/100|[from] item: Leftovers
|-heal|p2a: Swampert|82/100|[from] item: Leftovers
|upkeep
|turn|70
|
|t:|1729262378
|move|p2a: Swampert|Protect|p2a: Swampert
|-singleturn|p2a: Swampert|Protect
|move|p1a: Celebi|Leech Seed|p2a: Swampert
|-activate|p2a: Swampert|Protect
|
|-weather|Sandstorm|[upkeep]
|-damage|p1a: Celebi|94/100|[from] Sandstorm
|-heal|p1a: Celebi|100/100|[from] item: Leftovers
|-heal|p2a: Swampert|88/100|[from] item: Leftovers
|upkeep
|turn|71
|
|t:|1729262386
|move|p1a: Celebi|Leech Seed|p2a: Swampert
|-start|p2a: Swampert|move: Leech Seed
|move|p2a: Swampert|Ice Beam|p1a: Celebi
|-supereffective|p1a: Celebi
|-damage|p1a: Celebi|71/100
|
|-weather|Sandstorm|[upkeep]
|-damage|p1a: Celebi|64/100|[from] Sandstorm
|-heal|p1a: Celebi|71/100|[from] item: Leftovers
|-heal|p2a: Swampert|94/100|[from] item: Leftovers
|-damage|p2a: Swampert|82/100|[from] Leech Seed|[of] p1a: Celebi
|-heal|p1a: Celebi|83/100|[silent]
|upkeep
|turn|72
|
|t:|1729262394
|switch|p2a: Blissey|Blissey, F|89/100
|-damage|p2a: Blissey|64/100|[from] Spikes
|move|p1a: Celebi|Baton Pass|p1a: Celebi
|
|t:|1729262404
|switch|p1a: Tyranitar|Tyranitar, M|100/100|[from] Baton Pass
|
|-weather|Sandstorm|[upkeep]
|-damage|p2a: Blissey|57/100|[from] Sandstorm
|-heal|p2a: Blissey|64/100|[from] item: Leftovers
|upkeep
|turn|73
|
|t:|1729262414
|switch|p2a: Swampert|Swampert, F|82/100
|-damage|p2a: Swampert|57/100|[from] Spikes
|move|p1a: Tyranitar|Rock Slide|p2a: Swampert
|-resisted|p2a: Swampert
|-damage|p2a: Swampert|42/100
|
|-weather|Sandstorm|[upkeep]
|-heal|p2a: Swampert|49/100|[from] item: Leftovers
|upkeep
|turn|74
|
|t:|1729262423
|switch|p1a: Skarmory|Skarmory, M|100/100
|move|p2a: Swampert|Hydro Pump|p1a: Skarmory
|-damage|p1a: Skarmory|68/100
|
|-weather|Sandstorm|[upkeep]
|-heal|p1a: Skarmory|74/100|[from] item: Leftovers
|-heal|p2a: Swampert|55/100|[from] item: Leftovers
|upkeep
|turn|75
|
|t:|1729262428
|move|p2a: Swampert|Protect|p2a: Swampert
|-singleturn|p2a: Swampert|Protect
|move|p1a: Skarmory|Toxic|p2a: Swampert
|-activate|p2a: Swampert|Protect
|
|-weather|Sandstorm|[upkeep]
|-heal|p1a: Skarmory|80/100|[from] item: Leftovers
|-heal|p2a: Swampert|61/100|[from] item: Leftovers
|upkeep
|turn|76
|
|t:|1729262438
|switch|p2a: Blissey|Blissey, F|64/100
|-damage|p2a: Blissey|39/100|[from] Spikes
|move|p1a: Skarmory|Roar|p2a: Blissey
|drag|p2a: Swampert|Swampert, F|61/100
|-damage|p2a: Swampert|36/100|[from] Spikes
|
|-weather|Sandstorm|[upkeep]
|-heal|p1a: Skarmory|86/100|[from] item: Leftovers
|-heal|p2a: Swampert|42/100|[from] item: Leftovers
|upkeep
|turn|77
|
|t:|1729262443
|move|p2a: Swampert|Protect|p2a: Swampert
|-singleturn|p2a: Swampert|Protect
|move|p1a: Skarmory|Toxic|p2a: Swampert
|-activate|p2a: Swampert|Protect
|
|-weather|Sandstorm|[upkeep]
|-heal|p1a: Skarmory|92/100|[from] item: Leftovers
|-heal|p2a: Swampert|49/100|[from] item: Leftovers
|upkeep
|turn|78
|c|☆1998 mercedes-benz|gg
|-message|1998 mercedes-benz forfeited.
|
|win|naisuneicha
|player|p2|
|c|☆naisuneicha|gg
|player|p2|1998 mercedes-benz|169|

</script>
<script type="application/json" class="data" id="replaydata-smogtours-gen3ou-799509">
{"id":"smogtours-gen3ou-799509","format":"[Gen 3] OU","players":["naisuneicha","1998 mercedes-benz"],"uploadtime":1729262460,"views":86,"formatid":"gen3ou","rating":null,"private":0,"password":null}
</script>

<script defer src="js/replays.js?9d40a366"></script>
