<!DOCTYPE html>
<meta charset="utf-8" />
<meta name="viewport" content="width=device-width" />

<title>[Gen 3] OU: Colby2D vs. TheComanderXD - Replays - Pok&eacute;mon Showdown!</title>

<meta name="description" content="Watch a replay of a Pok&eacute;mon battle between Colby2D and TheComanderXD! Format: [Gen 3] OU; Date: Oct 26, 2024" />
<!--

Hey, you! Looking in the source for the replay log?

You can find them in JSON format, just add `.json` at the end of a replay URL.

https://replay.pokemonshowdown.com/gen7randomdoublesbattle-865046831.json

Or, if you only need the log itself, add `.log` instead:

https://replay.pokemonshowdown.com/gen7randomdoublesbattle-865046831.log

-->

<link rel="stylesheet" href="//pokemonshowdown.com/style/global.css?0.023195364461161105" />
<link rel="stylesheet" href="//play.pokemonshowdown.com/style/font-awesome.css?0.13261647063804238" />
<link rel="stylesheet" href="//play.pokemonshowdown.com/style/battle.css?0.8753245789963631" />
<link rel="stylesheet" href="//play.pokemonshowdown.com/style/utilichart.css?0.8627959624976733" />

<!-- Global site tag (gtag.js) - Google Analytics -->
<script async src="https://www.googletagmanager.com/gtag/js?id=UA-26211653-1"></script>
<script>
  window.dataLayer = window.dataLayer || [];
  function gtag(){dataLayer.push(arguments);}
  gtag('js', new Date());

  gtag('config', 'UA-26211653-1');
</script>
<!-- End Google Analytics -->
<!-- Venatus Ad Manager - Install in <HEAD> of page -->
	<script src="https://hb.vntsm.com/v3/live/ad-manager.min.js" type="text/javascript" data-site-id="642aba63ec9a7b11c3c9c1be" data-mode="scan" async></script>
<!-- / Venatus Ad Manager -->

<style>
	@media (max-width:820px) {
		.battle {
			margin: 0 auto;
		}
		.battle-log {
			margin: 7px auto 0;
			max-width: 640px;
			height: 300px;
			position: static;
		}
	}
	.optgroup {
		display: inline-block;
		line-height: 22px;
		font-size: 10pt;
	}
	.optgroup .button {
		height: 25px;
		padding-top: 0;
		padding-bottom: 0;
	}
	.optgroup button.button {
		padding-left: 12px;
		padding-right: 12px;
	}
	.linklist {
		list-style: none;
		margin: 0.5em 0;
		padding: 0;
	}
	.linklist li {
		padding: 2px 0;
	}
	.sidebar {
		float: left;
		width: 320px;
	}
	.bar-wrapper {
		max-width: 1100px;
		margin: 0 auto;
	}
	.bar-wrapper.has-sidebar {
		max-width: 1430px;
	}
	.mainbar {
		margin: 0;
		padding-right: 1px;
	}
	.mainbar.has-sidebar {
		margin-left: 330px;
	}
	@media (min-width: 1511px) {
		.sidebar {
			width: 400px;
		}
		.bar-wrapper.has-sidebar {
			max-width: 1510px;
		}
		.mainbar.has-sidebar {
			margin-left: 410px;
		}
	}
	.section.first-section {
		margin-top: 9px;
	}
	.blocklink small {
		white-space: normal;
	}
	.button {
		vertical-align: middle;
	}
	.replay-controls {
		padding-top: 10px;
	}
	.replay-controls h1 {
		font-size: 16pt;
		font-weight: normal;
		color: #CCC;
	}
	.pagelink {
		text-align: center;
	}
	.pagelink a {
		width: 150px;
	}
	.textbox, .button {
		font-size: 11pt;
		vertical-align: middle;
	}
	@media (max-width: 450px) {
		.button {
			font-size: 9pt;
		}
	}
</style>

<div>

	<header>
		<div class="nav-wrapper"><ul class="nav">
			<li><a class="button nav-first" href="//pokemonshowdown.com/"><img src="//pokemonshowdown.com/images/pokemonshowdownbeta.png" srcset="//pokemonshowdown.com/images/pokemonshowdownbeta.png 1x, //pokemonshowdown.com/images/pokemonshowdownbeta@2x.png 2x" alt="Pok&eacute;mon Showdown" width="146" height="44" /> Home</a></li>
			<li><a class="button" href="//pokemonshowdown.com/dex/">Pok&eacute;dex</a></li>
			<li><a class="button cur" href="/">Replays</a></li>
			<li><a class="button" href="//pokemonshowdown.com/ladder/">Ladder</a></li>
			<li><a class="button nav-last" href="//pokemonshowdown.com/forums/">Forum</a></li>
			<li><a class="button greenbutton nav-first nav-last" href="//play.pokemonshowdown.com/">Play</a></li>
		</ul></div>
	</header>

	<div class="main" id="main">

		<noscript><section class="section">You need to enable JavaScript to use this page; sorry!</section></noscript>

	</div>

</div>

<script defer nomodule src="//play.pokemonshowdown.com/js/lib/ps-polyfill.js"></script>
<script defer src="//play.pokemonshowdown.com/js/lib/preact.min.js"></script>

<script defer src="//play.pokemonshowdown.com/config/config.js?2bddbc15"></script>
<script defer src="//play.pokemonshowdown.com/js/lib/jquery-1.11.0.min.js"></script>
<script defer src="//play.pokemonshowdown.com/js/lib/html-sanitizer-minified.js"></script>
<script defer src="//play.pokemonshowdown.com/js/battle-sound.js"></script>
<script defer src="//play.pokemonshowdown.com/js/battledata.js?0.7209276989879541"></script>
<script defer src="//play.pokemonshowdown.com/data/pokedex-mini.js?0.6111056340867951"></script>
<script defer src="//play.pokemonshowdown.com/data/pokedex-mini-bw.js?0.3532142036491459"></script>
<script defer src="//play.pokemonshowdown.com/data/graphics.js?0.24223875632456182"></script>
<script defer src="//play.pokemonshowdown.com/data/pokedex.js?0.38839984266356864"></script>
<script defer src="//play.pokemonshowdown.com/data/moves.js?0.21866028504024015"></script>
<script defer src="//play.pokemonshowdown.com/data/abilities.js?0.2005157953846628"></script>
<script defer src="//play.pokemonshowdown.com/data/items.js?0.9894211263848525"></script>
<script defer src="//play.pokemonshowdown.com/data/teambuilder-tables.js?0.6008791140282215"></script>
<script defer src="//play.pokemonshowdown.com/js/battle-tooltips.js?0.7580118955022959"></script>
<script defer src="//play.pokemonshowdown.com/js/battle.js?0.6057722274234274"></script>

<script defer src="js/utils.js?e31f9a17"></script>
<script defer src="js/replays-battle.js?7008c182"></script>

<!-- don't scrape this data! just add .json or .log after the URL!
Full API docs: https://github.com/smogon/pokemon-showdown-client/blob/master/WEB-API.md -->
<script type="text/plain" class="log" id="replaylog-smogtours-gen3ou-801985">
|inactive|Battle timer is ON: inactive players will automatically lose when time's up.
|t:|1729900927
|gametype|singles
|player|p1|Colby2D|265|
|player|p2|TheComanderXD|red|
|teamsize|p1|6
|teamsize|p2|6
|gen|3
|tier|[Gen 3] OU
|rule|Sleep Clause Mod: Limit one foe put to sleep
|rule|Switch Priority Clause Mod: Faster Pokémon switch first
|rule|Species Clause: Limit one of each Pokémon
|rule|OHKO Clause: OHKO moves are banned
|rule|Evasion Items Clause: Evasion items are banned
|rule|Evasion Moves Clause: Evasion moves are banned
|rule|Endless Battle Clause: Forcing endless battles is banned
|rule|HP Percentage Mod: HP is shown in percentages
|rule|One Boost Passer Clause: Limit one Baton Passer that has a way to boost its stats
|rule|Freeze Clause Mod: Limit one foe frozen
|
|t:|1729900927
|start
|switch|p1a: Tyranitar|Tyranitar, M|100/100
|switch|p2a: Fruit Loops|Zapdos|100/100
|-weather|Sandstorm|[from] ability: Sand Stream|[of] p1a: Tyranitar
|turn|1
|
|t:|1729900956
|move|p2a: Fruit Loops|Baton Pass|p2a: Fruit Loops
|c|☆Colby2D|glhf
|c|☆TheComanderXD|glhf
|
|t:|1729900976
|switch|p2a: Frosted Flakes|Suicune|100/100|[from] Baton Pass
|move|p1a: Tyranitar|Ancient Power|p2a: Frosted Flakes
|-damage|p2a: Frosted Flakes|76/100
|
|-weather|Sandstorm|[upkeep]
|-damage|p2a: Frosted Flakes|70/100|[from] Sandstorm
|-heal|p2a: Frosted Flakes|76/100|[from] item: Leftovers
|upkeep
|turn|2
|
|t:|1729900989
|switch|p1a: Blissey|Blissey, F|100/100
|move|p2a: Frosted Flakes|Surf|p1a: Blissey
|-damage|p1a: Blissey|85/100
|
|-weather|Sandstorm|[upkeep]
|-damage|p2a: Frosted Flakes|70/100|[from] Sandstorm
|-damage|p1a: Blissey|79/100|[from] Sandstorm
|-heal|p2a: Frosted Flakes|76/100|[from] item: Leftovers
|-heal|p1a: Blissey|85/100|[from] item: Leftovers
|upkeep
|turn|3
|
|t:|1729901005
|switch|p2a: Rice Krispies|Dugtrio, M|100/100
|move|p1a: Blissey|Toxic|p2a: Rice Krispies|[miss]
|-miss|p1a: Blissey|p2a: Rice Krispies
|
|-weather|Sandstorm|[upkeep]
|-damage|p1a: Blissey|79/100|[from] Sandstorm
|-heal|p1a: Blissey|85/100|[from] item: Leftovers
|upkeep
|turn|4
|
|t:|1729901016
|move|p2a: Rice Krispies|Beat Up|p1a: Blissey
|-damage|p1a: Blissey|75/100
|-damage|p1a: Blissey|66/100
|-damage|p1a: Blissey|56/100
|-crit|p1a: Blissey
|-damage|p1a: Blissey|30/100
|-damage|p1a: Blissey|19/100
|-damage|p1a: Blissey|12/100
|-hitcount|p1a: Blissey|6
|move|p1a: Blissey|Ice Beam|p2a: Rice Krispies
|-supereffective|p2a: Rice Krispies
|-damage|p2a: Rice Krispies|12/100
|
|-weather|Sandstorm|[upkeep]
|-damage|p1a: Blissey|6/100|[from] Sandstorm
|-heal|p1a: Blissey|12/100|[from] item: Leftovers
|upkeep
|turn|5
|
|t:|1729901031
|move|p2a: Rice Krispies|Beat Up|p1a: Blissey
|-damage|p1a: Blissey|1/100
|-damage|p1a: Blissey|0 fnt
|-hitcount|p1a: Blissey|2
|faint|p1a: Blissey
|
|t:|1729901040
|switch|p1a: Aerodactyl|Aerodactyl, F|100/100
|
|-weather|Sandstorm|[upkeep]
|upkeep
|turn|6
|inactive|TheComanderXD has 270 seconds left.
|inactive|TheComanderXD has 240 seconds left.
|
|t:|1729901122
|switch|p2a: Frosted Flakes|Suicune|76/100
|move|p1a: Aerodactyl|Double-Edge|p2a: Frosted Flakes
|-damage|p2a: Frosted Flakes|34/100
|
|-weather|Sandstorm|[upkeep]
|-damage|p2a: Frosted Flakes|28/100|[from] Sandstorm
|-heal|p2a: Frosted Flakes|34/100|[from] item: Leftovers
|upkeep
|turn|7
|
|t:|1729901131
|switch|p2a: Apple Jacks|Gengar, M|100/100
|move|p1a: Aerodactyl|Double-Edge|p2a: Apple Jacks
|-immune|p2a: Apple Jacks
|
|-weather|Sandstorm|[upkeep]
|-damage|p2a: Apple Jacks|94/100|[from] Sandstorm
|-heal|p2a: Apple Jacks|100/100|[from] item: Leftovers
|upkeep
|turn|8
|
|t:|1729901147
|switch|p1a: Tyranitar|Tyranitar, M|100/100
|move|p2a: Apple Jacks|Will-O-Wisp|p1a: Tyranitar
|-status|p1a: Tyranitar|brn
|-enditem|p1a: Tyranitar|Lum Berry|[eat]
|-curestatus|p1a: Tyranitar|brn|[msg]
|
|-weather|Sandstorm|[upkeep]
|-damage|p2a: Apple Jacks|94/100|[from] Sandstorm
|-heal|p2a: Apple Jacks|100/100|[from] item: Leftovers
|upkeep
|turn|9
|
|t:|1729901164
|move|p2a: Apple Jacks|Will-O-Wisp|p1a: Tyranitar|[miss]
|-miss|p2a: Apple Jacks|p1a: Tyranitar
|move|p1a: Tyranitar|Ancient Power|p2a: Apple Jacks
|-damage|p2a: Apple Jacks|54/100
|
|-weather|Sandstorm|[upkeep]
|-damage|p2a: Apple Jacks|48/100|[from] Sandstorm
|-heal|p2a: Apple Jacks|54/100|[from] item: Leftovers
|upkeep
|turn|10
|
|t:|1729901181
|switch|p1a: Charizard|Charizard, M|100/100
|move|p2a: Apple Jacks|Will-O-Wisp|p1a: Charizard|[miss]
|-miss|p2a: Apple Jacks|p1a: Charizard
|
|-weather|Sandstorm|[upkeep]
|-damage|p2a: Apple Jacks|48/100|[from] Sandstorm
|-damage|p1a: Charizard|94/100|[from] Sandstorm
|-heal|p2a: Apple Jacks|54/100|[from] item: Leftovers
|-heal|p1a: Charizard|100/100|[from] item: Leftovers
|upkeep
|turn|11
|inactive|TheComanderXD has 210 seconds left.
|inactive|TheComanderXD has 180 seconds left.
|
|t:|1729901232
|move|p2a: Apple Jacks|Thunderbolt|p1a: Charizard
|-supereffective|p1a: Charizard
|-damage|p1a: Charizard|30/100
|move|p1a: Charizard|Flamethrower|p2a: Apple Jacks
|-damage|p2a: Apple Jacks|0 fnt
|faint|p2a: Apple Jacks
|
|t:|1729901245
|switch|p2a: Fruit Loops|Zapdos|100/100
|
|-weather|Sandstorm|[upkeep]
|-damage|p1a: Charizard|24/100|[from] Sandstorm
|-damage|p2a: Fruit Loops|94/100|[from] Sandstorm
|-heal|p1a: Charizard|30/100|[from] item: Leftovers
|-heal|p2a: Fruit Loops|100/100|[from] item: Leftovers
|upkeep
|turn|12
|
|t:|1729901264
|move|p1a: Charizard|Flamethrower|p2a: Fruit Loops
|-damage|p2a: Fruit Loops|37/100
|move|p2a: Fruit Loops|Substitute|p2a: Fruit Loops
|-start|p2a: Fruit Loops|Substitute
|-damage|p2a: Fruit Loops|12/100
|
|-weather|Sandstorm|[upkeep]
|-damage|p1a: Charizard|24/100|[from] Sandstorm
|-damage|p2a: Fruit Loops|6/100|[from] Sandstorm
|-heal|p1a: Charizard|30/100|[from] item: Leftovers
|-heal|p2a: Fruit Loops|12/100|[from] item: Leftovers
|upkeep
|turn|13
|
|t:|1729901275
|move|p1a: Charizard|Flamethrower|p2a: Fruit Loops
|-crit|p2a: Fruit Loops
|-end|p2a: Fruit Loops|Substitute
|move|p2a: Fruit Loops|Thunderbolt|p1a: Charizard
|-supereffective|p1a: Charizard
|-damage|p1a: Charizard|0 fnt
|faint|p1a: Charizard
|
|t:|1729901290
|switch|p1a: Aerodactyl|Aerodactyl, F|100/100
|
|-weather|Sandstorm|[upkeep]
|-damage|p2a: Fruit Loops|6/100|[from] Sandstorm
|-heal|p2a: Fruit Loops|12/100|[from] item: Leftovers
|upkeep
|turn|14
|inactive|TheComanderXD has 180 seconds left.
|inactive|TheComanderXD has 150 seconds left.
|
|t:|1729901343
|switch|p2a: Capt'n Crunch|Jirachi|100/100
|move|p1a: Aerodactyl|Double-Edge|p2a: Capt'n Crunch
|-resisted|p2a: Capt'n Crunch
|-damage|p2a: Capt'n Crunch|75/100
|
|-weather|Sandstorm|[upkeep]
|-heal|p2a: Capt'n Crunch|81/100|[from] item: Leftovers
|upkeep
|turn|15
|inactive|TheComanderXD has 120 seconds left.
|
|t:|1729901372
|switch|p1a: Skarmory|Skarmory, M|100/100
|move|p2a: Capt'n Crunch|Calm Mind|p2a: Capt'n Crunch
|-boost|p2a: Capt'n Crunch|spa|1
|-boost|p2a: Capt'n Crunch|spd|1
|
|-weather|Sandstorm|[upkeep]
|-heal|p2a: Capt'n Crunch|87/100|[from] item: Leftovers
|upkeep
|turn|16
|
|t:|1729901380
|move|p2a: Capt'n Crunch|Fire Punch|p1a: Skarmory
|-supereffective|p1a: Skarmory
|-damage|p1a: Skarmory|40/100
|-status|p1a: Skarmory|brn
|move|p1a: Skarmory|Roar|p2a: Capt'n Crunch
|drag|p2a: Fruit Loops|Zapdos|12/100
|
|-weather|Sandstorm|[upkeep]
|-damage|p2a: Fruit Loops|6/100|[from] Sandstorm
|-heal|p2a: Fruit Loops|12/100|[from] item: Leftovers
|-heal|p1a: Skarmory|46/100 brn|[from] item: Leftovers
|-damage|p1a: Skarmory|34/100 brn|[from] brn
|upkeep
|turn|17
|inactive|TheComanderXD has 120 seconds left.
|
|t:|1729901397
|switch|p1a: Tyranitar|Tyranitar, M|100/100
|move|p2a: Fruit Loops|Baton Pass|p2a: Fruit Loops
|inactive|TheComanderXD has 120 seconds left.
|
|t:|1729901416
|switch|p2a: Rice Krispies|Dugtrio, M|12/100|[from] Baton Pass
|
|-weather|Sandstorm|[upkeep]
|upkeep
|turn|18
|
|t:|1729901426
|move|p2a: Rice Krispies|Earthquake|p1a: Tyranitar
|-supereffective|p1a: Tyranitar
|-damage|p1a: Tyranitar|8/100
|move|p1a: Tyranitar|Ancient Power|p2a: Rice Krispies
|-resisted|p2a: Rice Krispies
|-damage|p2a: Rice Krispies|0 fnt
|faint|p2a: Rice Krispies
|inactive|TheComanderXD has 120 seconds left.
|
|t:|1729901440
|switch|p2a: Fruit Loops|Zapdos|12/100
|
|-weather|Sandstorm|[upkeep]
|-damage|p2a: Fruit Loops|6/100|[from] Sandstorm
|-heal|p2a: Fruit Loops|12/100|[from] item: Leftovers
|upkeep
|turn|19
|inactive|TheComanderXD has 120 seconds left.
|
|t:|1729901447
|move|p2a: Fruit Loops|Thunderbolt|p1a: Tyranitar
|-damage|p1a: Tyranitar|0 fnt
|faint|p1a: Tyranitar
|
|t:|1729901449
|switch|p1a: Metagross|Metagross|100/100
|
|-weather|Sandstorm|[upkeep]
|-damage|p2a: Fruit Loops|6/100|[from] Sandstorm
|-heal|p2a: Fruit Loops|12/100|[from] item: Leftovers
|upkeep
|turn|20
|inactive|TheComanderXD has 120 seconds left.
|
|t:|1729901473
|move|p2a: Fruit Loops|Thunderbolt|p1a: Metagross
|-damage|p1a: Metagross|50/100
|move|p1a: Metagross|Agility|p1a: Metagross
|-boost|p1a: Metagross|spe|2
|
|-weather|Sandstorm|[upkeep]
|-damage|p2a: Fruit Loops|6/100|[from] Sandstorm
|-heal|p1a: Metagross|56/100|[from] item: Leftovers
|-heal|p2a: Fruit Loops|12/100|[from] item: Leftovers
|upkeep
|turn|21
|inactive|TheComanderXD has 120 seconds left.
|inactive|TheComanderXD has 90 seconds left.
|
|t:|1729901531
|move|p1a: Metagross|Meteor Mash|p2a: Fruit Loops
|-resisted|p2a: Fruit Loops
|-damage|p2a: Fruit Loops|0 fnt
|faint|p2a: Fruit Loops
|inactive|TheComanderXD has 60 seconds left.
|
|t:|1729901562
|switch|p2a: Lucky Charms|Celebi|100/100
|
|-weather|Sandstorm|[upkeep]
|-damage|p2a: Lucky Charms|94/100|[from] Sandstorm
|-heal|p1a: Metagross|62/100|[from] item: Leftovers
|-heal|p2a: Lucky Charms|100/100|[from] item: Leftovers
|upkeep
|turn|22
|inactive|TheComanderXD has 30 seconds left.
|
|t:|1729901590
|switch|p2a: Frosted Flakes|Suicune|34/100
|move|p1a: Metagross|Explosion|p2a: Frosted Flakes
|-damage|p2a: Frosted Flakes|0 fnt
|faint|p1a: Metagross
|faint|p2a: Frosted Flakes
|
|t:|1729901598
|switch|p2a: Lucky Charms|Celebi|100/100
|switch|p1a: Skarmory|Skarmory, M|34/100 brn
|
|-weather|Sandstorm|[upkeep]
|-damage|p2a: Lucky Charms|94/100|[from] Sandstorm
|-heal|p2a: Lucky Charms|100/100|[from] item: Leftovers
|-heal|p1a: Skarmory|40/100 brn|[from] item: Leftovers
|-damage|p1a: Skarmory|27/100 brn|[from] brn
|upkeep
|turn|23
|
|t:|1729901609
|move|p2a: Lucky Charms|Hidden Power|p1a: Skarmory
|-supereffective|p1a: Skarmory
|-damage|p1a: Skarmory|0 fnt
|faint|p1a: Skarmory
|
|t:|1729901612
|switch|p1a: Aerodactyl|Aerodactyl, F|100/100
|
|-weather|Sandstorm|[upkeep]
|-damage|p2a: Lucky Charms|94/100|[from] Sandstorm
|-heal|p2a: Lucky Charms|100/100|[from] item: Leftovers
|upkeep
|turn|24
|
|t:|1729901619
|move|p1a: Aerodactyl|Rock Slide|p2a: Lucky Charms
|-damage|p2a: Lucky Charms|66/100
|move|p2a: Lucky Charms|Giga Drain|p1a: Aerodactyl
|-damage|p1a: Aerodactyl|66/100
|-heal|p2a: Lucky Charms|79/100|[from] drain|[of] p1a: Aerodactyl
|
|-weather|Sandstorm|[upkeep]
|-damage|p2a: Lucky Charms|73/100|[from] Sandstorm
|-heal|p2a: Lucky Charms|79/100|[from] item: Leftovers
|upkeep
|turn|25
|
|t:|1729901628
|move|p1a: Aerodactyl|Rock Slide|p2a: Lucky Charms
|-damage|p2a: Lucky Charms|40/100
|move|p2a: Lucky Charms|Giga Drain|p1a: Aerodactyl
|-damage|p1a: Aerodactyl|31/100
|-heal|p2a: Lucky Charms|53/100|[from] drain|[of] p1a: Aerodactyl
|
|-weather|Sandstorm|[upkeep]
|-damage|p2a: Lucky Charms|47/100|[from] Sandstorm
|-heal|p2a: Lucky Charms|53/100|[from] item: Leftovers
|upkeep
|turn|26
|
|t:|1729901637
|move|p1a: Aerodactyl|Rock Slide|p2a: Lucky Charms
|-damage|p2a: Lucky Charms|18/100
|move|p2a: Lucky Charms|Giga Drain|p1a: Aerodactyl
|-damage|p1a: Aerodactyl|0 fnt
|-heal|p2a: Lucky Charms|30/100|[from] drain|[of] p1a: Aerodactyl
|faint|p1a: Aerodactyl
|
|win|TheComanderXD
|c|☆Colby2D|gg
|c|☆TheComanderXD|gg
|player|p2|

</script>
<script type="application/json" class="data" id="replaydata-smogtours-gen3ou-801985">
{"id":"smogtours-gen3ou-801985","format":"[Gen 3] OU","players":["Colby2D","TheComanderXD"],"uploadtime":1729901637,"views":100,"formatid":"gen3ou","rating":null,"private":0,"password":null}
</script>

<script defer src="js/replays.js?9d40a366"></script>
