<!DOCTYPE html>
<meta charset="utf-8" />
<meta name="viewport" content="width=device-width" />

<title>[Gen 3] OU: RevivalTyp vs. aahaahaah - Replays - Pok&eacute;mon Showdown!</title>

<meta name="description" content="Watch a replay of a Pok&eacute;mon battle between RevivalTyp and aahaahaah! Format: [Gen 3] OU; Date: Oct 9, 2024" />
<!--

Hey, you! Looking in the source for the replay log?

You can find them in JSON format, just add `.json` at the end of a replay URL.

https://replay.pokemonshowdown.com/gen7randomdoublesbattle-865046831.json

Or, if you only need the log itself, add `.log` instead:

https://replay.pokemonshowdown.com/gen7randomdoublesbattle-865046831.log

-->

<link rel="stylesheet" href="//pokemonshowdown.com/style/global.css?0.767286132409787" />
<link rel="stylesheet" href="//play.pokemonshowdown.com/style/font-awesome.css?0.9266228007934947" />
<link rel="stylesheet" href="//play.pokemonshowdown.com/style/battle.css?0.7924700842790926" />
<link rel="stylesheet" href="//play.pokemonshowdown.com/style/utilichart.css?0.8777417872839479" />

<!-- Global site tag (gtag.js) - Google Analytics -->
<script async src="https://www.googletagmanager.com/gtag/js?id=UA-26211653-1"></script>
<script>
  window.dataLayer = window.dataLayer || [];
  function gtag(){dataLayer.push(arguments);}
  gtag('js', new Date());

  gtag('config', 'UA-26211653-1');
</script>
<!-- End Google Analytics -->
<!-- Venatus Ad Manager - Install in <HEAD> of page -->
	<script src="https://hb.vntsm.com/v3/live/ad-manager.min.js" type="text/javascript" data-site-id="642aba63ec9a7b11c3c9c1be" data-mode="scan" async></script>
<!-- / Venatus Ad Manager -->

<style>
	@media (max-width:820px) {
		.battle {
			margin: 0 auto;
		}
		.battle-log {
			margin: 7px auto 0;
			max-width: 640px;
			height: 300px;
			position: static;
		}
	}
	.optgroup {
		display: inline-block;
		line-height: 22px;
		font-size: 10pt;
	}
	.optgroup .button {
		height: 25px;
		padding-top: 0;
		padding-bottom: 0;
	}
	.optgroup button.button {
		padding-left: 12px;
		padding-right: 12px;
	}
	.linklist {
		list-style: none;
		margin: 0.5em 0;
		padding: 0;
	}
	.linklist li {
		padding: 2px 0;
	}
	.sidebar {
		float: left;
		width: 320px;
	}
	.bar-wrapper {
		max-width: 1100px;
		margin: 0 auto;
	}
	.bar-wrapper.has-sidebar {
		max-width: 1430px;
	}
	.mainbar {
		margin: 0;
		padding-right: 1px;
	}
	.mainbar.has-sidebar {
		margin-left: 330px;
	}
	@media (min-width: 1511px) {
		.sidebar {
			width: 400px;
		}
		.bar-wrapper.has-sidebar {
			max-width: 1510px;
		}
		.mainbar.has-sidebar {
			margin-left: 410px;
		}
	}
	.section.first-section {
		margin-top: 9px;
	}
	.blocklink small {
		white-space: normal;
	}
	.button {
		vertical-align: middle;
	}
	.replay-controls {
		padding-top: 10px;
	}
	.replay-controls h1 {
		font-size: 16pt;
		font-weight: normal;
		color: #CCC;
	}
	.pagelink {
		text-align: center;
	}
	.pagelink a {
		width: 150px;
	}
	.textbox, .button {
		font-size: 11pt;
		vertical-align: middle;
	}
	@media (max-width: 450px) {
		.button {
			font-size: 9pt;
		}
	}
</style>

<div>

	<header>
		<div class="nav-wrapper"><ul class="nav">
			<li><a class="button nav-first" href="//pokemonshowdown.com/"><img src="//pokemonshowdown.com/images/pokemonshowdownbeta.png" srcset="//pokemonshowdown.com/images/pokemonshowdownbeta.png 1x, //pokemonshowdown.com/images/pokemonshowdownbeta@2x.png 2x" alt="Pok&eacute;mon Showdown" width="146" height="44" /> Home</a></li>
			<li><a class="button" href="//pokemonshowdown.com/dex/">Pok&eacute;dex</a></li>
			<li><a class="button cur" href="/">Replays</a></li>
			<li><a class="button" href="//pokemonshowdown.com/ladder/">Ladder</a></li>
			<li><a class="button nav-last" href="//pokemonshowdown.com/forums/">Forum</a></li>
			<li><a class="button greenbutton nav-first nav-last" href="//play.pokemonshowdown.com/">Play</a></li>
		</ul></div>
	</header>

	<div class="main" id="main">

		<noscript><section class="section">You need to enable JavaScript to use this page; sorry!</section></noscript>

	</div>

</div>

<script defer nomodule src="//play.pokemonshowdown.com/js/lib/ps-polyfill.js"></script>
<script defer src="//play.pokemonshowdown.com/js/lib/preact.min.js"></script>

<script defer src="//play.pokemonshowdown.com/config/config.js?6dec07f6"></script>
<script defer src="//play.pokemonshowdown.com/js/lib/jquery-1.11.0.min.js"></script>
<script defer src="//play.pokemonshowdown.com/js/lib/html-sanitizer-minified.js"></script>
<script defer src="//play.pokemonshowdown.com/js/battle-sound.js"></script>
<script defer src="//play.pokemonshowdown.com/js/battledata.js?0.6315294753075389"></script>
<script defer src="//play.pokemonshowdown.com/data/pokedex-mini.js?0.7603743185311358"></script>
<script defer src="//play.pokemonshowdown.com/data/pokedex-mini-bw.js?0.030888842834281283"></script>
<script defer src="//play.pokemonshowdown.com/data/graphics.js?0.05593094747507488"></script>
<script defer src="//play.pokemonshowdown.com/data/pokedex.js?0.47064822249611904"></script>
<script defer src="//play.pokemonshowdown.com/data/moves.js?0.8583693120512459"></script>
<script defer src="//play.pokemonshowdown.com/data/abilities.js?0.16017181182386842"></script>
<script defer src="//play.pokemonshowdown.com/data/items.js?0.4163379185673943"></script>
<script defer src="//play.pokemonshowdown.com/data/teambuilder-tables.js?0.31075597372830477"></script>
<script defer src="//play.pokemonshowdown.com/js/battle-tooltips.js?0.6536193500708172"></script>
<script defer src="//play.pokemonshowdown.com/js/battle.js?0.1916591943277901"></script>

<script defer src="js/utils.js?e31f9a17"></script>
<script defer src="js/replays-battle.js?7008c182"></script>

<!-- don't scrape this data! just add .json or .log after the URL!
Full API docs: https://github.com/smogon/pokemon-showdown-client/blob/master/WEB-API.md -->
<script type="text/plain" class="log" id="replaylog-smogtours-gen3ou-796612">
|inactive|Battle timer is ON: inactive players will automatically lose when time's up.
|t:|1728478697
|gametype|singles
|player|p1|RevivalTyp|170|
|player|p2|aahaahaah|1|
|teamsize|p1|6
|teamsize|p2|6
|gen|3
|tier|[Gen 3] OU
|rule|Sleep Clause Mod: Limit one foe put to sleep
|rule|Switch Priority Clause Mod: Faster Pokémon switch first
|rule|Species Clause: Limit one of each Pokémon
|rule|OHKO Clause: OHKO moves are banned
|rule|Evasion Items Clause: Evasion items are banned
|rule|Evasion Moves Clause: Evasion moves are banned
|rule|Endless Battle Clause: Forcing endless battles is banned
|rule|HP Percentage Mod: HP is shown in percentages
|rule|One Boost Passer Clause: Limit one Baton Passer that has a way to boost its stats
|rule|Freeze Clause Mod: Limit one foe frozen
|
|t:|1728478697
|start
|switch|p1a: Tyranitar|Tyranitar, F|100/100
|switch|p2a: Jirachi|Jirachi|100/100
|-weather|Sandstorm|[from] ability: Sand Stream|[of] p1a: Tyranitar
|turn|1
|
|t:|1728478720
|switch|p1a: Skarmory|Skarmory, F|100/100
|move|p2a: Jirachi|Toxic|p1a: Skarmory
|-immune|p1a: Skarmory
|
|-weather|Sandstorm|[upkeep]
|upkeep
|turn|2
|
|t:|1728478733
|switch|p1a: Hariyama|Hariyama, F|100/100
|move|p2a: Jirachi|Fire Punch|p1a: Hariyama
|-damage|p1a: Hariyama|86/100
|
|-weather|Sandstorm|[upkeep]
|-damage|p1a: Hariyama|80/100|[from] Sandstorm
|-heal|p1a: Hariyama|86/100|[from] item: Leftovers
|upkeep
|turn|3
|
|t:|1728478743
|move|p2a: Jirachi|Toxic|p1a: Hariyama
|-status|p1a: Hariyama|tox
|move|p1a: Hariyama|Knock Off|p2a: Jirachi
|-damage|p2a: Jirachi|98/100
|-enditem|p2a: Jirachi|Leftovers|[from] move: Knock Off|[of] p1a: Hariyama
|-hint|In Gens 3-4, Knock Off only makes the target's item unusable; it cannot obtain a new item.
|
|-weather|Sandstorm|[upkeep]
|-damage|p1a: Hariyama|80/100 tox|[from] Sandstorm
|-heal|p1a: Hariyama|86/100 tox|[from] item: Leftovers
|-damage|p1a: Hariyama|80/100 tox|[from] psn
|upkeep
|turn|4
|
|t:|1728478760
|switch|p1a: Blissey|Blissey, F|100/100
|move|p2a: Jirachi|Protect||[still]
|-fail|p2a: Jirachi
|
|-weather|Sandstorm|[upkeep]
|-damage|p1a: Blissey|94/100|[from] Sandstorm
|-heal|p1a: Blissey|100/100|[from] item: Leftovers
|upkeep
|turn|5
|
|t:|1728478775
|switch|p2a: Celebi|Celebi|100/100
|switch|p1a: Skarmory|Skarmory, F|100/100
|
|-weather|Sandstorm|[upkeep]
|-damage|p2a: Celebi|94/100|[from] Sandstorm
|-heal|p2a: Celebi|100/100|[from] item: Leftovers
|upkeep
|turn|6
|
|t:|1728478783
|move|p2a: Celebi|Leech Seed|p1a: Skarmory
|-start|p1a: Skarmory|move: Leech Seed
|move|p1a: Skarmory|Spikes|p2a: Celebi
|-sidestart|p2: aahaahaah|Spikes
|
|-weather|Sandstorm|[upkeep]
|-damage|p2a: Celebi|94/100|[from] Sandstorm
|-heal|p2a: Celebi|100/100|[from] item: Leftovers
|-damage|p1a: Skarmory|88/100|[from] Leech Seed|[of] p2a: Celebi
|upkeep
|turn|7
|
|t:|1728478804
|switch|p2a: Claydol|Claydol|100/100
|switch|p1a: Celebi|Celebi|100/100
|
|-weather|Sandstorm|[upkeep]
|-damage|p1a: Celebi|94/100|[from] Sandstorm
|-heal|p1a: Celebi|100/100|[from] item: Leftovers
|upkeep
|turn|8
|
|t:|1728478816
|switch|p2a: Jirachi|Jirachi|98/100
|-damage|p2a: Jirachi|86/100|[from] Spikes
|move|p1a: Celebi|Calm Mind|p1a: Celebi
|-boost|p1a: Celebi|spa|1
|-boost|p1a: Celebi|spd|1
|
|-weather|Sandstorm|[upkeep]
|-damage|p1a: Celebi|94/100|[from] Sandstorm
|-heal|p1a: Celebi|100/100|[from] item: Leftovers
|upkeep
|turn|9
|
|t:|1728478828
|move|p1a: Celebi|Leech Seed|p2a: Jirachi
|-start|p2a: Jirachi|move: Leech Seed
|move|p2a: Jirachi|Toxic|p1a: Celebi|[miss]
|-miss|p2a: Jirachi|p1a: Celebi
|
|-weather|Sandstorm|[upkeep]
|-damage|p1a: Celebi|94/100|[from] Sandstorm
|-heal|p1a: Celebi|100/100|[from] item: Leftovers
|-damage|p2a: Jirachi|74/100|[from] Leech Seed|[of] p1a: Celebi
|upkeep
|turn|10
|
|t:|1728478843
|move|p1a: Celebi|Psychic|p2a: Jirachi
|-resisted|p2a: Jirachi
|-damage|p2a: Jirachi|63/100
|-unboost|p2a: Jirachi|spd|1
|move|p2a: Jirachi|Toxic|p1a: Celebi
|-status|p1a: Celebi|tox
|
|-weather|Sandstorm|[upkeep]
|-damage|p1a: Celebi|94/100 tox|[from] Sandstorm
|-heal|p1a: Celebi|100/100 tox|[from] item: Leftovers
|-damage|p1a: Celebi|94/100 tox|[from] psn
|-damage|p2a: Jirachi|50/100|[from] Leech Seed|[of] p1a: Celebi
|-heal|p1a: Celebi|100/100 tox|[silent]
|upkeep
|turn|11
|
|t:|1728478867
|-curestatus|p1a: Celebi|tox|[from] ability: Natural Cure
|switch|p1a: Skarmory|Skarmory, F|88/100
|switch|p2a: Blissey|Blissey, F|100/100
|-damage|p2a: Blissey|88/100|[from] Spikes
|
|-weather|Sandstorm|[upkeep]
|-damage|p2a: Blissey|82/100|[from] Sandstorm
|-heal|p1a: Skarmory|94/100|[from] item: Leftovers
|-heal|p2a: Blissey|88/100|[from] item: Leftovers
|upkeep
|turn|12
|inactive|RevivalTyp has 270 seconds left.
|
|t:|1728478886
|switch|p1a: Blissey|Blissey, F|100/100
|switch|p2a: Claydol|Claydol|100/100
|
|-weather|Sandstorm|[upkeep]
|-damage|p1a: Blissey|94/100|[from] Sandstorm
|-heal|p1a: Blissey|100/100|[from] item: Leftovers
|upkeep
|turn|13
|
|t:|1728478896
|switch|p2a: Skarmory|Skarmory, F|100/100
|move|p1a: Blissey|Ice Beam|p2a: Skarmory
|-damage|p2a: Skarmory|63/100
|-status|p2a: Skarmory|frz
|
|-weather|Sandstorm|[upkeep]
|-damage|p1a: Blissey|94/100|[from] Sandstorm
|-heal|p2a: Skarmory|69/100 frz|[from] item: Leftovers
|-heal|p1a: Blissey|100/100|[from] item: Leftovers
|upkeep
|turn|14
|
|t:|1728478909
|switch|p1a: Tyranitar|Tyranitar, F|100/100
|cant|p2a: Skarmory|frz
|
|-weather|Sandstorm|[upkeep]
|-heal|p2a: Skarmory|75/100 frz|[from] item: Leftovers
|upkeep
|turn|15
|
|t:|1728478916
|-singleturn|p1a: Tyranitar|move: Focus Punch
|switch|p2a: Jirachi|Jirachi|50/100
|-damage|p2a: Jirachi|38/100|[from] Spikes
|move|p1a: Tyranitar|Focus Punch|p2a: Jirachi
|-damage|p2a: Jirachi|0 fnt
|faint|p2a: Jirachi
|
|t:|1728478925
|switch|p2a: Milotic|Milotic, F|100/100
|-damage|p2a: Milotic|88/100|[from] Spikes
|
|-weather|Sandstorm|[upkeep]
|-damage|p2a: Milotic|82/100|[from] Sandstorm
|-heal|p2a: Milotic|88/100|[from] item: Leftovers
|upkeep
|turn|16
|
|t:|1728478935
|switch|p1a: Blissey|Blissey, F|100/100
|move|p2a: Milotic|Surf|p1a: Blissey
|-damage|p1a: Blissey|87/100
|
|-weather|Sandstorm|[upkeep]
|-damage|p2a: Milotic|82/100|[from] Sandstorm
|-damage|p1a: Blissey|81/100|[from] Sandstorm
|-heal|p2a: Milotic|88/100|[from] item: Leftovers
|-heal|p1a: Blissey|87/100|[from] item: Leftovers
|upkeep
|turn|17
|
|t:|1728478952
|switch|p2a: Blissey|Blissey, F|88/100
|-damage|p2a: Blissey|76/100|[from] Spikes
|move|p1a: Blissey|Toxic|p2a: Blissey
|-status|p2a: Blissey|tox
|
|-weather|Sandstorm|[upkeep]
|-damage|p1a: Blissey|81/100|[from] Sandstorm
|-damage|p2a: Blissey|70/100 tox|[from] Sandstorm
|-heal|p1a: Blissey|87/100|[from] item: Leftovers
|-heal|p2a: Blissey|76/100 tox|[from] item: Leftovers
|-damage|p2a: Blissey|70/100 tox|[from] psn
|upkeep
|turn|18
|
|t:|1728478967
|switch|p1a: Hitmontop|Hitmontop, M|100/100
|-ability|p1a: Hitmontop|Intimidate|boost
|-unboost|p2a: Blissey|atk|1
|-curestatus|p2a: Blissey|tox|[from] ability: Natural Cure
|switch|p2a: Claydol|Claydol|100/100
|
|-weather|Sandstorm|[upkeep]
|-damage|p1a: Hitmontop|94/100|[from] Sandstorm
|upkeep
|turn|19
|
|t:|1728478976
|move|p2a: Claydol|Psychic|p1a: Hitmontop
|-supereffective|p1a: Hitmontop
|-damage|p1a: Hitmontop|49/100
|move|p1a: Hitmontop|Thief|p2a: Claydol
|-supereffective|p2a: Claydol
|-damage|p2a: Claydol|93/100
|-enditem|p2a: Claydol|Leftovers|[silent]|[from] move: Thief|[of] p1a: Hitmontop
|-item|p1a: Hitmontop|Leftovers|[from] move: Thief|[of] p2a: Claydol
|
|-weather|Sandstorm|[upkeep]
|-damage|p1a: Hitmontop|42/100|[from] Sandstorm
|-heal|p1a: Hitmontop|49/100|[from] item: Leftovers
|upkeep
|turn|20
|
|t:|1728478990
|switch|p1a: Blissey|Blissey, F|87/100
|move|p2a: Claydol|Rapid Spin|p1a: Blissey
|-damage|p1a: Blissey|82/100
|-sideend|p2: aahaahaah|Spikes|[from] move: Rapid Spin|[of] p2a: Claydol
|
|-weather|Sandstorm|[upkeep]
|-damage|p1a: Blissey|76/100|[from] Sandstorm
|-heal|p1a: Blissey|82/100|[from] item: Leftovers
|upkeep
|turn|21
|
|t:|1728479005
|switch|p2a: Blissey|Blissey, F|70/100
|move|p1a: Blissey|Toxic|p2a: Blissey
|-status|p2a: Blissey|tox
|
|-weather|Sandstorm|[upkeep]
|-damage|p1a: Blissey|76/100|[from] Sandstorm
|-damage|p2a: Blissey|63/100 tox|[from] Sandstorm
|-heal|p1a: Blissey|82/100|[from] item: Leftovers
|-heal|p2a: Blissey|70/100 tox|[from] item: Leftovers
|-damage|p2a: Blissey|63/100 tox|[from] psn
|upkeep
|turn|22
|
|t:|1728479021
|switch|p1a: Hariyama|Hariyama, F|80/100 tox
|-curestatus|p2a: Blissey|tox|[from] ability: Natural Cure
|switch|p2a: Celebi|Celebi|100/100
|
|-weather|Sandstorm|[upkeep]
|-damage|p2a: Celebi|94/100|[from] Sandstorm
|-damage|p1a: Hariyama|74/100 tox|[from] Sandstorm
|-heal|p2a: Celebi|100/100|[from] item: Leftovers
|-heal|p1a: Hariyama|80/100 tox|[from] item: Leftovers
|-damage|p1a: Hariyama|74/100 tox|[from] psn
|upkeep
|turn|23
|
|t:|1728479043
|switch|p2a: Claydol|Claydol|93/100
|switch|p1a: Skarmory|Skarmory, F|94/100
|
|-weather|Sandstorm|[upkeep]
|-heal|p1a: Skarmory|99/100|[from] item: Leftovers
|upkeep
|turn|24
|
|t:|1728479054
|move|p2a: Claydol|Psychic|p1a: Skarmory
|-resisted|p1a: Skarmory
|-damage|p1a: Skarmory|90/100
|move|p1a: Skarmory|Spikes|p2a: Claydol
|-sidestart|p2: aahaahaah|Spikes
|
|-weather|Sandstorm|[upkeep]
|-heal|p1a: Skarmory|96/100|[from] item: Leftovers
|upkeep
|turn|25
|
|t:|1728479067
|switch|p1a: Blissey|Blissey, F|82/100
|move|p2a: Claydol|Rapid Spin|p1a: Blissey
|-damage|p1a: Blissey|77/100
|-sideend|p2: aahaahaah|Spikes|[from] move: Rapid Spin|[of] p2a: Claydol
|
|-weather|Sandstorm|[upkeep]
|-damage|p1a: Blissey|71/100|[from] Sandstorm
|-heal|p1a: Blissey|77/100|[from] item: Leftovers
|upkeep
|turn|26
|
|t:|1728479078
|switch|p2a: Celebi|Celebi|100/100
|move|p1a: Blissey|Toxic|p2a: Celebi
|-status|p2a: Celebi|tox
|
|-weather|Sandstorm|[upkeep]
|-damage|p2a: Celebi|94/100 tox|[from] Sandstorm
|-damage|p1a: Blissey|71/100|[from] Sandstorm
|-heal|p2a: Celebi|100/100 tox|[from] item: Leftovers
|-damage|p2a: Celebi|94/100 tox|[from] psn
|-heal|p1a: Blissey|77/100|[from] item: Leftovers
|upkeep
|turn|27
|
|t:|1728479089
|switch|p1a: Celebi|Celebi|100/100
|move|p2a: Celebi|Leech Seed|p1a: Celebi
|-immune|p1a: Celebi
|
|-weather|Sandstorm|[upkeep]
|-damage|p2a: Celebi|88/100 tox|[from] Sandstorm
|-damage|p1a: Celebi|94/100|[from] Sandstorm
|-heal|p2a: Celebi|94/100 tox|[from] item: Leftovers
|-damage|p2a: Celebi|82/100 tox|[from] psn
|-heal|p1a: Celebi|100/100|[from] item: Leftovers
|upkeep
|turn|28
|
|t:|1728479103
|-curestatus|p2a: Celebi|tox|[from] ability: Natural Cure
|switch|p2a: Blissey|Blissey, F|63/100
|move|p1a: Celebi|Calm Mind|p1a: Celebi
|-boost|p1a: Celebi|spa|1
|-boost|p1a: Celebi|spd|1
|
|-weather|Sandstorm|[upkeep]
|-damage|p1a: Celebi|94/100|[from] Sandstorm
|-damage|p2a: Blissey|57/100|[from] Sandstorm
|-heal|p1a: Celebi|100/100|[from] item: Leftovers
|-heal|p2a: Blissey|63/100|[from] item: Leftovers
|upkeep
|turn|29
|
|t:|1728479118
|switch|p1a: Hariyama|Hariyama, F|74/100 tox
|move|p2a: Blissey|Soft-Boiled|p2a: Blissey
|-heal|p2a: Blissey|100/100
|
|-weather|Sandstorm|[upkeep]
|-damage|p2a: Blissey|94/100|[from] Sandstorm
|-damage|p1a: Hariyama|68/100 tox|[from] Sandstorm
|-heal|p2a: Blissey|100/100|[from] item: Leftovers
|-heal|p1a: Hariyama|74/100 tox|[from] item: Leftovers
|-damage|p1a: Hariyama|68/100 tox|[from] psn
|upkeep
|turn|30
|
|t:|1728479130
|switch|p2a: Celebi|Celebi|82/100
|move|p1a: Hariyama|Hidden Power|p2a: Celebi
|-supereffective|p2a: Celebi
|-damage|p2a: Celebi|38/100
|
|-weather|Sandstorm|[upkeep]
|-damage|p2a: Celebi|32/100|[from] Sandstorm
|-damage|p1a: Hariyama|62/100 tox|[from] Sandstorm
|-heal|p2a: Celebi|38/100|[from] item: Leftovers
|-heal|p1a: Hariyama|68/100 tox|[from] item: Leftovers
|-damage|p1a: Hariyama|56/100 tox|[from] psn
|upkeep
|turn|31
|
|t:|1728479152
|switch|p1a: Blissey|Blissey, F|77/100
|move|p2a: Celebi|Recover|p2a: Celebi
|-heal|p2a: Celebi|88/100
|
|-weather|Sandstorm|[upkeep]
|-damage|p2a: Celebi|82/100|[from] Sandstorm
|-damage|p1a: Blissey|71/100|[from] Sandstorm
|-heal|p2a: Celebi|88/100|[from] item: Leftovers
|-heal|p1a: Blissey|77/100|[from] item: Leftovers
|upkeep
|turn|32
|
|t:|1728479162
|move|p2a: Celebi|Leech Seed|p1a: Blissey
|-start|p1a: Blissey|move: Leech Seed
|move|p1a: Blissey|Toxic|p2a: Celebi|[miss]
|-miss|p1a: Blissey|p2a: Celebi
|
|-weather|Sandstorm|[upkeep]
|-damage|p2a: Celebi|82/100|[from] Sandstorm
|-damage|p1a: Blissey|71/100|[from] Sandstorm
|-heal|p2a: Celebi|88/100|[from] item: Leftovers
|-heal|p1a: Blissey|77/100|[from] item: Leftovers
|-damage|p1a: Blissey|65/100|[from] Leech Seed|[of] p2a: Celebi
|-heal|p2a: Celebi|100/100|[silent]
|upkeep
|turn|33
|
|t:|1728479176
|move|p2a: Celebi|Calm Mind|p2a: Celebi
|-boost|p2a: Celebi|spa|1
|-boost|p2a: Celebi|spd|1
|move|p1a: Blissey|Toxic|p2a: Celebi
|-status|p2a: Celebi|tox
|
|-weather|Sandstorm|[upkeep]
|-damage|p2a: Celebi|94/100 tox|[from] Sandstorm
|-damage|p1a: Blissey|58/100|[from] Sandstorm
|-heal|p2a: Celebi|100/100 tox|[from] item: Leftovers
|-damage|p2a: Celebi|94/100 tox|[from] psn
|-heal|p1a: Blissey|65/100|[from] item: Leftovers
|-damage|p1a: Blissey|52/100|[from] Leech Seed|[of] p2a: Celebi
|-heal|p2a: Celebi|100/100 tox|[silent]
|upkeep
|turn|34
|
|t:|1728479191
|move|p2a: Celebi|Calm Mind|p2a: Celebi
|-boost|p2a: Celebi|spa|1
|-boost|p2a: Celebi|spd|1
|move|p1a: Blissey|Soft-Boiled|p1a: Blissey
|-heal|p1a: Blissey|100/100
|
|-weather|Sandstorm|[upkeep]
|-damage|p2a: Celebi|94/100 tox|[from] Sandstorm
|-damage|p1a: Blissey|94/100|[from] Sandstorm
|-heal|p2a: Celebi|100/100 tox|[from] item: Leftovers
|-damage|p2a: Celebi|88/100 tox|[from] psn
|-heal|p1a: Blissey|100/100|[from] item: Leftovers
|-damage|p1a: Blissey|88/100|[from] Leech Seed|[of] p2a: Celebi
|-heal|p2a: Celebi|100/100 tox|[silent]
|upkeep
|turn|35
|inactive|RevivalTyp has 270 seconds left.
|
|t:|1728479211
|switch|p1a: Skarmory|Skarmory, F|96/100
|move|p2a: Celebi|Hidden Power|p1a: Skarmory
|-resisted|p1a: Skarmory
|-damage|p1a: Skarmory|83/100
|
|-weather|Sandstorm|[upkeep]
|-damage|p2a: Celebi|94/100 tox|[from] Sandstorm
|-heal|p2a: Celebi|100/100 tox|[from] item: Leftovers
|-damage|p2a: Celebi|82/100 tox|[from] psn
|-heal|p1a: Skarmory|89/100|[from] item: Leftovers
|upkeep
|turn|36
|inactive|RevivalTyp has 270 seconds left.
|
|t:|1728479241
|-curestatus|p2a: Celebi|tox|[from] ability: Natural Cure
|switch|p2a: Claydol|Claydol|93/100
|switch|p1a: Celebi|Celebi|100/100
|
|-weather|Sandstorm|[upkeep]
|-damage|p1a: Celebi|94/100|[from] Sandstorm
|-heal|p1a: Celebi|100/100|[from] item: Leftovers
|upkeep
|turn|37
|
|t:|1728479253
|switch|p1a: Tyranitar|Tyranitar, F|100/100
|switch|p2a: Celebi|Celebi|82/100
|
|-weather|Sandstorm|[upkeep]
|-damage|p2a: Celebi|76/100|[from] Sandstorm
|-heal|p2a: Celebi|82/100|[from] item: Leftovers
|upkeep
|turn|38
|
|t:|1728479264
|switch|p2a: Milotic|Milotic, F|88/100
|move|p1a: Tyranitar|Hidden Power|p2a: Milotic
|-damage|p2a: Milotic|61/100
|
|-weather|Sandstorm|[upkeep]
|-damage|p2a: Milotic|55/100|[from] Sandstorm
|-heal|p2a: Milotic|61/100|[from] item: Leftovers
|upkeep
|turn|39
|
|t:|1728479282
|switch|p1a: Blissey|Blissey, F|88/100
|move|p2a: Milotic|Recover|p2a: Milotic
|-heal|p2a: Milotic|100/100
|
|-weather|Sandstorm|[upkeep]
|-damage|p2a: Milotic|94/100|[from] Sandstorm
|-damage|p1a: Blissey|82/100|[from] Sandstorm
|-heal|p2a: Milotic|100/100|[from] item: Leftovers
|-heal|p1a: Blissey|88/100|[from] item: Leftovers
|upkeep
|turn|40
|
|t:|1728479295
|switch|p2a: Skarmory|Skarmory, F|75/100 frz
|switch|p1a: Celebi|Celebi|100/100
|
|-weather|Sandstorm|[upkeep]
|-damage|p1a: Celebi|94/100|[from] Sandstorm
|-heal|p1a: Celebi|100/100|[from] item: Leftovers
|-heal|p2a: Skarmory|81/100 frz|[from] item: Leftovers
|upkeep
|turn|41
|
|t:|1728479306
|switch|p1a: Tyranitar|Tyranitar, F|100/100
|cant|p2a: Skarmory|frz
|
|-weather|Sandstorm|[upkeep]
|-heal|p2a: Skarmory|87/100 frz|[from] item: Leftovers
|upkeep
|turn|42
|
|t:|1728479315
|-singleturn|p1a: Tyranitar|move: Focus Punch
|cant|p2a: Skarmory|frz
|move|p1a: Tyranitar|Focus Punch|p2a: Skarmory
|-damage|p2a: Skarmory|36/100 frz
|
|-weather|Sandstorm|[upkeep]
|-heal|p2a: Skarmory|42/100 frz|[from] item: Leftovers
|upkeep
|turn|43
|
|t:|1728479323
|-singleturn|p1a: Tyranitar|move: Focus Punch
|switch|p2a: Milotic|Milotic, F|100/100
|move|p1a: Tyranitar|Focus Punch|p2a: Milotic
|-damage|p2a: Milotic|37/100
|
|-weather|Sandstorm|[upkeep]
|-damage|p2a: Milotic|30/100|[from] Sandstorm
|-heal|p2a: Milotic|37/100|[from] item: Leftovers
|upkeep
|turn|44
|inactive|RevivalTyp has 270 seconds left.
|
|t:|1728479340
|-singleturn|p1a: Tyranitar|move: Focus Punch
|move|p2a: Milotic|Recover|p2a: Milotic
|-heal|p2a: Milotic|87/100
|move|p1a: Tyranitar|Focus Punch|p2a: Milotic
|-damage|p2a: Milotic|21/100
|
|-weather|Sandstorm|[upkeep]
|-damage|p2a: Milotic|15/100|[from] Sandstorm
|-heal|p2a: Milotic|21/100|[from] item: Leftovers
|upkeep
|turn|45
|
|t:|1728479355
|switch|p1a: Celebi|Celebi|100/100
|move|p2a: Milotic|Recover|p2a: Milotic
|-heal|p2a: Milotic|71/100
|
|-weather|Sandstorm|[upkeep]
|-damage|p1a: Celebi|94/100|[from] Sandstorm
|-damage|p2a: Milotic|65/100|[from] Sandstorm
|-heal|p1a: Celebi|100/100|[from] item: Leftovers
|-heal|p2a: Milotic|71/100|[from] item: Leftovers
|upkeep
|turn|46
|
|t:|1728479365
|switch|p2a: Blissey|Blissey, F|100/100
|move|p1a: Celebi|Leech Seed|p2a: Blissey|[miss]
|-miss|p1a: Celebi|p2a: Blissey
|
|-weather|Sandstorm|[upkeep]
|-damage|p1a: Celebi|94/100|[from] Sandstorm
|-damage|p2a: Blissey|94/100|[from] Sandstorm
|-heal|p1a: Celebi|100/100|[from] item: Leftovers
|-heal|p2a: Blissey|100/100|[from] item: Leftovers
|upkeep
|turn|47
|
|t:|1728479375
|move|p1a: Celebi|Leech Seed|p2a: Blissey
|-start|p2a: Blissey|move: Leech Seed
|move|p2a: Blissey|Ice Beam|p1a: Celebi
|-supereffective|p1a: Celebi
|-damage|p1a: Celebi|60/100
|-status|p1a: Celebi|frz
|
|-weather|Sandstorm|[upkeep]
|-damage|p1a: Celebi|54/100 frz|[from] Sandstorm
|-damage|p2a: Blissey|94/100|[from] Sandstorm
|-heal|p1a: Celebi|60/100 frz|[from] item: Leftovers
|-heal|p2a: Blissey|100/100|[from] item: Leftovers
|-damage|p2a: Blissey|88/100|[from] Leech Seed|[of] p1a: Celebi
|-heal|p1a: Celebi|80/100 frz|[silent]
|upkeep
|turn|48
|inactive|RevivalTyp has 270 seconds left.
|
|t:|1728479403
|-curestatus|p1a: Celebi|frz|[from] ability: Natural Cure
|switch|p1a: Blissey|Blissey, F|88/100
|switch|p2a: Celebi|Celebi|82/100
|
|-weather|Sandstorm|[upkeep]
|-damage|p2a: Celebi|76/100|[from] Sandstorm
|-damage|p1a: Blissey|82/100|[from] Sandstorm
|-heal|p2a: Celebi|82/100|[from] item: Leftovers
|-heal|p1a: Blissey|88/100|[from] item: Leftovers
|upkeep
|turn|49
|
|t:|1728479417
|move|p2a: Celebi|Leech Seed|p1a: Blissey
|-start|p1a: Blissey|move: Leech Seed
|move|p1a: Blissey|Ice Beam|p2a: Celebi
|-supereffective|p2a: Celebi
|-damage|p2a: Celebi|44/100
|
|-weather|Sandstorm|[upkeep]
|-damage|p2a: Celebi|38/100|[from] Sandstorm
|-damage|p1a: Blissey|82/100|[from] Sandstorm
|-heal|p2a: Celebi|44/100|[from] item: Leftovers
|-heal|p1a: Blissey|88/100|[from] item: Leftovers
|-damage|p1a: Blissey|76/100|[from] Leech Seed|[of] p2a: Celebi
|-heal|p2a: Celebi|64/100|[silent]
|upkeep
|turn|50
|
|t:|1728479428
|move|p2a: Celebi|Calm Mind|p2a: Celebi
|-boost|p2a: Celebi|spa|1
|-boost|p2a: Celebi|spd|1
|move|p1a: Blissey|Toxic|p2a: Celebi
|-status|p2a: Celebi|tox
|
|-weather|Sandstorm|[upkeep]
|-damage|p2a: Celebi|58/100 tox|[from] Sandstorm
|-damage|p1a: Blissey|69/100|[from] Sandstorm
|-heal|p2a: Celebi|64/100 tox|[from] item: Leftovers
|-damage|p2a: Celebi|58/100 tox|[from] psn
|-heal|p1a: Blissey|76/100|[from] item: Leftovers
|-damage|p1a: Blissey|63/100|[from] Leech Seed|[of] p2a: Celebi
|-heal|p2a: Celebi|78/100 tox|[silent]
|upkeep
|turn|51
|
|t:|1728479441
|switch|p1a: Skarmory|Skarmory, F|89/100
|move|p2a: Celebi|Hidden Power|p1a: Skarmory
|-resisted|p1a: Skarmory
|-damage|p1a: Skarmory|81/100
|
|-weather|Sandstorm|[upkeep]
|-damage|p2a: Celebi|72/100 tox|[from] Sandstorm
|-heal|p2a: Celebi|78/100 tox|[from] item: Leftovers
|-damage|p2a: Celebi|66/100 tox|[from] psn
|-heal|p1a: Skarmory|87/100|[from] item: Leftovers
|upkeep
|turn|52
|
|t:|1728479453
|-curestatus|p2a: Celebi|tox|[from] ability: Natural Cure
|switch|p2a: Skarmory|Skarmory, F|42/100 frz
|move|p1a: Skarmory|Roar|p2a: Skarmory
|drag|p2a: Milotic|Milotic, F|71/100
|
|-weather|Sandstorm|[upkeep]
|-damage|p2a: Milotic|65/100|[from] Sandstorm
|-heal|p2a: Milotic|71/100|[from] item: Leftovers
|-heal|p1a: Skarmory|93/100|[from] item: Leftovers
|upkeep
|turn|53
|
|t:|1728479470
|move|p2a: Milotic|Hidden Power|p1a: Skarmory
|-supereffective|p1a: Skarmory
|-damage|p1a: Skarmory|64/100
|move|p1a: Skarmory|Spikes|p2a: Milotic
|-sidestart|p2: aahaahaah|Spikes
|
|-weather|Sandstorm|[upkeep]
|-damage|p2a: Milotic|65/100|[from] Sandstorm
|-heal|p2a: Milotic|71/100|[from] item: Leftovers
|-heal|p1a: Skarmory|70/100|[from] item: Leftovers
|upkeep
|turn|54
|
|t:|1728479494
|switch|p2a: Claydol|Claydol|93/100
|switch|p1a: Blissey|Blissey, F|63/100
|
|-weather|Sandstorm|[upkeep]
|-damage|p1a: Blissey|57/100|[from] Sandstorm
|-heal|p1a: Blissey|63/100|[from] item: Leftovers
|upkeep
|turn|55
|
|t:|1728479502
|switch|p2a: Skarmory|Skarmory, F|42/100 frz
|move|p1a: Blissey|Ice Beam|p2a: Skarmory
|-damage|p2a: Skarmory|9/100 frz
|
|-weather|Sandstorm|[upkeep]
|-damage|p1a: Blissey|57/100|[from] Sandstorm
|-heal|p2a: Skarmory|15/100 frz|[from] item: Leftovers
|-heal|p1a: Blissey|63/100|[from] item: Leftovers
|upkeep
|turn|56
|
|t:|1728479516
|switch|p2a: Blissey|Blissey, F|88/100
|-damage|p2a: Blissey|76/100|[from] Spikes
|move|p1a: Blissey|Ice Beam|p2a: Blissey
|-damage|p2a: Blissey|66/100
|
|-weather|Sandstorm|[upkeep]
|-damage|p1a: Blissey|57/100|[from] Sandstorm
|-damage|p2a: Blissey|59/100|[from] Sandstorm
|-heal|p1a: Blissey|63/100|[from] item: Leftovers
|-heal|p2a: Blissey|66/100|[from] item: Leftovers
|upkeep
|turn|57
|inactive|RevivalTyp has 240 seconds left.
|
|t:|1728479547
|move|p1a: Blissey|Soft-Boiled|p1a: Blissey
|-heal|p1a: Blissey|100/100
|move|p2a: Blissey|Seismic Toss|p1a: Blissey
|-damage|p1a: Blissey|85/100
|
|-weather|Sandstorm|[upkeep]
|-damage|p1a: Blissey|79/100|[from] Sandstorm
|-damage|p2a: Blissey|59/100|[from] Sandstorm
|-heal|p1a: Blissey|85/100|[from] item: Leftovers
|-heal|p2a: Blissey|66/100|[from] item: Leftovers
|upkeep
|turn|58
|
|t:|1728479558
|move|p1a: Blissey|Toxic|p2a: Blissey
|-status|p2a: Blissey|tox
|move|p2a: Blissey|Seismic Toss|p1a: Blissey
|-damage|p1a: Blissey|70/100
|
|-weather|Sandstorm|[upkeep]
|-damage|p1a: Blissey|64/100|[from] Sandstorm
|-damage|p2a: Blissey|59/100 tox|[from] Sandstorm
|-heal|p1a: Blissey|70/100|[from] item: Leftovers
|-heal|p2a: Blissey|66/100 tox|[from] item: Leftovers
|-damage|p2a: Blissey|59/100 tox|[from] psn
|upkeep
|turn|59
|inactive|aahaahaah has 270 seconds left.
|
|t:|1728479589
|switch|p1a: Hariyama|Hariyama, F|56/100 tox
|-curestatus|p2a: Blissey|tox|[from] ability: Natural Cure
|switch|p2a: Claydol|Claydol|93/100
|
|-weather|Sandstorm|[upkeep]
|-damage|p1a: Hariyama|49/100 tox|[from] Sandstorm
|-heal|p1a: Hariyama|56/100 tox|[from] item: Leftovers
|-damage|p1a: Hariyama|49/100 tox|[from] psn
|upkeep
|turn|60
|inactive|RevivalTyp has 210 seconds left.
|
|t:|1728479604
|move|p2a: Claydol|Psychic|p1a: Hariyama
|-supereffective|p1a: Hariyama
|-damage|p1a: Hariyama|8/100 tox
|move|p1a: Hariyama|Hidden Power|p2a: Claydol
|-supereffective|p2a: Claydol
|-damage|p2a: Claydol|32/100
|
|-weather|Sandstorm|[upkeep]
|-damage|p1a: Hariyama|2/100 tox|[from] Sandstorm
|-heal|p1a: Hariyama|8/100 tox|[from] item: Leftovers
|-damage|p1a: Hariyama|0 fnt|[from] psn
|faint|p1a: Hariyama
|upkeep
|inactive|RevivalTyp has 210 seconds left.
|
|t:|1728479632
|switch|p1a: Blissey|Blissey, F|70/100
|turn|61
|
|t:|1728479639
|switch|p2a: Blissey|Blissey, F|59/100
|-damage|p2a: Blissey|47/100|[from] Spikes
|move|p1a: Blissey|Ice Beam|p2a: Blissey
|-damage|p2a: Blissey|37/100
|-message|Freeze Clause activated.
|
|-weather|Sandstorm|[upkeep]
|-damage|p1a: Blissey|64/100|[from] Sandstorm
|-damage|p2a: Blissey|31/100|[from] Sandstorm
|-heal|p1a: Blissey|70/100|[from] item: Leftovers
|-heal|p2a: Blissey|37/100|[from] item: Leftovers
|upkeep
|turn|62
|inactive|RevivalTyp has 180 seconds left.
|
|t:|1728479666
|switch|p1a: Skarmory|Skarmory, F|70/100
|move|p2a: Blissey|Soft-Boiled|p2a: Blissey
|-heal|p2a: Blissey|87/100
|
|-weather|Sandstorm|[upkeep]
|-damage|p2a: Blissey|81/100|[from] Sandstorm
|-heal|p1a: Skarmory|76/100|[from] item: Leftovers
|-heal|p2a: Blissey|87/100|[from] item: Leftovers
|upkeep
|turn|63
|inactive|RevivalTyp has 180 seconds left.
|
|t:|1728479676
|move|p2a: Blissey|Seismic Toss|p1a: Skarmory
|-damage|p1a: Skarmory|46/100
|move|p1a: Skarmory|Roar|p2a: Blissey
|drag|p2a: Celebi|Celebi|66/100
|-damage|p2a: Celebi|53/100|[from] Spikes
|
|-weather|Sandstorm|[upkeep]
|-damage|p2a: Celebi|47/100|[from] Sandstorm
|-heal|p2a: Celebi|53/100|[from] item: Leftovers
|-heal|p1a: Skarmory|52/100|[from] item: Leftovers
|upkeep
|turn|64
|inactive|RevivalTyp has 180 seconds left.
|
|t:|1728479696
|move|p2a: Celebi|Leech Seed|p1a: Skarmory
|-start|p1a: Skarmory|move: Leech Seed
|move|p1a: Skarmory|Spikes|p2a: Celebi
|-sidestart|p2: aahaahaah|Spikes
|
|-weather|Sandstorm|[upkeep]
|-damage|p2a: Celebi|47/100|[from] Sandstorm
|-heal|p2a: Celebi|53/100|[from] item: Leftovers
|-heal|p1a: Skarmory|58/100|[from] item: Leftovers
|-damage|p1a: Skarmory|46/100|[from] Leech Seed|[of] p2a: Celebi
|-heal|p2a: Celebi|63/100|[silent]
|upkeep
|turn|65
|inactive|RevivalTyp has 180 seconds left.
|
|t:|1728479708
|switch|p2a: Claydol|Claydol|32/100
|switch|p1a: Blissey|Blissey, F|70/100
|
|-weather|Sandstorm|[upkeep]
|-damage|p1a: Blissey|64/100|[from] Sandstorm
|-heal|p1a: Blissey|70/100|[from] item: Leftovers
|upkeep
|turn|66
|inactive|RevivalTyp has 180 seconds left.
|
|t:|1728479717
|switch|p2a: Blissey|Blissey, F|87/100
|-damage|p2a: Blissey|71/100|[from] Spikes
|move|p1a: Blissey|Ice Beam|p2a: Blissey
|-damage|p2a: Blissey|61/100
|
|-weather|Sandstorm|[upkeep]
|-damage|p1a: Blissey|64/100|[from] Sandstorm
|-damage|p2a: Blissey|55/100|[from] Sandstorm
|-heal|p1a: Blissey|70/100|[from] item: Leftovers
|-heal|p2a: Blissey|61/100|[from] item: Leftovers
|upkeep
|turn|67
|inactive|RevivalTyp has 180 seconds left.
|
|t:|1728479729
|switch|p1a: Celebi|Celebi|80/100
|move|p2a: Blissey|Toxic|p1a: Celebi
|-status|p1a: Celebi|tox
|
|-weather|Sandstorm|[upkeep]
|-damage|p1a: Celebi|74/100 tox|[from] Sandstorm
|-damage|p2a: Blissey|55/100|[from] Sandstorm
|-heal|p1a: Celebi|80/100 tox|[from] item: Leftovers
|-damage|p1a: Celebi|74/100 tox|[from] psn
|-heal|p2a: Blissey|61/100|[from] item: Leftovers
|upkeep
|turn|68
|inactive|RevivalTyp has 180 seconds left.
|
|t:|1728479740
|move|p1a: Celebi|Leech Seed|p2a: Blissey
|-start|p2a: Blissey|move: Leech Seed
|move|p2a: Blissey|Ice Beam|p1a: Celebi
|-supereffective|p1a: Celebi
|-damage|p1a: Celebi|36/100 tox
|
|-weather|Sandstorm|[upkeep]
|-damage|p1a: Celebi|29/100 tox|[from] Sandstorm
|-damage|p2a: Blissey|55/100|[from] Sandstorm
|-heal|p1a: Celebi|36/100 tox|[from] item: Leftovers
|-damage|p1a: Celebi|23/100 tox|[from] psn
|-heal|p2a: Blissey|61/100|[from] item: Leftovers
|-damage|p2a: Blissey|48/100|[from] Leech Seed|[of] p1a: Celebi
|-heal|p1a: Celebi|43/100 tox|[silent]
|upkeep
|turn|69
|inactive|RevivalTyp has 180 seconds left.
|
|t:|1728479759
|switch|p2a: Celebi|Celebi|63/100
|-damage|p2a: Celebi|47/100|[from] Spikes
|move|p1a: Celebi|Recover|p1a: Celebi
|-heal|p1a: Celebi|93/100 tox
|
|-weather|Sandstorm|[upkeep]
|-damage|p2a: Celebi|41/100|[from] Sandstorm
|-damage|p1a: Celebi|87/100 tox|[from] Sandstorm
|-heal|p2a: Celebi|47/100|[from] item: Leftovers
|-heal|p1a: Celebi|93/100 tox|[from] item: Leftovers
|-damage|p1a: Celebi|75/100 tox|[from] psn
|upkeep
|turn|70
|inactive|RevivalTyp has 180 seconds left.
|
|t:|1728479776
|-curestatus|p1a: Celebi|tox|[from] ability: Natural Cure
|switch|p1a: Skarmory|Skarmory, F|46/100
|move|p2a: Celebi|Recover|p2a: Celebi
|-heal|p2a: Celebi|97/100
|
|-weather|Sandstorm|[upkeep]
|-damage|p2a: Celebi|91/100|[from] Sandstorm
|-heal|p2a: Celebi|97/100|[from] item: Leftovers
|-heal|p1a: Skarmory|52/100|[from] item: Leftovers
|upkeep
|turn|71
|
|t:|1728479791
|switch|p2a: Claydol|Claydol|32/100
|move|p1a: Skarmory|Roar|p2a: Claydol
|drag|p2a: Skarmory|Skarmory, F|15/100 frz
|
|-weather|Sandstorm|[upkeep]
|-heal|p1a: Skarmory|58/100|[from] item: Leftovers
|-heal|p2a: Skarmory|21/100 frz|[from] item: Leftovers
|upkeep
|turn|72
|
|t:|1728479817
|switch|p2a: Milotic|Milotic, F|71/100
|-damage|p2a: Milotic|55/100|[from] Spikes
|switch|p1a: Tyranitar|Tyranitar, F|100/100
|
|-weather|Sandstorm|[upkeep]
|-damage|p2a: Milotic|49/100|[from] Sandstorm
|-heal|p2a: Milotic|55/100|[from] item: Leftovers
|upkeep
|turn|73
|inactive|RevivalTyp has 150 seconds left.
|
|t:|1728479843
|move|p2a: Milotic|Surf|p1a: Tyranitar
|-supereffective|p1a: Tyranitar
|-damage|p1a: Tyranitar|50/100
|move|p1a: Tyranitar|Rock Slide|p2a: Milotic
|-damage|p2a: Milotic|9/100
|
|-weather|Sandstorm|[upkeep]
|-damage|p2a: Milotic|3/100|[from] Sandstorm
|-heal|p2a: Milotic|9/100|[from] item: Leftovers
|upkeep
|turn|74
|
|t:|1728479861
|move|p2a: Milotic|Surf|p1a: Tyranitar
|-supereffective|p1a: Tyranitar
|-crit|p1a: Tyranitar
|-damage|p1a: Tyranitar|0 fnt
|faint|p1a: Tyranitar
|
|t:|1728479869
|switch|p1a: Celebi|Celebi|75/100
|
|-weather|Sandstorm|[upkeep]
|-damage|p1a: Celebi|69/100|[from] Sandstorm
|-damage|p2a: Milotic|3/100|[from] Sandstorm
|-heal|p1a: Celebi|75/100|[from] item: Leftovers
|-heal|p2a: Milotic|9/100|[from] item: Leftovers
|upkeep
|turn|75
|inactive|aahaahaah has 270 seconds left.
|
|t:|1728479904
|switch|p2a: Celebi|Celebi|97/100
|-damage|p2a: Celebi|80/100|[from] Spikes
|move|p1a: Celebi|Psychic|p2a: Celebi
|-resisted|p2a: Celebi
|-damage|p2a: Celebi|67/100
|
|-weather|Sandstorm|[upkeep]
|-damage|p2a: Celebi|61/100|[from] Sandstorm
|-damage|p1a: Celebi|69/100|[from] Sandstorm
|-heal|p2a: Celebi|67/100|[from] item: Leftovers
|-heal|p1a: Celebi|75/100|[from] item: Leftovers
|upkeep
|turn|76
|inactive|aahaahaah has 270 seconds left.
|
|t:|1728479925
|switch|p1a: Skarmory|Skarmory, F|58/100
|move|p2a: Celebi|Calm Mind|p2a: Celebi
|-boost|p2a: Celebi|spa|1
|-boost|p2a: Celebi|spd|1
|
|-weather|Sandstorm|[upkeep]
|-damage|p2a: Celebi|61/100|[from] Sandstorm
|-heal|p2a: Celebi|67/100|[from] item: Leftovers
|-heal|p1a: Skarmory|64/100|[from] item: Leftovers
|upkeep
|turn|77
|
|t:|1728479941
|move|p2a: Celebi|Leech Seed|p1a: Skarmory|[miss]
|-miss|p2a: Celebi|p1a: Skarmory
|move|p1a: Skarmory|Roar|p2a: Celebi
|drag|p2a: Milotic|Milotic, F|9/100
|-damage|p2a: Milotic|0 fnt|[from] Spikes
|faint|p2a: Milotic
|
|t:|1728479947
|switch|p2a: Claydol|Claydol|32/100
|
|-weather|Sandstorm|[upkeep]
|-heal|p1a: Skarmory|70/100|[from] item: Leftovers
|upkeep
|turn|78
|
|t:|1728479964
|switch|p1a: Hitmontop|Hitmontop, M|49/100
|-ability|p1a: Hitmontop|Intimidate|boost
|-unboost|p2a: Claydol|atk|1
|move|p2a: Claydol|Rapid Spin|p1a: Hitmontop
|-damage|p1a: Hitmontop|46/100
|-sideend|p2: aahaahaah|Spikes|[from] move: Rapid Spin|[of] p2a: Claydol
|
|-weather|Sandstorm|[upkeep]
|-damage|p1a: Hitmontop|39/100|[from] Sandstorm
|-heal|p1a: Hitmontop|46/100|[from] item: Leftovers
|upkeep
|turn|79
|
|t:|1728479977
|switch|p2a: Celebi|Celebi|67/100
|move|p1a: Hitmontop|Hidden Power|p2a: Celebi
|-supereffective|p2a: Celebi
|-damage|p2a: Celebi|45/100
|
|-weather|Sandstorm|[upkeep]
|-damage|p2a: Celebi|39/100|[from] Sandstorm
|-damage|p1a: Hitmontop|39/100|[from] Sandstorm
|-heal|p2a: Celebi|45/100|[from] item: Leftovers
|-heal|p1a: Hitmontop|46/100|[from] item: Leftovers
|upkeep
|turn|80
|
|t:|1728479990
|switch|p1a: Skarmory|Skarmory, F|70/100
|move|p2a: Celebi|Recover|p2a: Celebi
|-heal|p2a: Celebi|95/100
|
|-weather|Sandstorm|[upkeep]
|-damage|p2a: Celebi|89/100|[from] Sandstorm
|-heal|p2a: Celebi|95/100|[from] item: Leftovers
|-heal|p1a: Skarmory|76/100|[from] item: Leftovers
|upkeep
|turn|81
|
|t:|1728480000
|move|p2a: Celebi|Leech Seed|p1a: Skarmory|[miss]
|-miss|p2a: Celebi|p1a: Skarmory
|move|p1a: Skarmory|Spikes|p2a: Celebi
|-sidestart|p2: aahaahaah|Spikes
|
|-weather|Sandstorm|[upkeep]
|-damage|p2a: Celebi|89/100|[from] Sandstorm
|-heal|p2a: Celebi|95/100|[from] item: Leftovers
|-heal|p1a: Skarmory|82/100|[from] item: Leftovers
|upkeep
|turn|82
|
|t:|1728480016
|switch|p2a: Claydol|Claydol|32/100
|switch|p1a: Blissey|Blissey, F|70/100
|
|-weather|Sandstorm|[upkeep]
|-damage|p1a: Blissey|64/100|[from] Sandstorm
|-heal|p1a: Blissey|70/100|[from] item: Leftovers
|upkeep
|turn|83
|inactive|RevivalTyp has 120 seconds left.
|
|t:|1728480036
|switch|p2a: Blissey|Blissey, F|48/100
|-damage|p2a: Blissey|36/100|[from] Spikes
|switch|p1a: Hitmontop|Hitmontop, M|46/100
|-ability|p1a: Hitmontop|Intimidate|boost
|-unboost|p2a: Blissey|atk|1
|
|-weather|Sandstorm|[upkeep]
|-damage|p1a: Hitmontop|39/100|[from] Sandstorm
|-damage|p2a: Blissey|30/100|[from] Sandstorm
|-heal|p1a: Hitmontop|46/100|[from] item: Leftovers
|-heal|p2a: Blissey|36/100|[from] item: Leftovers
|upkeep
|turn|84
|inactive|RevivalTyp has 120 seconds left.
|
|t:|1728480050
|move|p1a: Hitmontop|Hidden Power|p2a: Blissey
|-immune|p2a: Blissey
|move|p2a: Blissey|Soft-Boiled|p2a: Blissey
|-heal|p2a: Blissey|86/100
|
|-weather|Sandstorm|[upkeep]
|-damage|p1a: Hitmontop|39/100|[from] Sandstorm
|-damage|p2a: Blissey|80/100|[from] Sandstorm
|-heal|p1a: Hitmontop|46/100|[from] item: Leftovers
|-heal|p2a: Blissey|86/100|[from] item: Leftovers
|upkeep
|turn|85
|inactive|RevivalTyp has 120 seconds left.
|
|t:|1728480063
|switch|p1a: Skarmory|Skarmory, F|82/100
|move|p2a: Blissey|Toxic|p1a: Skarmory
|-immune|p1a: Skarmory
|
|-weather|Sandstorm|[upkeep]
|-damage|p2a: Blissey|80/100|[from] Sandstorm
|-heal|p1a: Skarmory|88/100|[from] item: Leftovers
|-heal|p2a: Blissey|86/100|[from] item: Leftovers
|upkeep
|turn|86
|inactive|RevivalTyp has 120 seconds left.
|
|t:|1728480078
|switch|p2a: Claydol|Claydol|32/100
|move|p1a: Skarmory|Roar|p2a: Claydol
|drag|p2a: Celebi|Celebi|95/100
|-damage|p2a: Celebi|83/100|[from] Spikes
|
|-weather|Sandstorm|[upkeep]
|-damage|p2a: Celebi|76/100|[from] Sandstorm
|-heal|p2a: Celebi|83/100|[from] item: Leftovers
|-heal|p1a: Skarmory|94/100|[from] item: Leftovers
|upkeep
|turn|87
|inactive|RevivalTyp has 120 seconds left.
|
|t:|1728480096
|switch|p1a: Celebi|Celebi|75/100
|move|p2a: Celebi|Leech Seed|p1a: Celebi
|-immune|p1a: Celebi
|
|-weather|Sandstorm|[upkeep]
|-damage|p2a: Celebi|76/100|[from] Sandstorm
|-damage|p1a: Celebi|69/100|[from] Sandstorm
|-heal|p2a: Celebi|83/100|[from] item: Leftovers
|-heal|p1a: Celebi|75/100|[from] item: Leftovers
|upkeep
|turn|88
|inactive|RevivalTyp has 120 seconds left.
|
|t:|1728480109
|move|p2a: Celebi|Calm Mind|p2a: Celebi
|-boost|p2a: Celebi|spa|1
|-boost|p2a: Celebi|spd|1
|move|p1a: Celebi|Calm Mind|p1a: Celebi
|-boost|p1a: Celebi|spa|1
|-boost|p1a: Celebi|spd|1
|
|-weather|Sandstorm|[upkeep]
|-damage|p2a: Celebi|76/100|[from] Sandstorm
|-damage|p1a: Celebi|69/100|[from] Sandstorm
|-heal|p2a: Celebi|83/100|[from] item: Leftovers
|-heal|p1a: Celebi|75/100|[from] item: Leftovers
|upkeep
|turn|89
|inactive|RevivalTyp has 120 seconds left.
|
|t:|1728480120
|move|p2a: Celebi|Calm Mind|p2a: Celebi
|-boost|p2a: Celebi|spa|1
|-boost|p2a: Celebi|spd|1
|move|p1a: Celebi|Calm Mind|p1a: Celebi
|-boost|p1a: Celebi|spa|1
|-boost|p1a: Celebi|spd|1
|
|-weather|Sandstorm|[upkeep]
|-damage|p2a: Celebi|76/100|[from] Sandstorm
|-damage|p1a: Celebi|69/100|[from] Sandstorm
|-heal|p2a: Celebi|83/100|[from] item: Leftovers
|-heal|p1a: Celebi|75/100|[from] item: Leftovers
|upkeep
|turn|90
|inactive|RevivalTyp has 120 seconds left.
|
|t:|1728480130
|move|p2a: Celebi|Calm Mind|p2a: Celebi
|-boost|p2a: Celebi|spa|1
|-boost|p2a: Celebi|spd|1
|move|p1a: Celebi|Calm Mind|p1a: Celebi
|-boost|p1a: Celebi|spa|1
|-boost|p1a: Celebi|spd|1
|
|-weather|Sandstorm|[upkeep]
|-damage|p2a: Celebi|76/100|[from] Sandstorm
|-damage|p1a: Celebi|69/100|[from] Sandstorm
|-heal|p2a: Celebi|83/100|[from] item: Leftovers
|-heal|p1a: Celebi|75/100|[from] item: Leftovers
|upkeep
|turn|91
|inactive|RevivalTyp has 120 seconds left.
|
|t:|1728480140
|move|p2a: Celebi|Calm Mind|p2a: Celebi
|-boost|p2a: Celebi|spa|1
|-boost|p2a: Celebi|spd|1
|move|p1a: Celebi|Calm Mind|p1a: Celebi
|-boost|p1a: Celebi|spa|1
|-boost|p1a: Celebi|spd|1
|
|-weather|Sandstorm|[upkeep]
|-damage|p2a: Celebi|76/100|[from] Sandstorm
|-damage|p1a: Celebi|69/100|[from] Sandstorm
|-heal|p2a: Celebi|83/100|[from] item: Leftovers
|-heal|p1a: Celebi|75/100|[from] item: Leftovers
|upkeep
|turn|92
|inactive|RevivalTyp has 120 seconds left.
|
|t:|1728480151
|move|p2a: Celebi|Calm Mind|p2a: Celebi
|-boost|p2a: Celebi|spa|1
|-boost|p2a: Celebi|spd|1
|move|p1a: Celebi|Calm Mind|p1a: Celebi
|-boost|p1a: Celebi|spa|1
|-boost|p1a: Celebi|spd|1
|
|-weather|Sandstorm|[upkeep]
|-damage|p2a: Celebi|76/100|[from] Sandstorm
|-damage|p1a: Celebi|69/100|[from] Sandstorm
|-heal|p2a: Celebi|83/100|[from] item: Leftovers
|-heal|p1a: Celebi|75/100|[from] item: Leftovers
|upkeep
|turn|93
|inactive|RevivalTyp has 120 seconds left.
|
|t:|1728480161
|move|p2a: Celebi|Calm Mind|p2a: Celebi
|-boost|p2a: Celebi|spa|1
|-boost|p2a: Celebi|spd|1
|move|p1a: Celebi|Calm Mind|p1a: Celebi
|-boost|p1a: Celebi|spa|1
|-boost|p1a: Celebi|spd|1
|
|-weather|Sandstorm|[upkeep]
|-damage|p2a: Celebi|76/100|[from] Sandstorm
|-damage|p1a: Celebi|69/100|[from] Sandstorm
|-heal|p2a: Celebi|83/100|[from] item: Leftovers
|-heal|p1a: Celebi|75/100|[from] item: Leftovers
|upkeep
|turn|94
|inactive|RevivalTyp has 120 seconds left.
|
|t:|1728480173
|move|p2a: Celebi|Hidden Power|p1a: Celebi
|-resisted|p1a: Celebi
|-damage|p1a: Celebi|64/100
|move|p1a: Celebi|Recover|p1a: Celebi
|-heal|p1a: Celebi|100/100
|
|-weather|Sandstorm|[upkeep]
|-damage|p2a: Celebi|76/100|[from] Sandstorm
|-damage|p1a: Celebi|94/100|[from] Sandstorm
|-heal|p2a: Celebi|83/100|[from] item: Leftovers
|-heal|p1a: Celebi|100/100|[from] item: Leftovers
|upkeep
|turn|95
|inactive|RevivalTyp has 120 seconds left.
|
|t:|1728480185
|move|p2a: Celebi|Calm Mind|p2a: Celebi
|-boost|p2a: Celebi|spa|0
|-boost|p2a: Celebi|spd|0
|move|p1a: Celebi|Psychic|p2a: Celebi
|-resisted|p2a: Celebi
|-damage|p2a: Celebi|71/100
|
|-weather|Sandstorm|[upkeep]
|-damage|p2a: Celebi|65/100|[from] Sandstorm
|-damage|p1a: Celebi|94/100|[from] Sandstorm
|-heal|p2a: Celebi|71/100|[from] item: Leftovers
|-heal|p1a: Celebi|100/100|[from] item: Leftovers
|upkeep
|turn|96
|inactive|RevivalTyp has 120 seconds left.
|
|t:|1728480207
|move|p2a: Celebi|Calm Mind|p2a: Celebi
|-boost|p2a: Celebi|spa|0
|-boost|p2a: Celebi|spd|0
|move|p1a: Celebi|Psychic|p2a: Celebi
|-resisted|p2a: Celebi
|-damage|p2a: Celebi|59/100
|
|-weather|Sandstorm|[upkeep]
|-damage|p2a: Celebi|53/100|[from] Sandstorm
|-damage|p1a: Celebi|94/100|[from] Sandstorm
|-heal|p2a: Celebi|59/100|[from] item: Leftovers
|-heal|p1a: Celebi|100/100|[from] item: Leftovers
|upkeep
|turn|97
|inactive|RevivalTyp has 120 seconds left.
|
|t:|1728480218
|move|p2a: Celebi|Calm Mind|p2a: Celebi
|-boost|p2a: Celebi|spa|0
|-boost|p2a: Celebi|spd|0
|move|p1a: Celebi|Psychic|p2a: Celebi
|-resisted|p2a: Celebi
|-damage|p2a: Celebi|47/100
|
|-weather|Sandstorm|[upkeep]
|-damage|p2a: Celebi|41/100|[from] Sandstorm
|-damage|p1a: Celebi|94/100|[from] Sandstorm
|-heal|p2a: Celebi|47/100|[from] item: Leftovers
|-heal|p1a: Celebi|100/100|[from] item: Leftovers
|upkeep
|turn|98
|inactive|RevivalTyp has 120 seconds left.
|
|t:|1728480228
|move|p2a: Celebi|Recover|p2a: Celebi
|-heal|p2a: Celebi|97/100
|move|p1a: Celebi|Psychic|p2a: Celebi
|-resisted|p2a: Celebi
|-damage|p2a: Celebi|85/100
|
|-weather|Sandstorm|[upkeep]
|-damage|p2a: Celebi|79/100|[from] Sandstorm
|-damage|p1a: Celebi|94/100|[from] Sandstorm
|-heal|p2a: Celebi|85/100|[from] item: Leftovers
|-heal|p1a: Celebi|100/100|[from] item: Leftovers
|upkeep
|turn|99
|inactive|RevivalTyp has 120 seconds left.
|
|t:|1728480240
|move|p2a: Celebi|Calm Mind|p2a: Celebi
|-boost|p2a: Celebi|spa|0
|-boost|p2a: Celebi|spd|0
|move|p1a: Celebi|Psychic|p2a: Celebi
|-resisted|p2a: Celebi
|-damage|p2a: Celebi|74/100
|
|-weather|Sandstorm|[upkeep]
|-damage|p2a: Celebi|67/100|[from] Sandstorm
|-damage|p1a: Celebi|94/100|[from] Sandstorm
|-heal|p2a: Celebi|74/100|[from] item: Leftovers
|-heal|p1a: Celebi|100/100|[from] item: Leftovers
|upkeep
|turn|100
|inactive|RevivalTyp has 120 seconds left.
|
|t:|1728480253
|move|p2a: Celebi|Calm Mind|p2a: Celebi
|-boost|p2a: Celebi|spa|0
|-boost|p2a: Celebi|spd|0
|move|p1a: Celebi|Psychic|p2a: Celebi
|-resisted|p2a: Celebi
|-crit|p2a: Celebi
|-damage|p2a: Celebi|0 fnt
|faint|p2a: Celebi
|
|t:|1728480259
|switch|p2a: Blissey|Blissey, F|86/100
|-damage|p2a: Blissey|73/100|[from] Spikes
|
|-weather|Sandstorm|[upkeep]
|-damage|p1a: Celebi|94/100|[from] Sandstorm
|-damage|p2a: Blissey|67/100|[from] Sandstorm
|-heal|p1a: Celebi|100/100|[from] item: Leftovers
|-heal|p2a: Blissey|73/100|[from] item: Leftovers
|upkeep
|turn|101
|inactive|RevivalTyp has 120 seconds left.
|
|t:|1728480278
|move|p1a: Celebi|Leech Seed|p2a: Blissey
|-start|p2a: Blissey|move: Leech Seed
|move|p2a: Blissey|Toxic|p1a: Celebi
|-status|p1a: Celebi|tox
|
|-weather|Sandstorm|[upkeep]
|-damage|p1a: Celebi|94/100 tox|[from] Sandstorm
|-damage|p2a: Blissey|67/100|[from] Sandstorm
|-heal|p1a: Celebi|100/100 tox|[from] item: Leftovers
|-damage|p1a: Celebi|94/100 tox|[from] psn
|-heal|p2a: Blissey|73/100|[from] item: Leftovers
|-damage|p2a: Blissey|61/100|[from] Leech Seed|[of] p1a: Celebi
|-heal|p1a: Celebi|100/100 tox|[silent]
|upkeep
|turn|102
|inactive|RevivalTyp has 120 seconds left.
|
|t:|1728480289
|move|p1a: Celebi|Psychic|p2a: Blissey
|-damage|p2a: Blissey|15/100
|move|p2a: Blissey|Ice Beam|p1a: Celebi
|-supereffective|p1a: Celebi
|-damage|p1a: Celebi|90/100 tox
|
|-weather|Sandstorm|[upkeep]
|-damage|p1a: Celebi|84/100 tox|[from] Sandstorm
|-damage|p2a: Blissey|9/100|[from] Sandstorm
|-heal|p1a: Celebi|90/100 tox|[from] item: Leftovers
|-damage|p1a: Celebi|77/100 tox|[from] psn
|-heal|p2a: Blissey|15/100|[from] item: Leftovers
|-damage|p2a: Blissey|3/100|[from] Leech Seed|[of] p1a: Celebi
|-heal|p1a: Celebi|98/100 tox|[silent]
|upkeep
|turn|103
|inactive|RevivalTyp has 120 seconds left.
|c|☆aahaahaah|gg
|-message|aahaahaah forfeited.
|
|win|RevivalTyp
|c|☆RevivalTyp|gg i had better luck
|player|p2|
|player|p2|aahaahaah|1|
|player|p1|
|player|p1|RevivalTyp|170|

</script>
<script type="application/json" class="data" id="replaydata-smogtours-gen3ou-796612">
{"id":"smogtours-gen3ou-796612","format":"[Gen 3] OU","players":["RevivalTyp","aahaahaah"],"uploadtime":1728480313,"views":86,"formatid":"gen3ou","rating":null,"private":0,"password":null}
</script>

<script defer src="js/replays.js?9d40a366"></script>
