<!DOCTYPE html>
<meta charset="utf-8" />
<meta name="viewport" content="width=device-width" />

<title>[Gen 3] OU: deathbydunsparce vs. grillkinggaming - Replays - Pok&eacute;mon Showdown!</title>

<meta name="description" content="Watch a replay of a Pok&eacute;mon battle between deathbydunsparce and grillkinggaming! Format: [Gen 3] OU; Date: Oct 18, 2024" />
<!--

Hey, you! Looking in the source for the replay log?

You can find them in JSON format, just add `.json` at the end of a replay URL.

https://replay.pokemonshowdown.com/gen7randomdoublesbattle-865046831.json

Or, if you only need the log itself, add `.log` instead:

https://replay.pokemonshowdown.com/gen7randomdoublesbattle-865046831.log

-->

<link rel="stylesheet" href="//pokemonshowdown.com/style/global.css?0.023195364461161105" />
<link rel="stylesheet" href="//play.pokemonshowdown.com/style/font-awesome.css?0.13261647063804238" />
<link rel="stylesheet" href="//play.pokemonshowdown.com/style/battle.css?0.8753245789963631" />
<link rel="stylesheet" href="//play.pokemonshowdown.com/style/utilichart.css?0.8627959624976733" />

<!-- Global site tag (gtag.js) - Google Analytics -->
<script async src="https://www.googletagmanager.com/gtag/js?id=UA-26211653-1"></script>
<script>
  window.dataLayer = window.dataLayer || [];
  function gtag(){dataLayer.push(arguments);}
  gtag('js', new Date());

  gtag('config', 'UA-26211653-1');
</script>
<!-- End Google Analytics -->
<!-- Venatus Ad Manager - Install in <HEAD> of page -->
	<script src="https://hb.vntsm.com/v3/live/ad-manager.min.js" type="text/javascript" data-site-id="642aba63ec9a7b11c3c9c1be" data-mode="scan" async></script>
<!-- / Venatus Ad Manager -->

<style>
	@media (max-width:820px) {
		.battle {
			margin: 0 auto;
		}
		.battle-log {
			margin: 7px auto 0;
			max-width: 640px;
			height: 300px;
			position: static;
		}
	}
	.optgroup {
		display: inline-block;
		line-height: 22px;
		font-size: 10pt;
	}
	.optgroup .button {
		height: 25px;
		padding-top: 0;
		padding-bottom: 0;
	}
	.optgroup button.button {
		padding-left: 12px;
		padding-right: 12px;
	}
	.linklist {
		list-style: none;
		margin: 0.5em 0;
		padding: 0;
	}
	.linklist li {
		padding: 2px 0;
	}
	.sidebar {
		float: left;
		width: 320px;
	}
	.bar-wrapper {
		max-width: 1100px;
		margin: 0 auto;
	}
	.bar-wrapper.has-sidebar {
		max-width: 1430px;
	}
	.mainbar {
		margin: 0;
		padding-right: 1px;
	}
	.mainbar.has-sidebar {
		margin-left: 330px;
	}
	@media (min-width: 1511px) {
		.sidebar {
			width: 400px;
		}
		.bar-wrapper.has-sidebar {
			max-width: 1510px;
		}
		.mainbar.has-sidebar {
			margin-left: 410px;
		}
	}
	.section.first-section {
		margin-top: 9px;
	}
	.blocklink small {
		white-space: normal;
	}
	.button {
		vertical-align: middle;
	}
	.replay-controls {
		padding-top: 10px;
	}
	.replay-controls h1 {
		font-size: 16pt;
		font-weight: normal;
		color: #CCC;
	}
	.pagelink {
		text-align: center;
	}
	.pagelink a {
		width: 150px;
	}
	.textbox, .button {
		font-size: 11pt;
		vertical-align: middle;
	}
	@media (max-width: 450px) {
		.button {
			font-size: 9pt;
		}
	}
</style>

<div>

	<header>
		<div class="nav-wrapper"><ul class="nav">
			<li><a class="button nav-first" href="//pokemonshowdown.com/"><img src="//pokemonshowdown.com/images/pokemonshowdownbeta.png" srcset="//pokemonshowdown.com/images/pokemonshowdownbeta.png 1x, //pokemonshowdown.com/images/pokemonshowdownbeta@2x.png 2x" alt="Pok&eacute;mon Showdown" width="146" height="44" /> Home</a></li>
			<li><a class="button" href="//pokemonshowdown.com/dex/">Pok&eacute;dex</a></li>
			<li><a class="button cur" href="/">Replays</a></li>
			<li><a class="button" href="//pokemonshowdown.com/ladder/">Ladder</a></li>
			<li><a class="button nav-last" href="//pokemonshowdown.com/forums/">Forum</a></li>
			<li><a class="button greenbutton nav-first nav-last" href="//play.pokemonshowdown.com/">Play</a></li>
		</ul></div>
	</header>

	<div class="main" id="main">

		<noscript><section class="section">You need to enable JavaScript to use this page; sorry!</section></noscript>

	</div>

</div>

<script defer nomodule src="//play.pokemonshowdown.com/js/lib/ps-polyfill.js"></script>
<script defer src="//play.pokemonshowdown.com/js/lib/preact.min.js"></script>

<script defer src="//play.pokemonshowdown.com/config/config.js?2bddbc15"></script>
<script defer src="//play.pokemonshowdown.com/js/lib/jquery-1.11.0.min.js"></script>
<script defer src="//play.pokemonshowdown.com/js/lib/html-sanitizer-minified.js"></script>
<script defer src="//play.pokemonshowdown.com/js/battle-sound.js"></script>
<script defer src="//play.pokemonshowdown.com/js/battledata.js?0.7209276989879541"></script>
<script defer src="//play.pokemonshowdown.com/data/pokedex-mini.js?0.6111056340867951"></script>
<script defer src="//play.pokemonshowdown.com/data/pokedex-mini-bw.js?0.3532142036491459"></script>
<script defer src="//play.pokemonshowdown.com/data/graphics.js?0.24223875632456182"></script>
<script defer src="//play.pokemonshowdown.com/data/pokedex.js?0.38839984266356864"></script>
<script defer src="//play.pokemonshowdown.com/data/moves.js?0.21866028504024015"></script>
<script defer src="//play.pokemonshowdown.com/data/abilities.js?0.2005157953846628"></script>
<script defer src="//play.pokemonshowdown.com/data/items.js?0.9894211263848525"></script>
<script defer src="//play.pokemonshowdown.com/data/teambuilder-tables.js?0.6008791140282215"></script>
<script defer src="//play.pokemonshowdown.com/js/battle-tooltips.js?0.7580118955022959"></script>
<script defer src="//play.pokemonshowdown.com/js/battle.js?0.6057722274234274"></script>

<script defer src="js/utils.js?e31f9a17"></script>
<script defer src="js/replays-battle.js?7008c182"></script>

<!-- don't scrape this data! just add .json or .log after the URL!
Full API docs: https://github.com/smogon/pokemon-showdown-client/blob/master/WEB-API.md -->
<script type="text/plain" class="log" id="replaylog-smogtours-gen3ou-799453">
|inactive|Battle timer is ON: inactive players will automatically lose when time's up.
|t:|1729213898
|gametype|singles
|player|p1|deathbydunsparce|170|
|player|p2|grillkinggaming|265|
|teamsize|p1|6
|teamsize|p2|6
|gen|3
|tier|[Gen 3] OU
|rule|Sleep Clause Mod: Limit one foe put to sleep
|rule|Switch Priority Clause Mod: Faster Pokémon switch first
|rule|Species Clause: Limit one of each Pokémon
|rule|OHKO Clause: OHKO moves are banned
|rule|Evasion Items Clause: Evasion items are banned
|rule|Evasion Moves Clause: Evasion moves are banned
|rule|Endless Battle Clause: Forcing endless battles is banned
|rule|HP Percentage Mod: HP is shown in percentages
|rule|One Boost Passer Clause: Limit one Baton Passer that has a way to boost its stats
|rule|Freeze Clause Mod: Limit one foe frozen
|
|t:|1729213898
|start
|switch|p1a: Salamence|Salamence, F|100/100
|switch|p2a: Augustus|Tyranitar, M|100/100
|-ability|p1a: Salamence|Intimidate|boost
|-unboost|p2a: Augustus|atk|1
|-weather|Sandstorm|[from] ability: Sand Stream|[of] p2a: Augustus
|turn|1
|c|☆deathbydunsparce|gl gamer
|
|t:|1729213909
|switch|p2a: Caligula|Claydol|100/100
|move|p1a: Salamence|Brick Break|p2a: Caligula
|-resisted|p2a: Caligula
|-damage|p2a: Caligula|89/100
|
|-weather|Sandstorm|[upkeep]
|-damage|p1a: Salamence|94/100|[from] Sandstorm
|-heal|p1a: Salamence|100/100|[from] item: Leftovers
|-heal|p2a: Caligula|95/100|[from] item: Leftovers
|upkeep
|turn|2
|c|☆grillkinggaming|gl
|
|t:|1729213931
|switch|p2a: Adrian|Skarmory, F|100/100
|move|p1a: Salamence|Dragon Claw|p2a: Adrian
|-resisted|p2a: Adrian
|-damage|p2a: Adrian|80/100
|
|-weather|Sandstorm|[upkeep]
|-damage|p1a: Salamence|94/100|[from] Sandstorm
|-heal|p1a: Salamence|100/100|[from] item: Leftovers
|-heal|p2a: Adrian|86/100|[from] item: Leftovers
|upkeep
|turn|3
|
|t:|1729213936
|move|p2a: Adrian|Protect|p2a: Adrian
|-singleturn|p2a: Adrian|Protect
|move|p1a: Salamence|Fire Blast|p2a: Adrian
|-activate|p2a: Adrian|Protect
|
|-weather|Sandstorm|[upkeep]
|-damage|p1a: Salamence|94/100|[from] Sandstorm
|-heal|p1a: Salamence|100/100|[from] item: Leftovers
|-heal|p2a: Adrian|92/100|[from] item: Leftovers
|upkeep
|turn|4
|
|t:|1729213947
|switch|p2a: Nero|Aerodactyl, M|100/100
|move|p1a: Salamence|Fire Blast|p2a: Nero
|-resisted|p2a: Nero
|-damage|p2a: Nero|69/100
|
|-weather|Sandstorm|[upkeep]
|-damage|p1a: Salamence|94/100|[from] Sandstorm
|-heal|p1a: Salamence|100/100|[from] item: Leftovers
|upkeep
|turn|5
|
|t:|1729213955
|switch|p1a: Swampert|Swampert, M|100/100
|move|p2a: Nero|Double-Edge|p1a: Swampert
|-damage|p1a: Swampert|57/100
|
|-weather|Sandstorm|[upkeep]
|-heal|p1a: Swampert|63/100|[from] item: Leftovers
|upkeep
|turn|6
|
|t:|1729213964
|move|p2a: Nero|Double-Edge|p1a: Swampert
|-damage|p1a: Swampert|18/100
|move|p1a: Swampert|Hydro Pump|p2a: Nero
|-supereffective|p2a: Nero
|-damage|p2a: Nero|0 fnt
|faint|p2a: Nero
|
|t:|1729213971
|switch|p2a: Augustus|Tyranitar, M|100/100
|
|-weather|Sandstorm|[upkeep]
|-heal|p1a: Swampert|24/100|[from] item: Leftovers
|upkeep
|turn|7
|
|t:|1729213976
|move|p2a: Augustus|Hidden Power|p1a: Swampert
|-supereffective|p1a: Swampert
|-damage|p1a: Swampert|0 fnt
|faint|p1a: Swampert
|
|t:|1729213983
|switch|p1a: Salamence|Salamence, F|100/100
|-ability|p1a: Salamence|Intimidate|boost
|-unboost|p2a: Augustus|atk|1
|
|-weather|Sandstorm|[upkeep]
|-damage|p1a: Salamence|94/100|[from] Sandstorm
|-heal|p1a: Salamence|100/100|[from] item: Leftovers
|upkeep
|turn|8
|
|t:|1729213988
|switch|p2a: Caligula|Claydol|95/100
|move|p1a: Salamence|Fire Blast|p2a: Caligula
|-damage|p2a: Caligula|60/100
|
|-weather|Sandstorm|[upkeep]
|-damage|p1a: Salamence|94/100|[from] Sandstorm
|-heal|p1a: Salamence|100/100|[from] item: Leftovers
|-heal|p2a: Caligula|67/100|[from] item: Leftovers
|upkeep
|turn|9
|
|t:|1729214001
|move|p1a: Salamence|Dragon Claw|p2a: Caligula
|-crit|p2a: Caligula
|-damage|p2a: Caligula|0 fnt
|faint|p2a: Caligula
|
|t:|1729214013
|switch|p2a: Constantine|Blissey, F|100/100
|
|-weather|Sandstorm|[upkeep]
|-damage|p1a: Salamence|94/100|[from] Sandstorm
|-damage|p2a: Constantine|94/100|[from] Sandstorm
|-heal|p1a: Salamence|100/100|[from] item: Leftovers
|-heal|p2a: Constantine|100/100|[from] item: Leftovers
|upkeep
|turn|10
|
|t:|1729214019
|switch|p1a: Skarmory|Skarmory, M|100/100
|move|p2a: Constantine|Ice Beam|p1a: Skarmory
|-damage|p1a: Skarmory|76/100
|-status|p1a: Skarmory|frz
|
|-weather|Sandstorm|[upkeep]
|-damage|p2a: Constantine|94/100|[from] Sandstorm
|-heal|p1a: Skarmory|82/100 frz|[from] item: Leftovers
|-heal|p2a: Constantine|100/100|[from] item: Leftovers
|upkeep
|turn|11
|
|t:|1729214026
|cant|p1a: Skarmory|frz
|move|p2a: Constantine|Ice Beam|p1a: Skarmory
|-damage|p1a: Skarmory|59/100 frz
|
|-weather|Sandstorm|[upkeep]
|-damage|p2a: Constantine|94/100|[from] Sandstorm
|-heal|p1a: Skarmory|65/100 frz|[from] item: Leftovers
|-heal|p2a: Constantine|100/100|[from] item: Leftovers
|upkeep
|turn|12
|
|t:|1729214030
|-curestatus|p1a: Skarmory|frz|[msg]
|move|p1a: Skarmory|Spikes|p2a: Constantine
|-sidestart|p2: grillkinggaming|Spikes
|move|p2a: Constantine|Seismic Toss|p1a: Skarmory
|-damage|p1a: Skarmory|35/100
|
|-weather|Sandstorm|[upkeep]
|-damage|p2a: Constantine|94/100|[from] Sandstorm
|-heal|p1a: Skarmory|41/100|[from] item: Leftovers
|-heal|p2a: Constantine|100/100|[from] item: Leftovers
|upkeep
|turn|13
|
|t:|1729214036
|move|p1a: Skarmory|Spikes|p2a: Constantine
|-sidestart|p2: grillkinggaming|Spikes
|move|p2a: Constantine|Ice Beam|p1a: Skarmory
|-damage|p1a: Skarmory|15/100
|
|-weather|Sandstorm|[upkeep]
|-damage|p2a: Constantine|94/100|[from] Sandstorm
|-heal|p1a: Skarmory|21/100|[from] item: Leftovers
|-heal|p2a: Constantine|100/100|[from] item: Leftovers
|upkeep
|turn|14
|
|t:|1729214039
|move|p1a: Skarmory|Spikes|p2a: Constantine
|-sidestart|p2: grillkinggaming|Spikes
|move|p2a: Constantine|Seismic Toss|p1a: Skarmory
|-damage|p1a: Skarmory|0 fnt
|faint|p1a: Skarmory
|
|t:|1729214051
|switch|p1a: Tyranitar|Tyranitar, F|100/100
|
|-weather|Sandstorm|[upkeep]
|-damage|p2a: Constantine|94/100|[from] Sandstorm
|-heal|p2a: Constantine|100/100|[from] item: Leftovers
|upkeep
|turn|15
|
|t:|1729214055
|move|p1a: Tyranitar|Dragon Dance|p1a: Tyranitar
|-boost|p1a: Tyranitar|atk|1
|-boost|p1a: Tyranitar|spe|1
|move|p2a: Constantine|Toxic|p1a: Tyranitar
|-status|p1a: Tyranitar|tox
|
|-weather|Sandstorm|[upkeep]
|-damage|p2a: Constantine|94/100|[from] Sandstorm
|-damage|p1a: Tyranitar|94/100 tox|[from] psn
|-heal|p2a: Constantine|100/100|[from] item: Leftovers
|upkeep
|turn|16
|
|t:|1729214060
|switch|p2a: Adrian|Skarmory, F|92/100
|move|p1a: Tyranitar|Rock Slide|p2a: Adrian
|-damage|p2a: Adrian|44/100
|
|-weather|Sandstorm|[upkeep]
|-heal|p1a: Tyranitar|100/100 tox|[from] item: Leftovers
|-damage|p1a: Tyranitar|88/100 tox|[from] psn
|-heal|p2a: Adrian|50/100|[from] item: Leftovers
|upkeep
|turn|17
|
|t:|1729214064
|move|p2a: Adrian|Protect|p2a: Adrian
|-singleturn|p2a: Adrian|Protect
|move|p1a: Tyranitar|Dragon Dance|p1a: Tyranitar
|-boost|p1a: Tyranitar|atk|1
|-boost|p1a: Tyranitar|spe|1
|
|-weather|Sandstorm|[upkeep]
|-heal|p1a: Tyranitar|94/100 tox|[from] item: Leftovers
|-damage|p1a: Tyranitar|75/100 tox|[from] psn
|-heal|p2a: Adrian|56/100|[from] item: Leftovers
|upkeep
|turn|18
|
|t:|1729214070
|switch|p2a: Julius|Metagross|100/100
|-damage|p2a: Julius|75/100|[from] Spikes
|move|p1a: Tyranitar|Rock Slide|p2a: Julius
|-resisted|p2a: Julius
|-damage|p2a: Julius|47/100
|
|-weather|Sandstorm|[upkeep]
|-heal|p1a: Tyranitar|82/100 tox|[from] item: Leftovers
|-damage|p1a: Tyranitar|57/100 tox|[from] psn
|-heal|p2a: Julius|53/100|[from] item: Leftovers
|upkeep
|turn|19
|
|t:|1729214077
|move|p2a: Julius|Protect|p2a: Julius
|-singleturn|p2a: Julius|Protect
|move|p1a: Tyranitar|Earthquake|p2a: Julius
|-activate|p2a: Julius|Protect
|
|-weather|Sandstorm|[upkeep]
|-heal|p1a: Tyranitar|63/100 tox|[from] item: Leftovers
|-damage|p1a: Tyranitar|32/100 tox|[from] psn
|-heal|p2a: Julius|59/100|[from] item: Leftovers
|upkeep
|turn|20
|
|t:|1729214082
|switch|p2a: Adrian|Skarmory, F|56/100
|move|p1a: Tyranitar|Rock Slide|p2a: Adrian
|-damage|p2a: Adrian|0 fnt
|faint|p2a: Adrian
|
|t:|1729214087
|switch|p2a: Julius|Metagross|59/100
|-damage|p2a: Julius|34/100|[from] Spikes
|
|-weather|Sandstorm|[upkeep]
|-heal|p1a: Tyranitar|38/100 tox|[from] item: Leftovers
|-damage|p1a: Tyranitar|0 fnt|[from] psn
|faint|p1a: Tyranitar
|-heal|p2a: Julius|40/100|[from] item: Leftovers
|upkeep
|
|t:|1729214092
|switch|p1a: Aerodactyl|Aerodactyl, M|100/100
|turn|21
|
|t:|1729214094
|move|p2a: Julius|Protect|p2a: Julius
|-singleturn|p2a: Julius|Protect
|move|p1a: Aerodactyl|Earthquake|p2a: Julius
|-activate|p2a: Julius|Protect
|
|-weather|Sandstorm|[upkeep]
|-heal|p2a: Julius|46/100|[from] item: Leftovers
|upkeep
|turn|22
|
|t:|1729214106
|move|p1a: Aerodactyl|Earthquake|p2a: Julius
|-supereffective|p2a: Julius
|-damage|p2a: Julius|0 fnt
|faint|p2a: Julius
|
|t:|1729214108
|switch|p2a: Constantine|Blissey, F|100/100
|-damage|p2a: Constantine|76/100|[from] Spikes
|
|-weather|Sandstorm|[upkeep]
|-damage|p2a: Constantine|69/100|[from] Sandstorm
|-heal|p2a: Constantine|76/100|[from] item: Leftovers
|upkeep
|turn|23
|
|t:|1729214114
|switch|p1a: Celebi|Celebi|100/100
|move|p2a: Constantine|Ice Beam|p1a: Celebi
|-supereffective|p1a: Celebi
|-damage|p1a: Celebi|59/100
|
|-weather|Sandstorm|[upkeep]
|-damage|p1a: Celebi|52/100|[from] Sandstorm
|-damage|p2a: Constantine|69/100|[from] Sandstorm
|-heal|p1a: Celebi|59/100|[from] item: Leftovers
|-heal|p2a: Constantine|76/100|[from] item: Leftovers
|upkeep
|turn|24
|
|t:|1729214127
|move|p1a: Celebi|Leech Seed|p2a: Constantine
|-start|p2a: Constantine|move: Leech Seed
|move|p2a: Constantine|Soft-Boiled|p2a: Constantine
|-heal|p2a: Constantine|100/100
|
|-weather|Sandstorm|[upkeep]
|-damage|p1a: Celebi|52/100|[from] Sandstorm
|-damage|p2a: Constantine|94/100|[from] Sandstorm
|-heal|p1a: Celebi|59/100|[from] item: Leftovers
|-heal|p2a: Constantine|100/100|[from] item: Leftovers
|-damage|p2a: Constantine|88/100|[from] Leech Seed|[of] p1a: Celebi
|-heal|p1a: Celebi|79/100|[silent]
|upkeep
|turn|25
|
|t:|1729214134
|switch|p2a: Augustus|Tyranitar, M|100/100
|-damage|p2a: Augustus|75/100|[from] Spikes
|move|p1a: Celebi|Psychic|p2a: Augustus
|-immune|p2a: Augustus
|
|-weather|Sandstorm|[upkeep]
|-damage|p1a: Celebi|73/100|[from] Sandstorm
|-heal|p1a: Celebi|79/100|[from] item: Leftovers
|-heal|p2a: Augustus|82/100|[from] item: Leftovers
|upkeep
|turn|26
|
|t:|1729214141
|move|p1a: Celebi|Giga Drain|p2a: Augustus
|-supereffective|p2a: Augustus
|-damage|p2a: Augustus|34/100
|-heal|p1a: Celebi|100/100|[from] drain|[of] p2a: Augustus
|move|p2a: Augustus|Substitute|p2a: Augustus
|-start|p2a: Augustus|Substitute
|-damage|p2a: Augustus|9/100
|
|-weather|Sandstorm|[upkeep]
|-damage|p1a: Celebi|94/100|[from] Sandstorm
|-heal|p1a: Celebi|100/100|[from] item: Leftovers
|-heal|p2a: Augustus|15/100|[from] item: Leftovers
|upkeep
|turn|27
|
|t:|1729214143
|move|p1a: Celebi|Giga Drain|p2a: Augustus
|-supereffective|p2a: Augustus
|-end|p2a: Augustus|Substitute
|move|p2a: Augustus|Fire Blast|p1a: Celebi
|-supereffective|p1a: Celebi
|-damage|p1a: Celebi|35/100
|
|-weather|Sandstorm|[upkeep]
|-damage|p1a: Celebi|29/100|[from] Sandstorm
|-heal|p1a: Celebi|35/100|[from] item: Leftovers
|-heal|p2a: Augustus|21/100|[from] item: Leftovers
|upkeep
|turn|28
|
|t:|1729214149
|move|p1a: Celebi|Giga Drain|p2a: Augustus
|-supereffective|p2a: Augustus
|-damage|p2a: Augustus|0 fnt
|-heal|p1a: Celebi|45/100|[from] drain|[of] p2a: Augustus
|faint|p2a: Augustus
|
|t:|1729214151
|switch|p2a: Constantine|Blissey, F|88/100
|-damage|p2a: Constantine|63/100|[from] Spikes
|
|-weather|Sandstorm|[upkeep]
|-damage|p1a: Celebi|39/100|[from] Sandstorm
|-damage|p2a: Constantine|57/100|[from] Sandstorm
|-heal|p1a: Celebi|45/100|[from] item: Leftovers
|-heal|p2a: Constantine|63/100|[from] item: Leftovers
|upkeep
|turn|29
|
|t:|1729214153
|move|p1a: Celebi|Leech Seed|p2a: Constantine
|-start|p2a: Constantine|move: Leech Seed
|move|p2a: Constantine|Ice Beam|p1a: Celebi
|-supereffective|p1a: Celebi
|-damage|p1a: Celebi|0 fnt
|faint|p1a: Celebi
|
|t:|1729214156
|switch|p1a: Aerodactyl|Aerodactyl, M|100/100
|
|-weather|Sandstorm|[upkeep]
|-damage|p2a: Constantine|57/100|[from] Sandstorm
|-heal|p2a: Constantine|63/100|[from] item: Leftovers
|-damage|p2a: Constantine|51/100|[from] Leech Seed|[of] p1a: Aerodactyl
|upkeep
|turn|30
|
|t:|1729214158
|move|p1a: Aerodactyl|Double-Edge|p2a: Constantine
|-damage|p2a: Constantine|0 fnt
|faint|p2a: Constantine
|
|win|deathbydunsparce
|c|☆deathbydunsparce|good games man
|c|☆grillkinggaming|yup
|player|p1|
|player|p2|
|player|p1|deathbydunsparce|170|

</script>
<script type="application/json" class="data" id="replaydata-smogtours-gen3ou-799453">
{"id":"smogtours-gen3ou-799453","format":"[Gen 3] OU","players":["deathbydunsparce","grillkinggaming"],"uploadtime":1729214158,"views":78,"formatid":"gen3ou","rating":null,"private":0,"password":null}
</script>

<script defer src="js/replays.js?9d40a366"></script>
