<!DOCTYPE html>
<meta charset="utf-8" />
<meta name="viewport" content="width=device-width" />

<title>[Gen 3] OU: JustFruitSalad vs. stinkyaccountant - Replays - Pok&eacute;mon Showdown!</title>

<meta name="description" content="Watch a replay of a Pok&eacute;mon battle between JustFruitSalad and stinkyaccountant! Format: [Gen 3] OU; Date: Oct 18, 2024" />
<!--

Hey, you! Looking in the source for the replay log?

You can find them in JSON format, just add `.json` at the end of a replay URL.

https://replay.pokemonshowdown.com/gen7randomdoublesbattle-865046831.json

Or, if you only need the log itself, add `.log` instead:

https://replay.pokemonshowdown.com/gen7randomdoublesbattle-865046831.log

-->

<link rel="stylesheet" href="//pokemonshowdown.com/style/global.css?0.023195364461161105" />
<link rel="stylesheet" href="//play.pokemonshowdown.com/style/font-awesome.css?0.13261647063804238" />
<link rel="stylesheet" href="//play.pokemonshowdown.com/style/battle.css?0.8753245789963631" />
<link rel="stylesheet" href="//play.pokemonshowdown.com/style/utilichart.css?0.8627959624976733" />

<!-- Global site tag (gtag.js) - Google Analytics -->
<script async src="https://www.googletagmanager.com/gtag/js?id=UA-26211653-1"></script>
<script>
  window.dataLayer = window.dataLayer || [];
  function gtag(){dataLayer.push(arguments);}
  gtag('js', new Date());

  gtag('config', 'UA-26211653-1');
</script>
<!-- End Google Analytics -->
<!-- Venatus Ad Manager - Install in <HEAD> of page -->
	<script src="https://hb.vntsm.com/v3/live/ad-manager.min.js" type="text/javascript" data-site-id="642aba63ec9a7b11c3c9c1be" data-mode="scan" async></script>
<!-- / Venatus Ad Manager -->

<style>
	@media (max-width:820px) {
		.battle {
			margin: 0 auto;
		}
		.battle-log {
			margin: 7px auto 0;
			max-width: 640px;
			height: 300px;
			position: static;
		}
	}
	.optgroup {
		display: inline-block;
		line-height: 22px;
		font-size: 10pt;
	}
	.optgroup .button {
		height: 25px;
		padding-top: 0;
		padding-bottom: 0;
	}
	.optgroup button.button {
		padding-left: 12px;
		padding-right: 12px;
	}
	.linklist {
		list-style: none;
		margin: 0.5em 0;
		padding: 0;
	}
	.linklist li {
		padding: 2px 0;
	}
	.sidebar {
		float: left;
		width: 320px;
	}
	.bar-wrapper {
		max-width: 1100px;
		margin: 0 auto;
	}
	.bar-wrapper.has-sidebar {
		max-width: 1430px;
	}
	.mainbar {
		margin: 0;
		padding-right: 1px;
	}
	.mainbar.has-sidebar {
		margin-left: 330px;
	}
	@media (min-width: 1511px) {
		.sidebar {
			width: 400px;
		}
		.bar-wrapper.has-sidebar {
			max-width: 1510px;
		}
		.mainbar.has-sidebar {
			margin-left: 410px;
		}
	}
	.section.first-section {
		margin-top: 9px;
	}
	.blocklink small {
		white-space: normal;
	}
	.button {
		vertical-align: middle;
	}
	.replay-controls {
		padding-top: 10px;
	}
	.replay-controls h1 {
		font-size: 16pt;
		font-weight: normal;
		color: #CCC;
	}
	.pagelink {
		text-align: center;
	}
	.pagelink a {
		width: 150px;
	}
	.textbox, .button {
		font-size: 11pt;
		vertical-align: middle;
	}
	@media (max-width: 450px) {
		.button {
			font-size: 9pt;
		}
	}
</style>

<div>

	<header>
		<div class="nav-wrapper"><ul class="nav">
			<li><a class="button nav-first" href="//pokemonshowdown.com/"><img src="//pokemonshowdown.com/images/pokemonshowdownbeta.png" srcset="//pokemonshowdown.com/images/pokemonshowdownbeta.png 1x, //pokemonshowdown.com/images/pokemonshowdownbeta@2x.png 2x" alt="Pok&eacute;mon Showdown" width="146" height="44" /> Home</a></li>
			<li><a class="button" href="//pokemonshowdown.com/dex/">Pok&eacute;dex</a></li>
			<li><a class="button cur" href="/">Replays</a></li>
			<li><a class="button" href="//pokemonshowdown.com/ladder/">Ladder</a></li>
			<li><a class="button nav-last" href="//pokemonshowdown.com/forums/">Forum</a></li>
			<li><a class="button greenbutton nav-first nav-last" href="//play.pokemonshowdown.com/">Play</a></li>
		</ul></div>
	</header>

	<div class="main" id="main">

		<noscript><section class="section">You need to enable JavaScript to use this page; sorry!</section></noscript>

	</div>

</div>

<script defer nomodule src="//play.pokemonshowdown.com/js/lib/ps-polyfill.js"></script>
<script defer src="//play.pokemonshowdown.com/js/lib/preact.min.js"></script>

<script defer src="//play.pokemonshowdown.com/config/config.js?2bddbc15"></script>
<script defer src="//play.pokemonshowdown.com/js/lib/jquery-1.11.0.min.js"></script>
<script defer src="//play.pokemonshowdown.com/js/lib/html-sanitizer-minified.js"></script>
<script defer src="//play.pokemonshowdown.com/js/battle-sound.js"></script>
<script defer src="//play.pokemonshowdown.com/js/battledata.js?0.7209276989879541"></script>
<script defer src="//play.pokemonshowdown.com/data/pokedex-mini.js?0.6111056340867951"></script>
<script defer src="//play.pokemonshowdown.com/data/pokedex-mini-bw.js?0.3532142036491459"></script>
<script defer src="//play.pokemonshowdown.com/data/graphics.js?0.24223875632456182"></script>
<script defer src="//play.pokemonshowdown.com/data/pokedex.js?0.38839984266356864"></script>
<script defer src="//play.pokemonshowdown.com/data/moves.js?0.21866028504024015"></script>
<script defer src="//play.pokemonshowdown.com/data/abilities.js?0.2005157953846628"></script>
<script defer src="//play.pokemonshowdown.com/data/items.js?0.9894211263848525"></script>
<script defer src="//play.pokemonshowdown.com/data/teambuilder-tables.js?0.6008791140282215"></script>
<script defer src="//play.pokemonshowdown.com/js/battle-tooltips.js?0.7580118955022959"></script>
<script defer src="//play.pokemonshowdown.com/js/battle.js?0.6057722274234274"></script>

<script defer src="js/utils.js?e31f9a17"></script>
<script defer src="js/replays-battle.js?7008c182"></script>

<!-- don't scrape this data! just add .json or .log after the URL!
Full API docs: https://github.com/smogon/pokemon-showdown-client/blob/master/WEB-API.md -->
<script type="text/plain" class="log" id="replaylog-smogtours-gen3ou-799681">
|inactive|Battle timer is ON: inactive players will automatically lose when time's up.
|t:|1729282507
|gametype|singles
|player|p1|JustFruitSalad|101|
|player|p2|stinkyaccountant|101|
|teamsize|p1|6
|teamsize|p2|6
|gen|3
|tier|[Gen 3] OU
|rule|Sleep Clause Mod: Limit one foe put to sleep
|rule|Switch Priority Clause Mod: Faster Pokémon switch first
|rule|Species Clause: Limit one of each Pokémon
|rule|OHKO Clause: OHKO moves are banned
|rule|Evasion Items Clause: Evasion items are banned
|rule|Evasion Moves Clause: Evasion moves are banned
|rule|Endless Battle Clause: Forcing endless battles is banned
|rule|HP Percentage Mod: HP is shown in percentages
|rule|One Boost Passer Clause: Limit one Baton Passer that has a way to boost its stats
|rule|Freeze Clause Mod: Limit one foe frozen
|
|t:|1729282507
|start
|switch|p1a: Skarmory|Skarmory, F, shiny|100/100
|switch|p2a: Skarmory|Skarmory, M|100/100
|turn|1
|inactive|JustFruitSalad has 270 seconds left.
|
|t:|1729282539
|move|p1a: Skarmory|Spikes|p2a: Skarmory
|-sidestart|p2: stinkyaccountant|Spikes
|move|p2a: Skarmory|Roar|p1a: Skarmory
|drag|p1a: Gengar|Gengar, F, shiny|100/100
|
|upkeep
|turn|2
|
|t:|1729282548
|move|p1a: Gengar|Fire Punch|p2a: Skarmory
|-supereffective|p2a: Skarmory
|-damage|p2a: Skarmory|57/100
|move|p2a: Skarmory|Spikes|p1a: Gengar
|-sidestart|p1: JustFruitSalad|Spikes
|
|-heal|p2a: Skarmory|63/100|[from] item: Leftovers
|upkeep
|turn|3
|
|t:|1729282568
|switch|p2a: Starmie|Starmie|100/100
|-damage|p2a: Starmie|88/100|[from] Spikes
|move|p1a: Gengar|Taunt|p2a: Starmie
|-start|p2a: Starmie|move: Taunt
|
|-heal|p2a: Starmie|94/100|[from] item: Leftovers
|upkeep
|turn|4
|
|t:|1729282592
|move|p2a: Starmie|Ice Beam|p1a: Gengar
|-crit|p1a: Gengar
|-damage|p1a: Gengar|31/100
|move|p1a: Gengar|Thunderbolt|p2a: Starmie
|-supereffective|p2a: Starmie
|-damage|p2a: Starmie|5/100
|
|-heal|p2a: Starmie|11/100|[from] item: Leftovers
|-end|p2a: Starmie|move: Taunt|[silent]
|-heal|p1a: Gengar|37/100|[from] item: Leftovers
|upkeep
|turn|5
|inactive|JustFruitSalad has 270 seconds left.
|
|t:|1729282630
|switch|p1a: Starmie|Starmie, shiny|100/100
|-damage|p1a: Starmie|88/100|[from] Spikes
|move|p2a: Starmie|Psychic|p1a: Starmie
|-resisted|p1a: Starmie
|-damage|p1a: Starmie|61/100
|-unboost|p1a: Starmie|spd|1
|
|-heal|p1a: Starmie|67/100|[from] item: Leftovers
|-heal|p2a: Starmie|17/100|[from] item: Leftovers
|upkeep
|turn|6
|inactive|stinkyaccountant has 270 seconds left.
|
|t:|1729282655
|move|p2a: Starmie|Thunderbolt|p1a: Starmie
|-supereffective|p1a: Starmie
|-damage|p1a: Starmie|0 fnt
|faint|p1a: Starmie
|inactive|JustFruitSalad has 240 seconds left.
|inactive|JustFruitSalad has 210 seconds left.
|inactive|JustFruitSalad has 180 seconds left.
|
|t:|1729282737
|switch|p1a: Tyranitar|Tyranitar, F, shiny|100/100
|-damage|p1a: Tyranitar|88/100|[from] Spikes
|-weather|Sandstorm|[from] ability: Sand Stream|[of] p1a: Tyranitar
|
|-weather|Sandstorm|[upkeep]
|-damage|p2a: Starmie|11/100|[from] Sandstorm
|-heal|p2a: Starmie|17/100|[from] item: Leftovers
|-heal|p1a: Tyranitar|94/100|[from] item: Leftovers
|upkeep
|turn|7
|inactive|JustFruitSalad has 180 seconds left.
|inactive|stinkyaccountant has 270 seconds left.
|
|t:|1729282758
|move|p2a: Starmie|Hydro Pump|p1a: Tyranitar|[miss]
|-miss|p2a: Starmie|p1a: Tyranitar
|move|p1a: Tyranitar|Rock Slide|p2a: Starmie
|-damage|p2a: Starmie|0 fnt
|faint|p2a: Starmie
|inactive|stinkyaccountant has 240 seconds left.
|
|t:|1729282809
|switch|p2a: Gengar|Gengar, M|100/100
|
|-weather|Sandstorm|[upkeep]
|-damage|p2a: Gengar|95/100|[from] Sandstorm
|-heal|p2a: Gengar|100/100|[from] item: Leftovers
|-heal|p1a: Tyranitar|100/100|[from] item: Leftovers
|upkeep
|turn|8
|inactive|JustFruitSalad has 180 seconds left.
|
|t:|1729282826
|move|p2a: Gengar|Ice Punch|p1a: Tyranitar
|-damage|p1a: Tyranitar|78/100
|move|p1a: Tyranitar|Rock Slide|p2a: Gengar
|-damage|p2a: Gengar|16/100
|
|-weather|Sandstorm|[upkeep]
|-damage|p2a: Gengar|10/100|[from] Sandstorm
|-heal|p2a: Gengar|16/100|[from] item: Leftovers
|-heal|p1a: Tyranitar|84/100|[from] item: Leftovers
|upkeep
|turn|9
|inactive|JustFruitSalad has 180 seconds left.
|
|t:|1729282850
|switch|p2a: Metagross|Metagross|100/100
|-damage|p2a: Metagross|88/100|[from] Spikes
|move|p1a: Tyranitar|Rock Slide|p2a: Metagross|[miss]
|-miss|p1a: Tyranitar|p2a: Metagross
|
|-weather|Sandstorm|[upkeep]
|-heal|p1a: Tyranitar|91/100|[from] item: Leftovers
|upkeep
|turn|10
|
|t:|1729282873
|switch|p1a: Skarmory|Skarmory, F, shiny|100/100
|move|p2a: Metagross|Meteor Mash|p1a: Skarmory
|-resisted|p1a: Skarmory
|-damage|p1a: Skarmory|65/100
|-boost|p2a: Metagross|atk|1
|
|-weather|Sandstorm|[upkeep]
|-heal|p1a: Skarmory|71/100|[from] item: Leftovers
|upkeep
|turn|11
|
|t:|1729282882
|move|p2a: Metagross|Meteor Mash|p1a: Skarmory
|-resisted|p1a: Skarmory
|-damage|p1a: Skarmory|23/100
|move|p1a: Skarmory|Whirlwind|p2a: Metagross
|drag|p2a: Tyranitar|Tyranitar, F|100/100
|-damage|p2a: Tyranitar|88/100|[from] Spikes
|
|-weather|Sandstorm|[upkeep]
|-heal|p1a: Skarmory|29/100|[from] item: Leftovers
|-heal|p2a: Tyranitar|94/100|[from] item: Leftovers
|upkeep
|turn|12
|
|t:|1729282906
|-singleturn|p2a: Tyranitar|move: Focus Punch
|move|p1a: Skarmory|Protect|p1a: Skarmory
|-singleturn|p1a: Skarmory|Protect
|move|p2a: Tyranitar|Focus Punch|p1a: Skarmory
|-activate|p1a: Skarmory|Protect
|
|-weather|Sandstorm|[upkeep]
|-heal|p1a: Skarmory|35/100|[from] item: Leftovers
|-heal|p2a: Tyranitar|100/100|[from] item: Leftovers
|upkeep
|turn|13
|inactive|JustFruitSalad has 150 seconds left.
|
|t:|1729282954
|switch|p1a: Gengar|Gengar, F, shiny|37/100
|move|p2a: Tyranitar|Rock Slide|p1a: Gengar
|-damage|p1a: Gengar|0 fnt
|faint|p1a: Gengar
|inactive|JustFruitSalad has 120 seconds left.
|
|t:|1729282995
|switch|p1a: Swampert|Swampert, F, shiny|100/100
|-damage|p1a: Swampert|88/100|[from] Spikes
|
|-weather|Sandstorm|[upkeep]
|-heal|p1a: Swampert|94/100|[from] item: Leftovers
|upkeep
|turn|14
|
|t:|1729283013
|switch|p2a: Skarmory|Skarmory, M|63/100
|move|p1a: Swampert|Hydro Pump|p2a: Skarmory|[miss]
|-miss|p1a: Swampert|p2a: Skarmory
|
|-weather|Sandstorm|[upkeep]
|-heal|p2a: Skarmory|69/100|[from] item: Leftovers
|-heal|p1a: Swampert|100/100|[from] item: Leftovers
|upkeep
|turn|15
|inactive|JustFruitSalad has 90 seconds left.
|
|t:|1729283045
|switch|p1a: Skarmory|Skarmory, F, shiny|35/100
|move|p2a: Skarmory|Toxic|p1a: Skarmory
|-immune|p1a: Skarmory
|
|-weather|Sandstorm|[upkeep]
|-heal|p2a: Skarmory|75/100|[from] item: Leftovers
|-heal|p1a: Skarmory|41/100|[from] item: Leftovers
|upkeep
|turn|16
|
|t:|1729283062
|switch|p2a: Gengar|Gengar, M|16/100
|move|p1a: Skarmory|Whirlwind|p2a: Gengar
|drag|p2a: Jolteon|Jolteon, M|100/100
|-damage|p2a: Jolteon|88/100|[from] Spikes
|
|-weather|Sandstorm|[upkeep]
|-damage|p2a: Jolteon|82/100|[from] Sandstorm
|-heal|p2a: Jolteon|88/100|[from] item: Leftovers
|-heal|p1a: Skarmory|47/100|[from] item: Leftovers
|upkeep
|turn|17
|
|t:|1729283078
|move|p1a: Skarmory|Protect|p1a: Skarmory
|-singleturn|p1a: Skarmory|Protect
|move|p2a: Jolteon|Thunderbolt|p1a: Skarmory
|-activate|p1a: Skarmory|Protect
|
|-weather|Sandstorm|[upkeep]
|-damage|p2a: Jolteon|82/100|[from] Sandstorm
|-heal|p2a: Jolteon|88/100|[from] item: Leftovers
|-heal|p1a: Skarmory|53/100|[from] item: Leftovers
|upkeep
|turn|18
|
|t:|1729283098
|switch|p1a: Blissey|Blissey, F, shiny|100/100
|-damage|p1a: Blissey|88/100|[from] Spikes
|move|p2a: Jolteon|Hidden Power|p1a: Blissey
|-damage|p1a: Blissey|79/100
|
|-weather|Sandstorm|[upkeep]
|-damage|p2a: Jolteon|82/100|[from] Sandstorm
|-damage|p1a: Blissey|73/100|[from] Sandstorm
|-heal|p2a: Jolteon|88/100|[from] item: Leftovers
|-heal|p1a: Blissey|79/100|[from] item: Leftovers
|upkeep
|turn|19
|
|t:|1729283115
|switch|p2a: Skarmory|Skarmory, M|75/100
|move|p1a: Blissey|Fire Blast|p2a: Skarmory
|-supereffective|p2a: Skarmory
|-damage|p2a: Skarmory|24/100
|
|-weather|Sandstorm|[upkeep]
|-damage|p1a: Blissey|73/100|[from] Sandstorm
|-heal|p1a: Blissey|79/100|[from] item: Leftovers
|-heal|p2a: Skarmory|30/100|[from] item: Leftovers
|upkeep
|turn|20
|
|t:|1729283126
|move|p1a: Blissey|Fire Blast|p2a: Skarmory|[miss]
|-miss|p1a: Blissey|p2a: Skarmory
|move|p2a: Skarmory|Spikes|p1a: Blissey
|-sidestart|p1: JustFruitSalad|Spikes
|
|-weather|Sandstorm|[upkeep]
|-damage|p1a: Blissey|73/100|[from] Sandstorm
|-heal|p1a: Blissey|79/100|[from] item: Leftovers
|-heal|p2a: Skarmory|36/100|[from] item: Leftovers
|upkeep
|turn|21
|
|t:|1729283132
|move|p2a: Skarmory|Protect|p2a: Skarmory
|-singleturn|p2a: Skarmory|Protect
|move|p1a: Blissey|Fire Blast|p2a: Skarmory|[miss]
|-miss|p1a: Blissey|p2a: Skarmory
|
|-weather|Sandstorm|[upkeep]
|-damage|p1a: Blissey|73/100|[from] Sandstorm
|-heal|p1a: Blissey|79/100|[from] item: Leftovers
|-heal|p2a: Skarmory|42/100|[from] item: Leftovers
|upkeep
|turn|22
|
|t:|1729283161
|move|p1a: Blissey|Fire Blast|p2a: Skarmory
|-supereffective|p2a: Skarmory
|-crit|p2a: Skarmory
|-damage|p2a: Skarmory|0 fnt
|faint|p2a: Skarmory
|inactive|stinkyaccountant has 210 seconds left.
|
|t:|1729283192
|switch|p2a: Metagross|Metagross|88/100
|-damage|p2a: Metagross|76/100|[from] Spikes
|
|-weather|Sandstorm|[upkeep]
|-damage|p1a: Blissey|73/100|[from] Sandstorm
|-heal|p1a: Blissey|79/100|[from] item: Leftovers
|upkeep
|turn|23
|inactive|JustFruitSalad has 90 seconds left.
|
|t:|1729283217
|switch|p1a: Swampert|Swampert, F, shiny|100/100
|-damage|p1a: Swampert|84/100|[from] Spikes
|move|p2a: Metagross|Meteor Mash|p1a: Swampert
|-resisted|p1a: Swampert
|-damage|p1a: Swampert|50/100
|-boost|p2a: Metagross|atk|1
|
|-weather|Sandstorm|[upkeep]
|-heal|p1a: Swampert|56/100|[from] item: Leftovers
|upkeep
|turn|24
|inactive|JustFruitSalad has 90 seconds left.
|
|t:|1729283247
|move|p1a: Swampert|Protect|p1a: Swampert
|-singleturn|p1a: Swampert|Protect
|move|p2a: Metagross|Meteor Mash|p1a: Swampert|[miss]
|-miss|p2a: Metagross|p1a: Swampert
|
|-weather|Sandstorm|[upkeep]
|-heal|p1a: Swampert|62/100|[from] item: Leftovers
|upkeep
|turn|25
|
|t:|1729283260
|move|p2a: Metagross|Meteor Mash|p1a: Swampert
|-resisted|p1a: Swampert
|-damage|p1a: Swampert|12/100
|-boost|p2a: Metagross|atk|1
|move|p1a: Swampert|Hydro Pump|p2a: Metagross|[miss]
|-miss|p1a: Swampert|p2a: Metagross
|
|-weather|Sandstorm|[upkeep]
|-heal|p1a: Swampert|18/100|[from] item: Leftovers
|upkeep
|turn|26
|inactive|stinkyaccountant has 210 seconds left.
|c|☆stinkyaccountant|mb
|
|t:|1729283282
|move|p1a: Swampert|Protect|p1a: Swampert
|-singleturn|p1a: Swampert|Protect
|move|p2a: Metagross|Meteor Mash|p1a: Swampert
|-activate|p1a: Swampert|Protect
|
|-weather|Sandstorm|[upkeep]
|-heal|p1a: Swampert|24/100|[from] item: Leftovers
|upkeep
|turn|27
|inactive|JustFruitSalad has 60 seconds left.
|
|t:|1729283307
|move|p1a: Swampert|Protect|p1a: Swampert
|-singleturn|p1a: Swampert|Protect
|move|p2a: Metagross|Meteor Mash|p1a: Swampert|[miss]
|-miss|p2a: Metagross|p1a: Swampert
|
|-weather|Sandstorm|[upkeep]
|-heal|p1a: Swampert|30/100|[from] item: Leftovers
|upkeep
|turn|28
|inactive|JustFruitSalad has 60 seconds left.
|
|t:|1729283315
|move|p1a: Swampert|Protect||[still]
|-fail|p1a: Swampert
|move|p2a: Metagross|Meteor Mash|p1a: Swampert
|-resisted|p1a: Swampert
|-damage|p1a: Swampert|0 fnt
|faint|p1a: Swampert
|
|t:|1729283318
|switch|p1a: Skarmory|Skarmory, F, shiny|53/100
|
|-weather|Sandstorm|[upkeep]
|-heal|p1a: Skarmory|59/100|[from] item: Leftovers
|upkeep
|turn|29
|
|t:|1729283327
|switch|p2a: Jolteon|Jolteon, M|88/100
|-damage|p2a: Jolteon|75/100|[from] Spikes
|move|p1a: Skarmory|Whirlwind|p2a: Jolteon
|drag|p2a: Gengar|Gengar, M|16/100
|
|-weather|Sandstorm|[upkeep]
|-damage|p2a: Gengar|10/100|[from] Sandstorm
|-heal|p2a: Gengar|16/100|[from] item: Leftovers
|-heal|p1a: Skarmory|65/100|[from] item: Leftovers
|upkeep
|turn|30
|
|t:|1729283341
|move|p1a: Skarmory|Protect|p1a: Skarmory
|-singleturn|p1a: Skarmory|Protect
|move|p2a: Gengar|Fire Punch|p1a: Skarmory
|-activate|p1a: Skarmory|Protect
|
|-weather|Sandstorm|[upkeep]
|-damage|p2a: Gengar|10/100|[from] Sandstorm
|-heal|p2a: Gengar|16/100|[from] item: Leftovers
|-heal|p1a: Skarmory|71/100|[from] item: Leftovers
|upkeep
|turn|31
|
|t:|1729283353
|switch|p1a: Tyranitar|Tyranitar, F, shiny|91/100
|-damage|p1a: Tyranitar|74/100|[from] Spikes
|move|p2a: Gengar|Fire Punch|p1a: Tyranitar
|-resisted|p1a: Tyranitar
|-damage|p1a: Tyranitar|64/100
|
|-weather|Sandstorm|[upkeep]
|-damage|p2a: Gengar|10/100|[from] Sandstorm
|-heal|p2a: Gengar|16/100|[from] item: Leftovers
|-heal|p1a: Tyranitar|70/100|[from] item: Leftovers
|upkeep
|turn|32
|inactive|stinkyaccountant has 210 seconds left.
|
|t:|1729283401
|move|p2a: Gengar|Explosion|p1a: Tyranitar
|-resisted|p1a: Tyranitar
|-damage|p1a: Tyranitar|38/100
|faint|p2a: Gengar
|
|t:|1729283411
|switch|p2a: Metagross|Metagross|76/100
|-damage|p2a: Metagross|64/100|[from] Spikes
|
|-weather|Sandstorm|[upkeep]
|-heal|p1a: Tyranitar|44/100|[from] item: Leftovers
|upkeep
|turn|33
|
|t:|1729283438
|switch|p1a: Skarmory|Skarmory, F, shiny|71/100
|move|p2a: Metagross|Meteor Mash|p1a: Skarmory
|-resisted|p1a: Skarmory
|-damage|p1a: Skarmory|36/100
|
|-weather|Sandstorm|[upkeep]
|-heal|p1a: Skarmory|42/100|[from] item: Leftovers
|upkeep
|turn|34
|
|t:|1729283454
|switch|p2a: Tyranitar|Tyranitar, F|100/100
|-damage|p2a: Tyranitar|88/100|[from] Spikes
|move|p1a: Skarmory|Protect||[still]
|-fail|p1a: Skarmory
|
|-weather|Sandstorm|[upkeep]
|-heal|p1a: Skarmory|48/100|[from] item: Leftovers
|-heal|p2a: Tyranitar|94/100|[from] item: Leftovers
|upkeep
|turn|35
|inactive|JustFruitSalad has 60 seconds left.
|
|t:|1729283471
|-singleturn|p2a: Tyranitar|move: Focus Punch
|move|p2a: Tyranitar|Focus Punch|p1a: Skarmory
|-damage|p1a: Skarmory|3/100
|move|p1a: Skarmory|Whirlwind|p2a: Tyranitar
|drag|p2a: Metagross|Metagross|64/100
|-damage|p2a: Metagross|51/100|[from] Spikes
|
|-weather|Sandstorm|[upkeep]
|-heal|p1a: Skarmory|9/100|[from] item: Leftovers
|upkeep
|turn|36
|c|☆JustFruitSalad|oh
|
|t:|1729283486
|move|p1a: Skarmory|Protect|p1a: Skarmory
|-singleturn|p1a: Skarmory|Protect
|move|p2a: Metagross|Meteor Mash|p1a: Skarmory
|-activate|p1a: Skarmory|Protect
|
|-weather|Sandstorm|[upkeep]
|-heal|p1a: Skarmory|15/100|[from] item: Leftovers
|upkeep
|turn|37
|inactive|JustFruitSalad has 60 seconds left.
|
|t:|1729283515
|move|p1a: Skarmory|Protect|p1a: Skarmory
|-singleturn|p1a: Skarmory|Protect
|move|p2a: Metagross|Meteor Mash|p1a: Skarmory
|-activate|p1a: Skarmory|Protect
|
|-weather|Sandstorm|[upkeep]
|-heal|p1a: Skarmory|21/100|[from] item: Leftovers
|upkeep
|turn|38
|
|t:|1729283533
|move|p2a: Metagross|Meteor Mash|p1a: Skarmory
|-resisted|p1a: Skarmory
|-damage|p1a: Skarmory|0 fnt
|faint|p1a: Skarmory
|
|t:|1729283536
|switch|p1a: Blissey|Blissey, F, shiny|79/100
|-damage|p1a: Blissey|62/100|[from] Spikes
|
|-weather|Sandstorm|[upkeep]
|-damage|p1a: Blissey|56/100|[from] Sandstorm
|-heal|p1a: Blissey|62/100|[from] item: Leftovers
|upkeep
|turn|39
|
|t:|1729283543
|move|p2a: Metagross|Meteor Mash|p1a: Blissey|[miss]
|-miss|p2a: Metagross|p1a: Blissey
|move|p1a: Blissey|Fire Blast|p2a: Metagross|[miss]
|-miss|p1a: Blissey|p2a: Metagross
|
|-weather|Sandstorm|[upkeep]
|-damage|p1a: Blissey|56/100|[from] Sandstorm
|-heal|p1a: Blissey|62/100|[from] item: Leftovers
|upkeep
|turn|40
|
|t:|1729283549
|move|p2a: Metagross|Meteor Mash|p1a: Blissey
|-crit|p1a: Blissey
|-damage|p1a: Blissey|0 fnt
|faint|p1a: Blissey
|
|t:|1729283552
|switch|p1a: Tyranitar|Tyranitar, F, shiny|44/100
|-damage|p1a: Tyranitar|27/100|[from] Spikes
|
|-weather|Sandstorm|[upkeep]
|-heal|p1a: Tyranitar|34/100|[from] item: Leftovers
|upkeep
|turn|41
|
|t:|1729283560
|move|p2a: Metagross|Meteor Mash|p1a: Tyranitar
|-supereffective|p1a: Tyranitar
|-damage|p1a: Tyranitar|0 fnt
|faint|p1a: Tyranitar
|
|win|stinkyaccountant

</script>
<script type="application/json" class="data" id="replaydata-smogtours-gen3ou-799681">
{"id":"smogtours-gen3ou-799681","format":"[Gen 3] OU","players":["JustFruitSalad","stinkyaccountant"],"uploadtime":1729283560,"views":73,"formatid":"gen3ou","rating":null,"private":0,"password":null}
</script>

<script defer src="js/replays.js?9d40a366"></script>
