<!DOCTYPE html>
<meta charset="utf-8" />
<meta name="viewport" content="width=device-width" />

<title>[Gen 3] OU: DimmyJean vs. dig boshi - Replays - Pok&eacute;mon Showdown!</title>

<meta name="description" content="Watch a replay of a Pok&eacute;mon battle between DimmyJean and dig boshi! Format: [Gen 3] OU; Date: Oct 24, 2024" />
<!--

Hey, you! Looking in the source for the replay log?

You can find them in JSON format, just add `.json` at the end of a replay URL.

https://replay.pokemonshowdown.com/gen7randomdoublesbattle-865046831.json

Or, if you only need the log itself, add `.log` instead:

https://replay.pokemonshowdown.com/gen7randomdoublesbattle-865046831.log

-->

<link rel="stylesheet" href="//pokemonshowdown.com/style/global.css?0.023195364461161105" />
<link rel="stylesheet" href="//play.pokemonshowdown.com/style/font-awesome.css?0.13261647063804238" />
<link rel="stylesheet" href="//play.pokemonshowdown.com/style/battle.css?0.8753245789963631" />
<link rel="stylesheet" href="//play.pokemonshowdown.com/style/utilichart.css?0.8627959624976733" />

<!-- Global site tag (gtag.js) - Google Analytics -->
<script async src="https://www.googletagmanager.com/gtag/js?id=UA-26211653-1"></script>
<script>
  window.dataLayer = window.dataLayer || [];
  function gtag(){dataLayer.push(arguments);}
  gtag('js', new Date());

  gtag('config', 'UA-26211653-1');
</script>
<!-- End Google Analytics -->
<!-- Venatus Ad Manager - Install in <HEAD> of page -->
	<script src="https://hb.vntsm.com/v3/live/ad-manager.min.js" type="text/javascript" data-site-id="642aba63ec9a7b11c3c9c1be" data-mode="scan" async></script>
<!-- / Venatus Ad Manager -->

<style>
	@media (max-width:820px) {
		.battle {
			margin: 0 auto;
		}
		.battle-log {
			margin: 7px auto 0;
			max-width: 640px;
			height: 300px;
			position: static;
		}
	}
	.optgroup {
		display: inline-block;
		line-height: 22px;
		font-size: 10pt;
	}
	.optgroup .button {
		height: 25px;
		padding-top: 0;
		padding-bottom: 0;
	}
	.optgroup button.button {
		padding-left: 12px;
		padding-right: 12px;
	}
	.linklist {
		list-style: none;
		margin: 0.5em 0;
		padding: 0;
	}
	.linklist li {
		padding: 2px 0;
	}
	.sidebar {
		float: left;
		width: 320px;
	}
	.bar-wrapper {
		max-width: 1100px;
		margin: 0 auto;
	}
	.bar-wrapper.has-sidebar {
		max-width: 1430px;
	}
	.mainbar {
		margin: 0;
		padding-right: 1px;
	}
	.mainbar.has-sidebar {
		margin-left: 330px;
	}
	@media (min-width: 1511px) {
		.sidebar {
			width: 400px;
		}
		.bar-wrapper.has-sidebar {
			max-width: 1510px;
		}
		.mainbar.has-sidebar {
			margin-left: 410px;
		}
	}
	.section.first-section {
		margin-top: 9px;
	}
	.blocklink small {
		white-space: normal;
	}
	.button {
		vertical-align: middle;
	}
	.replay-controls {
		padding-top: 10px;
	}
	.replay-controls h1 {
		font-size: 16pt;
		font-weight: normal;
		color: #CCC;
	}
	.pagelink {
		text-align: center;
	}
	.pagelink a {
		width: 150px;
	}
	.textbox, .button {
		font-size: 11pt;
		vertical-align: middle;
	}
	@media (max-width: 450px) {
		.button {
			font-size: 9pt;
		}
	}
</style>

<div>

	<header>
		<div class="nav-wrapper"><ul class="nav">
			<li><a class="button nav-first" href="//pokemonshowdown.com/"><img src="//pokemonshowdown.com/images/pokemonshowdownbeta.png" srcset="//pokemonshowdown.com/images/pokemonshowdownbeta.png 1x, //pokemonshowdown.com/images/pokemonshowdownbeta@2x.png 2x" alt="Pok&eacute;mon Showdown" width="146" height="44" /> Home</a></li>
			<li><a class="button" href="//pokemonshowdown.com/dex/">Pok&eacute;dex</a></li>
			<li><a class="button cur" href="/">Replays</a></li>
			<li><a class="button" href="//pokemonshowdown.com/ladder/">Ladder</a></li>
			<li><a class="button nav-last" href="//pokemonshowdown.com/forums/">Forum</a></li>
			<li><a class="button greenbutton nav-first nav-last" href="//play.pokemonshowdown.com/">Play</a></li>
		</ul></div>
	</header>

	<div class="main" id="main">

		<noscript><section class="section">You need to enable JavaScript to use this page; sorry!</section></noscript>

	</div>

</div>

<script defer nomodule src="//play.pokemonshowdown.com/js/lib/ps-polyfill.js"></script>
<script defer src="//play.pokemonshowdown.com/js/lib/preact.min.js"></script>

<script defer src="//play.pokemonshowdown.com/config/config.js?2bddbc15"></script>
<script defer src="//play.pokemonshowdown.com/js/lib/jquery-1.11.0.min.js"></script>
<script defer src="//play.pokemonshowdown.com/js/lib/html-sanitizer-minified.js"></script>
<script defer src="//play.pokemonshowdown.com/js/battle-sound.js"></script>
<script defer src="//play.pokemonshowdown.com/js/battledata.js?0.7209276989879541"></script>
<script defer src="//play.pokemonshowdown.com/data/pokedex-mini.js?0.6111056340867951"></script>
<script defer src="//play.pokemonshowdown.com/data/pokedex-mini-bw.js?0.3532142036491459"></script>
<script defer src="//play.pokemonshowdown.com/data/graphics.js?0.24223875632456182"></script>
<script defer src="//play.pokemonshowdown.com/data/pokedex.js?0.38839984266356864"></script>
<script defer src="//play.pokemonshowdown.com/data/moves.js?0.21866028504024015"></script>
<script defer src="//play.pokemonshowdown.com/data/abilities.js?0.2005157953846628"></script>
<script defer src="//play.pokemonshowdown.com/data/items.js?0.9894211263848525"></script>
<script defer src="//play.pokemonshowdown.com/data/teambuilder-tables.js?0.6008791140282215"></script>
<script defer src="//play.pokemonshowdown.com/js/battle-tooltips.js?0.7580118955022959"></script>
<script defer src="//play.pokemonshowdown.com/js/battle.js?0.6057722274234274"></script>

<script defer src="js/utils.js?e31f9a17"></script>
<script defer src="js/replays-battle.js?7008c182"></script>

<!-- don't scrape this data! just add .json or .log after the URL!
Full API docs: https://github.com/smogon/pokemon-showdown-client/blob/master/WEB-API.md -->
<script type="text/plain" class="log" id="replaylog-smogtours-gen3ou-801499">
|inactive|Battle timer is ON: inactive players will automatically lose when time's up.
|t:|1729735261
|gametype|singles
|player|p1|DimmyJean|2|
|player|p2|dig boshi|266|
|teamsize|p1|6
|teamsize|p2|6
|gen|3
|tier|[Gen 3] OU
|rule|Sleep Clause Mod: Limit one foe put to sleep
|rule|Switch Priority Clause Mod: Faster Pokémon switch first
|rule|Species Clause: Limit one of each Pokémon
|rule|OHKO Clause: OHKO moves are banned
|rule|Evasion Items Clause: Evasion items are banned
|rule|Evasion Moves Clause: Evasion moves are banned
|rule|Endless Battle Clause: Forcing endless battles is banned
|rule|HP Percentage Mod: HP is shown in percentages
|rule|One Boost Passer Clause: Limit one Baton Passer that has a way to boost its stats
|rule|Freeze Clause Mod: Limit one foe frozen
|
|t:|1729735261
|start
|switch|p1a: Tyranitar|Tyranitar, F|100/100
|switch|p2a: Tyranitar|Tyranitar, F|100/100
|-weather|Sandstorm|[from] ability: Sand Stream|[of] p1a: Tyranitar
|turn|1
|
|t:|1729735282
|switch|p1a: Swampert|Swampert, M|100/100
|switch|p2a: Skarmory|Skarmory, F|100/100
|
|-weather|Sandstorm|[upkeep]
|upkeep
|turn|2
|
|t:|1729735295
|switch|p1a: Starmie|Starmie|100/100
|move|p2a: Skarmory|Spikes|p1a: Starmie
|-sidestart|p1: DimmyJean|Spikes
|
|-weather|Sandstorm|[upkeep]
|-damage|p1a: Starmie|94/100|[from] Sandstorm
|-heal|p1a: Starmie|100/100|[from] item: Leftovers
|upkeep
|turn|3
|
|t:|1729735315
|switch|p2a: Celebi|Celebi|100/100
|move|p1a: Starmie|Hydro Pump|p2a: Celebi
|-resisted|p2a: Celebi
|-damage|p2a: Celebi|76/100
|
|-weather|Sandstorm|[upkeep]
|-damage|p1a: Starmie|94/100|[from] Sandstorm
|-damage|p2a: Celebi|70/100|[from] Sandstorm
|-heal|p1a: Starmie|100/100|[from] item: Leftovers
|-heal|p2a: Celebi|76/100|[from] item: Leftovers
|upkeep
|turn|4
|
|t:|1729735334
|switch|p1a: Celebi|Celebi|100/100
|-damage|p1a: Celebi|88/100|[from] Spikes
|move|p2a: Celebi|Recover|p2a: Celebi
|-heal|p2a: Celebi|100/100
|
|-weather|Sandstorm|[upkeep]
|-damage|p2a: Celebi|94/100|[from] Sandstorm
|-damage|p1a: Celebi|82/100|[from] Sandstorm
|-heal|p2a: Celebi|100/100|[from] item: Leftovers
|-heal|p1a: Celebi|88/100|[from] item: Leftovers
|upkeep
|turn|5
|
|t:|1729735351
|switch|p2a: Skarmory|Skarmory, F|100/100
|move|p1a: Celebi|Calm Mind|p1a: Celebi
|-boost|p1a: Celebi|spa|1
|-boost|p1a: Celebi|spd|1
|
|-weather|Sandstorm|[upkeep]
|-damage|p1a: Celebi|82/100|[from] Sandstorm
|-heal|p1a: Celebi|88/100|[from] item: Leftovers
|upkeep
|turn|6
|
|t:|1729735359
|move|p1a: Celebi|Hidden Power|p2a: Skarmory
|-supereffective|p2a: Skarmory
|-damage|p2a: Skarmory|44/100
|move|p2a: Skarmory|Roar|p1a: Celebi
|drag|p1a: Metagross|Metagross|100/100
|-damage|p1a: Metagross|88/100|[from] Spikes
|
|-weather|Sandstorm|[upkeep]
|-heal|p2a: Skarmory|51/100|[from] item: Leftovers
|-heal|p1a: Metagross|94/100|[from] item: Leftovers
|upkeep
|turn|7
|
|t:|1729735369
|move|p2a: Skarmory|Protect|p2a: Skarmory
|-singleturn|p2a: Skarmory|Protect
|move|p1a: Metagross|Thunder Punch|p2a: Skarmory
|-activate|p2a: Skarmory|Protect
|
|-weather|Sandstorm|[upkeep]
|-heal|p2a: Skarmory|57/100|[from] item: Leftovers
|-heal|p1a: Metagross|99/100|[from] item: Leftovers
|upkeep
|turn|8
|inactive|dig boshi has 270 seconds left.
|
|t:|1729735400
|switch|p2a: Celebi|Celebi|100/100
|move|p1a: Metagross|Meteor Mash|p2a: Celebi
|-damage|p2a: Celebi|65/100
|
|-weather|Sandstorm|[upkeep]
|-damage|p2a: Celebi|59/100|[from] Sandstorm
|-heal|p2a: Celebi|65/100|[from] item: Leftovers
|-heal|p1a: Metagross|100/100|[from] item: Leftovers
|upkeep
|turn|9
|
|t:|1729735419
|switch|p1a: Celebi|Celebi|88/100
|-damage|p1a: Celebi|76/100|[from] Spikes
|move|p2a: Celebi|Recover|p2a: Celebi
|-heal|p2a: Celebi|100/100
|
|-weather|Sandstorm|[upkeep]
|-damage|p2a: Celebi|94/100|[from] Sandstorm
|-damage|p1a: Celebi|70/100|[from] Sandstorm
|-heal|p2a: Celebi|100/100|[from] item: Leftovers
|-heal|p1a: Celebi|76/100|[from] item: Leftovers
|upkeep
|turn|10
|inactive|dig boshi has 270 seconds left.
|
|t:|1729735440
|switch|p2a: Porygon2|Porygon2|100/100
|-ability|p2a: Porygon2|Natural Cure|[from] ability: Trace|[of] p1a: Celebi
|move|p1a: Celebi|Calm Mind|p1a: Celebi
|-boost|p1a: Celebi|spa|1
|-boost|p1a: Celebi|spd|1
|
|-weather|Sandstorm|[upkeep]
|-damage|p1a: Celebi|70/100|[from] Sandstorm
|-damage|p2a: Porygon2|94/100|[from] Sandstorm
|-heal|p1a: Celebi|76/100|[from] item: Leftovers
|-heal|p2a: Porygon2|100/100|[from] item: Leftovers
|upkeep
|turn|11
|inactive|dig boshi has 270 seconds left.
|
|t:|1729735458
|move|p1a: Celebi|Calm Mind|p1a: Celebi
|-boost|p1a: Celebi|spa|1
|-boost|p1a: Celebi|spd|1
|move|p2a: Porygon2|Toxic|p1a: Celebi
|-status|p1a: Celebi|tox
|
|-weather|Sandstorm|[upkeep]
|-damage|p1a: Celebi|70/100 tox|[from] Sandstorm
|-damage|p2a: Porygon2|94/100|[from] Sandstorm
|-heal|p1a: Celebi|76/100 tox|[from] item: Leftovers
|-damage|p1a: Celebi|70/100 tox|[from] psn
|-heal|p2a: Porygon2|100/100|[from] item: Leftovers
|upkeep
|turn|12
|inactive|dig boshi has 270 seconds left.
|
|t:|1729735469
|move|p1a: Celebi|Giga Drain|p2a: Porygon2
|-damage|p2a: Porygon2|63/100
|-heal|p1a: Celebi|87/100 tox|[from] drain|[of] p2a: Porygon2
|move|p2a: Porygon2|Ice Beam|p1a: Celebi
|-supereffective|p1a: Celebi
|-damage|p1a: Celebi|67/100 tox
|
|-weather|Sandstorm|[upkeep]
|-damage|p1a: Celebi|61/100 tox|[from] Sandstorm
|-damage|p2a: Porygon2|57/100|[from] Sandstorm
|-heal|p1a: Celebi|67/100 tox|[from] item: Leftovers
|-damage|p1a: Celebi|55/100 tox|[from] psn
|-heal|p2a: Porygon2|63/100|[from] item: Leftovers
|upkeep
|turn|13
|inactive|dig boshi has 270 seconds left.
|
|t:|1729735480
|move|p1a: Celebi|Baton Pass|p1a: Celebi
|
|t:|1729735483
|-curestatus|p1a: Celebi|tox|[from] ability: Natural Cure
|switch|p1a: Metagross|Metagross|100/100|[from] Baton Pass
|-damage|p1a: Metagross|88/100|[from] Spikes
|move|p2a: Porygon2|Recover|p2a: Porygon2
|-heal|p2a: Porygon2|100/100
|
|-weather|Sandstorm|[upkeep]
|-damage|p2a: Porygon2|94/100|[from] Sandstorm
|-heal|p1a: Metagross|94/100|[from] item: Leftovers
|-heal|p2a: Porygon2|100/100|[from] item: Leftovers
|upkeep
|turn|14
|inactive|dig boshi has 270 seconds left.
|
|t:|1729735509
|move|p1a: Metagross|Meteor Mash|p2a: Porygon2
|-damage|p2a: Porygon2|64/100
|-boost|p1a: Metagross|atk|1
|move|p2a: Porygon2|Ice Beam|p1a: Metagross
|-resisted|p1a: Metagross
|-damage|p1a: Metagross|88/100
|
|-weather|Sandstorm|[upkeep]
|-damage|p2a: Porygon2|58/100|[from] Sandstorm
|-heal|p1a: Metagross|94/100|[from] item: Leftovers
|-heal|p2a: Porygon2|64/100|[from] item: Leftovers
|upkeep
|turn|15
|
|t:|1729735530
|move|p1a: Metagross|Meteor Mash|p2a: Porygon2
|-damage|p2a: Porygon2|8/100
|move|p2a: Porygon2|Ice Beam|p1a: Metagross
|-resisted|p1a: Metagross
|-crit|p1a: Metagross
|-damage|p1a: Metagross|70/100
|
|-weather|Sandstorm|[upkeep]
|-damage|p2a: Porygon2|2/100|[from] Sandstorm
|-heal|p1a: Metagross|76/100|[from] item: Leftovers
|-heal|p2a: Porygon2|8/100|[from] item: Leftovers
|upkeep
|turn|16
|
|t:|1729735540
|move|p1a: Metagross|Thunder Punch|p2a: Porygon2
|-damage|p2a: Porygon2|0 fnt
|faint|p2a: Porygon2
|
|t:|1729735548
|switch|p2a: Blastoise|Blastoise, F|100/100
|
|-weather|Sandstorm|[upkeep]
|-damage|p2a: Blastoise|94/100|[from] Sandstorm
|-heal|p2a: Blastoise|100/100|[from] item: Leftovers
|-heal|p1a: Metagross|82/100|[from] item: Leftovers
|upkeep
|turn|17
|
|t:|1729735554
|move|p1a: Metagross|Thunder Punch|p2a: Blastoise
|-supereffective|p2a: Blastoise
|-damage|p2a: Blastoise|33/100
|move|p2a: Blastoise|Roar|p1a: Metagross
|drag|p1a: Swampert|Swampert, M|100/100
|-damage|p1a: Swampert|88/100|[from] Spikes
|
|-weather|Sandstorm|[upkeep]
|-damage|p2a: Blastoise|26/100|[from] Sandstorm
|-heal|p2a: Blastoise|33/100|[from] item: Leftovers
|-heal|p1a: Swampert|94/100|[from] item: Leftovers
|upkeep
|turn|18
|
|t:|1729735570
|switch|p1a: Starmie|Starmie|100/100
|-damage|p1a: Starmie|88/100|[from] Spikes
|move|p2a: Blastoise|Hydro Pump|p1a: Starmie
|-resisted|p1a: Starmie
|-damage|p1a: Starmie|45/100
|
|-weather|Sandstorm|[upkeep]
|-damage|p1a: Starmie|39/100|[from] Sandstorm
|-damage|p2a: Blastoise|26/100|[from] Sandstorm
|-heal|p1a: Starmie|45/100|[from] item: Leftovers
|-heal|p2a: Blastoise|33/100|[from] item: Leftovers
|upkeep
|turn|19
|
|t:|1729735582
|switch|p2a: Celebi|Celebi|100/100
|move|p1a: Starmie|Thunderbolt|p2a: Celebi
|-resisted|p2a: Celebi
|-damage|p2a: Celebi|89/100
|
|-weather|Sandstorm|[upkeep]
|-damage|p1a: Starmie|39/100|[from] Sandstorm
|-damage|p2a: Celebi|83/100|[from] Sandstorm
|-heal|p1a: Starmie|45/100|[from] item: Leftovers
|-heal|p2a: Celebi|89/100|[from] item: Leftovers
|upkeep
|turn|20
|inactive|DimmyJean has 270 seconds left.
|
|t:|1729735620
|move|p1a: Starmie|Rapid Spin|p2a: Celebi
|-damage|p2a: Celebi|86/100
|-sideend|p1: DimmyJean|Spikes|[from] move: Rapid Spin|[of] p1a: Starmie
|move|p2a: Celebi|Hidden Power|p1a: Starmie
|-supereffective|p1a: Starmie
|-damage|p1a: Starmie|0 fnt
|faint|p1a: Starmie
|
|t:|1729735634
|switch|p1a: Celebi|Celebi|55/100
|
|-weather|Sandstorm|[upkeep]
|-damage|p2a: Celebi|80/100|[from] Sandstorm
|-damage|p1a: Celebi|49/100|[from] Sandstorm
|-heal|p2a: Celebi|86/100|[from] item: Leftovers
|-heal|p1a: Celebi|55/100|[from] item: Leftovers
|upkeep
|turn|21
|
|t:|1729735647
|switch|p2a: Skarmory|Skarmory, F|57/100
|move|p1a: Celebi|Calm Mind|p1a: Celebi
|-boost|p1a: Celebi|spa|1
|-boost|p1a: Celebi|spd|1
|
|-weather|Sandstorm|[upkeep]
|-damage|p1a: Celebi|49/100|[from] Sandstorm
|-heal|p1a: Celebi|55/100|[from] item: Leftovers
|-heal|p2a: Skarmory|63/100|[from] item: Leftovers
|upkeep
|turn|22
|
|t:|1729735657
|move|p1a: Celebi|Hidden Power|p2a: Skarmory
|-supereffective|p2a: Skarmory
|-damage|p2a: Skarmory|5/100
|move|p2a: Skarmory|Roar|p1a: Celebi
|drag|p1a: Tyranitar|Tyranitar, F|100/100
|
|-weather|Sandstorm|[upkeep]
|-heal|p2a: Skarmory|11/100|[from] item: Leftovers
|upkeep
|turn|23
|inactive|dig boshi has 270 seconds left.
|inactive|DimmyJean has 270 seconds left.
|
|t:|1729735675
|move|p1a: Tyranitar|Fire Blast|p2a: Skarmory
|-supereffective|p2a: Skarmory
|-damage|p2a: Skarmory|0 fnt
|faint|p2a: Skarmory
|inactive|dig boshi has 270 seconds left.
|
|t:|1729735683
|switch|p2a: Blastoise|Blastoise, F|33/100
|
|-weather|Sandstorm|[upkeep]
|-damage|p2a: Blastoise|26/100|[from] Sandstorm
|-heal|p2a: Blastoise|33/100|[from] item: Leftovers
|upkeep
|turn|24
|inactive|DimmyJean has 270 seconds left.
|
|t:|1729735699
|switch|p1a: Porygon2|Porygon2|100/100
|-ability|p1a: Porygon2|Torrent|[from] ability: Trace|[of] p2a: Blastoise
|move|p2a: Blastoise|Hydro Pump|p1a: Porygon2
|-damage|p1a: Porygon2|48/100
|
|-weather|Sandstorm|[upkeep]
|-damage|p2a: Blastoise|26/100|[from] Sandstorm
|-damage|p1a: Porygon2|42/100|[from] Sandstorm
|-heal|p2a: Blastoise|33/100|[from] item: Leftovers
|-heal|p1a: Porygon2|48/100|[from] item: Leftovers
|upkeep
|turn|25
|inactive|DimmyJean has 270 seconds left.
|
|t:|1729735717
|move|p2a: Blastoise|Hydro Pump|p1a: Porygon2
|-damage|p1a: Porygon2|0 fnt
|faint|p1a: Porygon2
|
|t:|1729735720
|switch|p1a: Celebi|Celebi|55/100
|
|-weather|Sandstorm|[upkeep]
|-damage|p1a: Celebi|49/100|[from] Sandstorm
|-damage|p2a: Blastoise|26/100|[from] Sandstorm
|-heal|p1a: Celebi|55/100|[from] item: Leftovers
|-heal|p2a: Blastoise|33/100|[from] item: Leftovers
|upkeep
|turn|26
|
|t:|1729735727
|move|p1a: Celebi|Giga Drain|p2a: Blastoise
|-supereffective|p2a: Blastoise
|-damage|p2a: Blastoise|1/100
|-heal|p1a: Celebi|69/100|[from] drain|[of] p2a: Blastoise
|move|p2a: Blastoise|Roar|p1a: Celebi
|drag|p1a: Metagross|Metagross|82/100
|
|-weather|Sandstorm|[upkeep]
|-damage|p2a: Blastoise|0 fnt|[from] Sandstorm
|faint|p2a: Blastoise
|-heal|p1a: Metagross|88/100|[from] item: Leftovers
|upkeep
|inactive|dig boshi has 270 seconds left.
|
|t:|1729735768
|switch|p2a: Tyranitar|Tyranitar, F|100/100
|turn|27
|
|t:|1729735780
|move|p1a: Metagross|Explosion|p2a: Tyranitar
|-resisted|p2a: Tyranitar
|-damage|p2a: Tyranitar|45/100
|faint|p1a: Metagross
|
|t:|1729735791
|switch|p1a: Swampert|Swampert, M|94/100
|
|-weather|Sandstorm|[upkeep]
|-heal|p2a: Tyranitar|51/100|[from] item: Leftovers
|-heal|p1a: Swampert|100/100|[from] item: Leftovers
|upkeep
|turn|28
|inactive|dig boshi has 270 seconds left.
|
|t:|1729735796
|switch|p2a: Celebi|Celebi|86/100
|move|p1a: Swampert|Surf|p2a: Celebi
|-resisted|p2a: Celebi
|-damage|p2a: Celebi|75/100
|
|-weather|Sandstorm|[upkeep]
|-damage|p2a: Celebi|68/100|[from] Sandstorm
|-heal|p2a: Celebi|75/100|[from] item: Leftovers
|upkeep
|turn|29
|inactive|dig boshi has 270 seconds left.
|
|t:|1729735806
|switch|p2a: Tyranitar|Tyranitar, F|51/100
|switch|p1a: Celebi|Celebi|69/100
|
|-weather|Sandstorm|[upkeep]
|-damage|p1a: Celebi|63/100|[from] Sandstorm
|-heal|p1a: Celebi|69/100|[from] item: Leftovers
|-heal|p2a: Tyranitar|57/100|[from] item: Leftovers
|upkeep
|turn|30
|
|t:|1729735815
|move|p1a: Celebi|Giga Drain|p2a: Tyranitar
|-supereffective|p2a: Tyranitar
|-crit|p2a: Tyranitar
|-damage|p2a: Tyranitar|0 fnt
|-heal|p1a: Celebi|96/100|[from] drain|[of] p2a: Tyranitar
|faint|p2a: Tyranitar
|
|t:|1729735822
|switch|p2a: Raikou|Raikou|100/100
|
|-weather|Sandstorm|[upkeep]
|-damage|p2a: Raikou|94/100|[from] Sandstorm
|-damage|p1a: Celebi|90/100|[from] Sandstorm
|-heal|p2a: Raikou|100/100|[from] item: Leftovers
|-heal|p1a: Celebi|96/100|[from] item: Leftovers
|upkeep
|turn|31
|
|t:|1729735829
|move|p2a: Raikou|Calm Mind|p2a: Raikou
|-boost|p2a: Raikou|spa|1
|-boost|p2a: Raikou|spd|1
|move|p1a: Celebi|Calm Mind|p1a: Celebi
|-boost|p1a: Celebi|spa|1
|-boost|p1a: Celebi|spd|1
|
|-weather|Sandstorm|[upkeep]
|-damage|p2a: Raikou|94/100|[from] Sandstorm
|-damage|p1a: Celebi|90/100|[from] Sandstorm
|-heal|p2a: Raikou|100/100|[from] item: Leftovers
|-heal|p1a: Celebi|96/100|[from] item: Leftovers
|upkeep
|turn|32
|
|t:|1729735841
|move|p2a: Raikou|Calm Mind|p2a: Raikou
|-boost|p2a: Raikou|spa|1
|-boost|p2a: Raikou|spd|1
|move|p1a: Celebi|Calm Mind|p1a: Celebi
|-boost|p1a: Celebi|spa|1
|-boost|p1a: Celebi|spd|1
|
|-weather|Sandstorm|[upkeep]
|-damage|p2a: Raikou|94/100|[from] Sandstorm
|-damage|p1a: Celebi|90/100|[from] Sandstorm
|-heal|p2a: Raikou|100/100|[from] item: Leftovers
|-heal|p1a: Celebi|96/100|[from] item: Leftovers
|upkeep
|turn|33
|
|t:|1729735856
|move|p2a: Raikou|Substitute|p2a: Raikou
|-start|p2a: Raikou|Substitute
|-damage|p2a: Raikou|76/100
|move|p1a: Celebi|Calm Mind|p1a: Celebi
|-boost|p1a: Celebi|spa|1
|-boost|p1a: Celebi|spd|1
|
|-weather|Sandstorm|[upkeep]
|-damage|p2a: Raikou|69/100|[from] Sandstorm
|-damage|p1a: Celebi|90/100|[from] Sandstorm
|-heal|p2a: Raikou|76/100|[from] item: Leftovers
|-heal|p1a: Celebi|96/100|[from] item: Leftovers
|upkeep
|turn|34
|
|t:|1729735867
|move|p2a: Raikou|Calm Mind|p2a: Raikou
|-boost|p2a: Raikou|spa|1
|-boost|p2a: Raikou|spd|1
|move|p1a: Celebi|Giga Drain|p2a: Raikou
|-activate|p2a: Raikou|Substitute|[damage]
|-heal|p1a: Celebi|100/100|[from] drain|[of] p2a: Raikou
|
|-weather|Sandstorm|[upkeep]
|-damage|p2a: Raikou|69/100|[from] Sandstorm
|-damage|p1a: Celebi|94/100|[from] Sandstorm
|-heal|p2a: Raikou|76/100|[from] item: Leftovers
|-heal|p1a: Celebi|100/100|[from] item: Leftovers
|upkeep
|turn|35
|
|t:|1729735878
|move|p2a: Raikou|Calm Mind|p2a: Raikou
|-boost|p2a: Raikou|spa|1
|-boost|p2a: Raikou|spd|1
|move|p1a: Celebi|Calm Mind|p1a: Celebi
|-boost|p1a: Celebi|spa|1
|-boost|p1a: Celebi|spd|1
|
|-weather|Sandstorm|[upkeep]
|-damage|p2a: Raikou|69/100|[from] Sandstorm
|-damage|p1a: Celebi|94/100|[from] Sandstorm
|-heal|p2a: Raikou|76/100|[from] item: Leftovers
|-heal|p1a: Celebi|100/100|[from] item: Leftovers
|upkeep
|turn|36
|
|t:|1729735888
|move|p2a: Raikou|Calm Mind|p2a: Raikou
|-boost|p2a: Raikou|spa|1
|-boost|p2a: Raikou|spd|1
|move|p1a: Celebi|Calm Mind|p1a: Celebi
|-boost|p1a: Celebi|spa|1
|-boost|p1a: Celebi|spd|1
|
|-weather|Sandstorm|[upkeep]
|-damage|p2a: Raikou|69/100|[from] Sandstorm
|-damage|p1a: Celebi|94/100|[from] Sandstorm
|-heal|p2a: Raikou|76/100|[from] item: Leftovers
|-heal|p1a: Celebi|100/100|[from] item: Leftovers
|upkeep
|turn|37
|
|t:|1729735898
|move|p2a: Raikou|Calm Mind|p2a: Raikou
|-boost|p2a: Raikou|spa|1
|-boost|p2a: Raikou|spd|1
|move|p1a: Celebi|Calm Mind|p1a: Celebi
|-boost|p1a: Celebi|spa|1
|-boost|p1a: Celebi|spd|1
|
|-weather|Sandstorm|[upkeep]
|-damage|p2a: Raikou|69/100|[from] Sandstorm
|-damage|p1a: Celebi|94/100|[from] Sandstorm
|-heal|p2a: Raikou|76/100|[from] item: Leftovers
|-heal|p1a: Celebi|100/100|[from] item: Leftovers
|upkeep
|turn|38
|
|t:|1729735908
|move|p2a: Raikou|Hidden Power|p1a: Celebi
|-supereffective|p1a: Celebi
|-damage|p1a: Celebi|64/100
|move|p1a: Celebi|Giga Drain|p2a: Raikou
|-end|p2a: Raikou|Substitute
|-heal|p1a: Celebi|65/100|[from] drain|[of] p2a: Raikou
|
|-weather|Sandstorm|[upkeep]
|-damage|p2a: Raikou|69/100|[from] Sandstorm
|-damage|p1a: Celebi|59/100|[from] Sandstorm
|-heal|p2a: Raikou|76/100|[from] item: Leftovers
|-heal|p1a: Celebi|65/100|[from] item: Leftovers
|upkeep
|turn|39
|inactive|DimmyJean has 270 seconds left.
|
|t:|1729735948
|move|p2a: Raikou|Substitute|p2a: Raikou
|-start|p2a: Raikou|Substitute
|-damage|p2a: Raikou|51/100
|move|p1a: Celebi|Giga Drain|p2a: Raikou
|-activate|p2a: Raikou|Substitute|[damage]
|-heal|p1a: Celebi|74/100|[from] drain|[of] p2a: Raikou
|
|-weather|Sandstorm|[upkeep]
|-damage|p2a: Raikou|44/100|[from] Sandstorm
|-damage|p1a: Celebi|68/100|[from] Sandstorm
|-heal|p2a: Raikou|51/100|[from] item: Leftovers
|-heal|p1a: Celebi|74/100|[from] item: Leftovers
|upkeep
|turn|40
|
|t:|1729735958
|move|p2a: Raikou|Hidden Power|p1a: Celebi
|-supereffective|p1a: Celebi
|-damage|p1a: Celebi|41/100
|move|p1a: Celebi|Hidden Power|p2a: Raikou
|-end|p2a: Raikou|Substitute
|
|-weather|Sandstorm|[upkeep]
|-damage|p2a: Raikou|44/100|[from] Sandstorm
|-damage|p1a: Celebi|34/100|[from] Sandstorm
|-heal|p2a: Raikou|51/100|[from] item: Leftovers
|-heal|p1a: Celebi|41/100|[from] item: Leftovers
|upkeep
|turn|41
|
|t:|1729735970
|move|p2a: Raikou|Substitute|p2a: Raikou
|-start|p2a: Raikou|Substitute
|-damage|p2a: Raikou|26/100
|move|p1a: Celebi|Baton Pass|p1a: Celebi
|
|t:|1729735977
|switch|p1a: Swampert|Swampert, M|100/100|[from] Baton Pass
|
|-weather|Sandstorm|[upkeep]
|-damage|p2a: Raikou|20/100|[from] Sandstorm
|-heal|p2a: Raikou|26/100|[from] item: Leftovers
|upkeep
|turn|42
|
|t:|1729735988
|move|p2a: Raikou|Hidden Power|p1a: Swampert
|-damage|p1a: Swampert|86/100
|move|p1a: Swampert|Surf|p2a: Raikou
|-end|p2a: Raikou|Substitute
|
|-weather|Sandstorm|[upkeep]
|-damage|p2a: Raikou|20/100|[from] Sandstorm
|-heal|p2a: Raikou|26/100|[from] item: Leftovers
|-heal|p1a: Swampert|92/100|[from] item: Leftovers
|upkeep
|turn|43
|
|t:|1729735997
|move|p2a: Raikou|Hidden Power|p1a: Swampert
|-damage|p1a: Swampert|78/100
|move|p1a: Swampert|Surf|p2a: Raikou
|-damage|p2a: Raikou|0 fnt
|faint|p2a: Raikou
|
|t:|1729736003
|switch|p2a: Celebi|Celebi|75/100
|
|-weather|Sandstorm|[upkeep]
|-damage|p2a: Celebi|68/100|[from] Sandstorm
|-heal|p2a: Celebi|75/100|[from] item: Leftovers
|-heal|p1a: Swampert|84/100|[from] item: Leftovers
|upkeep
|turn|44
|
|t:|1729736011
|move|p2a: Celebi|Leech Seed|p1a: Swampert|[miss]
|-miss|p2a: Celebi|p1a: Swampert
|move|p1a: Swampert|Ice Beam|p2a: Celebi
|-supereffective|p2a: Celebi
|-damage|p2a: Celebi|0 fnt
|faint|p2a: Celebi
|
|win|DimmyJean
|c|☆DimmyJean|ggs
|c|☆dig boshi|ggs
|c|☆dig boshi|good luck going forward
|player|p2|
|c|☆DimmyJean|tyty

</script>
<script type="application/json" class="data" id="replaydata-smogtours-gen3ou-801499">
{"id":"smogtours-gen3ou-801499","format":"[Gen 3] OU","players":["DimmyJean","dig boshi"],"uploadtime":1729736011,"views":70,"formatid":"gen3ou","rating":null,"private":0,"password":null}
</script>

<script defer src="js/replays.js?9d40a366"></script>
