<!DOCTYPE html>
<meta charset="utf-8" />
<meta name="viewport" content="width=device-width" />

<title>[Gen 3] OU: VZR vs. Xenocles - Replays - Pok&eacute;mon Showdown!</title>

<meta name="description" content="Watch a replay of a Pok&eacute;mon battle between VZR and Xenocles! Format: [Gen 3] OU; Date: Nov 7, 2024" />
<!--

Hey, you! Looking in the source for the replay log?

You can find them in JSON format, just add `.json` at the end of a replay URL.

https://replay.pokemonshowdown.com/gen7randomdoublesbattle-865046831.json

Or, if you only need the log itself, add `.log` instead:

https://replay.pokemonshowdown.com/gen7randomdoublesbattle-865046831.log

-->

<link rel="stylesheet" href="//pokemonshowdown.com/style/global.css?0.023195364461161105" />
<link rel="stylesheet" href="//play.pokemonshowdown.com/style/font-awesome.css?0.13261647063804238" />
<link rel="stylesheet" href="//play.pokemonshowdown.com/style/battle.css?0.8753245789963631" />
<link rel="stylesheet" href="//play.pokemonshowdown.com/style/utilichart.css?0.8627959624976733" />

<!-- Global site tag (gtag.js) - Google Analytics -->
<script async src="https://www.googletagmanager.com/gtag/js?id=UA-26211653-1"></script>
<script>
  window.dataLayer = window.dataLayer || [];
  function gtag(){dataLayer.push(arguments);}
  gtag('js', new Date());

  gtag('config', 'UA-26211653-1');
</script>
<!-- End Google Analytics -->
<!-- Venatus Ad Manager - Install in <HEAD> of page -->
	<script src="https://hb.vntsm.com/v3/live/ad-manager.min.js" type="text/javascript" data-site-id="642aba63ec9a7b11c3c9c1be" data-mode="scan" async></script>
<!-- / Venatus Ad Manager -->

<style>
	@media (max-width:820px) {
		.battle {
			margin: 0 auto;
		}
		.battle-log {
			margin: 7px auto 0;
			max-width: 640px;
			height: 300px;
			position: static;
		}
	}
	.optgroup {
		display: inline-block;
		line-height: 22px;
		font-size: 10pt;
	}
	.optgroup .button {
		height: 25px;
		padding-top: 0;
		padding-bottom: 0;
	}
	.optgroup button.button {
		padding-left: 12px;
		padding-right: 12px;
	}
	.linklist {
		list-style: none;
		margin: 0.5em 0;
		padding: 0;
	}
	.linklist li {
		padding: 2px 0;
	}
	.sidebar {
		float: left;
		width: 320px;
	}
	.bar-wrapper {
		max-width: 1100px;
		margin: 0 auto;
	}
	.bar-wrapper.has-sidebar {
		max-width: 1430px;
	}
	.mainbar {
		margin: 0;
		padding-right: 1px;
	}
	.mainbar.has-sidebar {
		margin-left: 330px;
	}
	@media (min-width: 1511px) {
		.sidebar {
			width: 400px;
		}
		.bar-wrapper.has-sidebar {
			max-width: 1510px;
		}
		.mainbar.has-sidebar {
			margin-left: 410px;
		}
	}
	.section.first-section {
		margin-top: 9px;
	}
	.blocklink small {
		white-space: normal;
	}
	.button {
		vertical-align: middle;
	}
	.replay-controls {
		padding-top: 10px;
	}
	.replay-controls h1 {
		font-size: 16pt;
		font-weight: normal;
		color: #CCC;
	}
	.pagelink {
		text-align: center;
	}
	.pagelink a {
		width: 150px;
	}
	.textbox, .button {
		font-size: 11pt;
		vertical-align: middle;
	}
	@media (max-width: 450px) {
		.button {
			font-size: 9pt;
		}
	}
</style>

<div>

	<header>
		<div class="nav-wrapper"><ul class="nav">
			<li><a class="button nav-first" href="//pokemonshowdown.com/"><img src="//pokemonshowdown.com/images/pokemonshowdownbeta.png" srcset="//pokemonshowdown.com/images/pokemonshowdownbeta.png 1x, //pokemonshowdown.com/images/pokemonshowdownbeta@2x.png 2x" alt="Pok&eacute;mon Showdown" width="146" height="44" /> Home</a></li>
			<li><a class="button" href="//pokemonshowdown.com/dex/">Pok&eacute;dex</a></li>
			<li><a class="button cur" href="/">Replays</a></li>
			<li><a class="button" href="//pokemonshowdown.com/ladder/">Ladder</a></li>
			<li><a class="button nav-last" href="//pokemonshowdown.com/forums/">Forum</a></li>
			<li><a class="button greenbutton nav-first nav-last" href="//play.pokemonshowdown.com/">Play</a></li>
		</ul></div>
	</header>

	<div class="main" id="main">

		<noscript><section class="section">You need to enable JavaScript to use this page; sorry!</section></noscript>

	</div>

</div>

<script defer nomodule src="//play.pokemonshowdown.com/js/lib/ps-polyfill.js"></script>
<script defer src="//play.pokemonshowdown.com/js/lib/preact.min.js"></script>

<script defer src="//play.pokemonshowdown.com/config/config.js?2bddbc15"></script>
<script defer src="//play.pokemonshowdown.com/js/lib/jquery-1.11.0.min.js"></script>
<script defer src="//play.pokemonshowdown.com/js/lib/html-sanitizer-minified.js"></script>
<script defer src="//play.pokemonshowdown.com/js/battle-sound.js"></script>
<script defer src="//play.pokemonshowdown.com/js/battledata.js?0.7209276989879541"></script>
<script defer src="//play.pokemonshowdown.com/data/pokedex-mini.js?0.6111056340867951"></script>
<script defer src="//play.pokemonshowdown.com/data/pokedex-mini-bw.js?0.3532142036491459"></script>
<script defer src="//play.pokemonshowdown.com/data/graphics.js?0.24223875632456182"></script>
<script defer src="//play.pokemonshowdown.com/data/pokedex.js?0.38839984266356864"></script>
<script defer src="//play.pokemonshowdown.com/data/moves.js?0.21866028504024015"></script>
<script defer src="//play.pokemonshowdown.com/data/abilities.js?0.2005157953846628"></script>
<script defer src="//play.pokemonshowdown.com/data/items.js?0.9894211263848525"></script>
<script defer src="//play.pokemonshowdown.com/data/teambuilder-tables.js?0.6008791140282215"></script>
<script defer src="//play.pokemonshowdown.com/js/battle-tooltips.js?0.7580118955022959"></script>
<script defer src="//play.pokemonshowdown.com/js/battle.js?0.6057722274234274"></script>

<script defer src="js/utils.js?e31f9a17"></script>
<script defer src="js/replays-battle.js?7008c182"></script>

<!-- don't scrape this data! just add .json or .log after the URL!
Full API docs: https://github.com/smogon/pokemon-showdown-client/blob/master/WEB-API.md -->
<script type="text/plain" class="log" id="replaylog-smogtours-gen3ou-805072">
|inactive|Battle timer is ON: inactive players will automatically lose when time's up.
|t:|1730949145
|gametype|singles
|player|p1|VZR|102|
|player|p2|Xenocles|sailor|
|teamsize|p1|6
|teamsize|p2|6
|gen|3
|tier|[Gen 3] OU
|rule|Sleep Clause Mod: Limit one foe put to sleep
|rule|Switch Priority Clause Mod: Faster Pokémon switch first
|rule|Species Clause: Limit one of each Pokémon
|rule|OHKO Clause: OHKO moves are banned
|rule|Evasion Items Clause: Evasion items are banned
|rule|Evasion Moves Clause: Evasion moves are banned
|rule|Endless Battle Clause: Forcing endless battles is banned
|rule|HP Percentage Mod: HP is shown in percentages
|rule|One Boost Passer Clause: Limit one Baton Passer that has a way to boost its stats
|rule|Freeze Clause Mod: Limit one foe frozen
|
|t:|1730949145
|start
|switch|p1a: Tyranitar|Tyranitar, M|100/100
|switch|p2a: Zapdos|Zapdos|100/100
|-weather|Sandstorm|[from] ability: Sand Stream|[of] p1a: Tyranitar
|turn|1
|inactive|Xenocles also wants the timer to be on.
|c|☆VZR|hf
|c|☆Xenocles|gl hf
|inactive|Xenocles has 270 seconds left.
|
|t:|1730949184
|move|p2a: Zapdos|Baton Pass|p2a: Zapdos
|
|t:|1730949185
|switch|p2a: Swampert|Swampert, F|100/100|[from] Baton Pass
|move|p1a: Tyranitar|Crunch|p2a: Swampert
|-damage|p2a: Swampert|69/100
|
|-weather|Sandstorm|[upkeep]
|-heal|p2a: Swampert|75/100|[from] item: Leftovers
|upkeep
|turn|2
|inactive|Xenocles has 270 seconds left.
|
|t:|1730949230
|switch|p1a: Celebi|Celebi|100/100
|move|p2a: Swampert|Protect||[still]
|-fail|p2a: Swampert
|
|-weather|Sandstorm|[upkeep]
|-damage|p1a: Celebi|94/100|[from] Sandstorm
|-heal|p1a: Celebi|100/100|[from] item: Leftovers
|-heal|p2a: Swampert|81/100|[from] item: Leftovers
|upkeep
|turn|3
|
|t:|1730949245
|switch|p2a: Skarmory|Skarmory, F|100/100
|move|p1a: Celebi|Leech Seed|p2a: Skarmory
|-start|p2a: Skarmory|move: Leech Seed
|
|-weather|Sandstorm|[upkeep]
|-damage|p1a: Celebi|94/100|[from] Sandstorm
|-heal|p1a: Celebi|100/100|[from] item: Leftovers
|-damage|p2a: Skarmory|88/100|[from] Leech Seed|[of] p1a: Celebi
|upkeep
|turn|4
|
|t:|1730949270
|switch|p1a: Forretress|Forretress, M|100/100
|switch|p2a: Swampert|Swampert, F|81/100
|
|-weather|Sandstorm|[upkeep]
|-heal|p2a: Swampert|87/100|[from] item: Leftovers
|upkeep
|turn|5
|
|t:|1730949279
|move|p2a: Swampert|Hydro Pump|p1a: Forretress
|-damage|p1a: Forretress|69/100
|move|p1a: Forretress|Spikes|p2a: Swampert
|-sidestart|p2: Xenocles|Spikes
|
|-weather|Sandstorm|[upkeep]
|-heal|p2a: Swampert|93/100|[from] item: Leftovers
|-heal|p1a: Forretress|75/100|[from] item: Leftovers
|upkeep
|turn|6
|inactive|Xenocles has 240 seconds left.
|
|t:|1730949325
|switch|p2a: Zapdos|Zapdos|100/100
|switch|p1a: Celebi|Celebi|100/100
|
|-weather|Sandstorm|[upkeep]
|-damage|p2a: Zapdos|94/100|[from] Sandstorm
|-damage|p1a: Celebi|94/100|[from] Sandstorm
|-heal|p2a: Zapdos|100/100|[from] item: Leftovers
|-heal|p1a: Celebi|100/100|[from] item: Leftovers
|upkeep
|turn|7
|
|t:|1730949337
|move|p2a: Zapdos|Drill Peck|p1a: Celebi
|-supereffective|p1a: Celebi
|-damage|p1a: Celebi|56/100
|move|p1a: Celebi|Psychic|p2a: Zapdos
|-damage|p2a: Zapdos|65/100
|
|-weather|Sandstorm|[upkeep]
|-damage|p2a: Zapdos|59/100|[from] Sandstorm
|-damage|p1a: Celebi|50/100|[from] Sandstorm
|-heal|p2a: Zapdos|65/100|[from] item: Leftovers
|-heal|p1a: Celebi|56/100|[from] item: Leftovers
|upkeep
|turn|8
|
|t:|1730949348
|switch|p1a: Tyranitar|Tyranitar, M|100/100
|move|p2a: Zapdos|Baton Pass|p2a: Zapdos
|inactive|Xenocles has 210 seconds left.
|
|t:|1730949378
|switch|p2a: Swampert|Swampert, F|93/100|[from] Baton Pass
|-damage|p2a: Swampert|81/100|[from] Spikes
|
|-weather|Sandstorm|[upkeep]
|-heal|p2a: Swampert|87/100|[from] item: Leftovers
|upkeep
|turn|9
|
|t:|1730949392
|switch|p1a: Celebi|Celebi|56/100
|move|p2a: Swampert|Ice Beam|p1a: Celebi
|-supereffective|p1a: Celebi
|-damage|p1a: Celebi|30/100
|
|-weather|Sandstorm|[upkeep]
|-damage|p1a: Celebi|24/100|[from] Sandstorm
|-heal|p1a: Celebi|30/100|[from] item: Leftovers
|-heal|p2a: Swampert|93/100|[from] item: Leftovers
|upkeep
|turn|10
|inactive|Xenocles has 210 seconds left.
|
|t:|1730949402
|switch|p2a: Skarmory|Skarmory, F|88/100
|move|p1a: Celebi|Recover|p1a: Celebi
|-heal|p1a: Celebi|80/100
|
|-weather|Sandstorm|[upkeep]
|-damage|p1a: Celebi|74/100|[from] Sandstorm
|-heal|p1a: Celebi|80/100|[from] item: Leftovers
|-heal|p2a: Skarmory|94/100|[from] item: Leftovers
|upkeep
|turn|11
|
|t:|1730949406
|switch|p1a: Forretress|Forretress, M|75/100
|move|p2a: Skarmory|Spikes|p1a: Forretress
|-sidestart|p1: VZR|Spikes
|
|-weather|Sandstorm|[upkeep]
|-heal|p2a: Skarmory|99/100|[from] item: Leftovers
|-heal|p1a: Forretress|81/100|[from] item: Leftovers
|upkeep
|turn|12
|
|t:|1730949415
|move|p2a: Skarmory|Drill Peck|p1a: Forretress
|-damage|p1a: Forretress|64/100
|move|p1a: Forretress|Zap Cannon|p2a: Skarmory
|-supereffective|p2a: Skarmory
|-damage|p2a: Skarmory|71/100
|-status|p2a: Skarmory|par
|
|-weather|Sandstorm|[upkeep]
|-heal|p1a: Forretress|70/100|[from] item: Leftovers
|-heal|p2a: Skarmory|77/100 par|[from] item: Leftovers
|upkeep
|turn|13
|
|t:|1730949435
|switch|p2a: Zapdos|Zapdos|65/100
|move|p1a: Forretress|Rapid Spin|p2a: Zapdos
|-damage|p2a: Zapdos|59/100
|-sideend|p1: VZR|Spikes|[from] move: Rapid Spin|[of] p1a: Forretress
|
|-weather|Sandstorm|[upkeep]
|-damage|p2a: Zapdos|53/100|[from] Sandstorm
|-heal|p2a: Zapdos|59/100|[from] item: Leftovers
|-heal|p1a: Forretress|77/100|[from] item: Leftovers
|upkeep
|turn|14
|
|t:|1730949443
|switch|p1a: Tyranitar|Tyranitar, M|100/100
|move|p2a: Zapdos|Thunderbolt|p1a: Tyranitar
|-damage|p1a: Tyranitar|62/100
|
|-weather|Sandstorm|[upkeep]
|-damage|p2a: Zapdos|53/100|[from] Sandstorm
|-heal|p2a: Zapdos|59/100|[from] item: Leftovers
|-heal|p1a: Tyranitar|68/100|[from] item: Leftovers
|upkeep
|turn|15
|
|t:|1730949459
|move|p2a: Zapdos|Thunderbolt|p1a: Tyranitar
|-crit|p1a: Tyranitar
|-damage|p1a: Tyranitar|0 fnt
|faint|p1a: Tyranitar
|
|t:|1730949475
|switch|p1a: Aerodactyl|Aerodactyl, M|100/100
|
|-weather|Sandstorm|[upkeep]
|-damage|p2a: Zapdos|53/100|[from] Sandstorm
|-heal|p2a: Zapdos|59/100|[from] item: Leftovers
|upkeep
|turn|16
|
|t:|1730949482
|switch|p2a: Skarmory|Skarmory, F|77/100 par
|move|p1a: Aerodactyl|Double-Edge|p2a: Skarmory
|-resisted|p2a: Skarmory
|-damage|p2a: Skarmory|55/100 par
|
|-weather|Sandstorm|[upkeep]
|-heal|p2a: Skarmory|61/100 par|[from] item: Leftovers
|upkeep
|turn|17
|inactive|Xenocles has 240 seconds left.
|
|t:|1730949507
|switch|p1a: Forretress|Forretress, M|77/100
|switch|p2a: Tyranitar|Tyranitar, F|100/100
|-damage|p2a: Tyranitar|88/100|[from] Spikes
|
|-weather|Sandstorm|[upkeep]
|-heal|p1a: Forretress|83/100|[from] item: Leftovers
|upkeep
|turn|18
|
|t:|1730949515
|switch|p1a: Swampert|Swampert, F|100/100
|move|p2a: Tyranitar|Dragon Dance|p2a: Tyranitar
|-boost|p2a: Tyranitar|atk|1
|-boost|p2a: Tyranitar|spe|1
|
|-weather|Sandstorm|[upkeep]
|upkeep
|turn|19
|inactive|Xenocles has 210 seconds left.
|
|t:|1730949547
|switch|p2a: Celebi|Celebi|100/100
|-damage|p2a: Celebi|88/100|[from] Spikes
|move|p1a: Swampert|Surf|p2a: Celebi
|-resisted|p2a: Celebi
|-damage|p2a: Celebi|77/100
|
|-weather|Sandstorm|[upkeep]
|-damage|p2a: Celebi|70/100|[from] Sandstorm
|-heal|p2a: Celebi|77/100|[from] item: Leftovers
|upkeep
|turn|20
|inactive|Xenocles has 210 seconds left.
|
|t:|1730949567
|switch|p1a: Aerodactyl|Aerodactyl, M|100/100
|move|p2a: Celebi|Leech Seed|p1a: Aerodactyl
|-start|p1a: Aerodactyl|move: Leech Seed
|
|-weather|Sandstorm|[upkeep]
|-damage|p2a: Celebi|70/100|[from] Sandstorm
|-damage|p1a: Aerodactyl|88/100|[from] Leech Seed|[of] p2a: Celebi
|-heal|p2a: Celebi|80/100|[silent]
|-heal|p2a: Celebi|86/100|[from] item: Leftovers
|upkeep
|turn|21
|
|t:|1730949582
|switch|p1a: Forretress|Forretress, M|83/100
|switch|p2a: Swampert|Swampert, F|93/100
|-damage|p2a: Swampert|81/100|[from] Spikes
|
|-weather|Sandstorm|[upkeep]
|-heal|p2a: Swampert|87/100|[from] item: Leftovers
|-heal|p1a: Forretress|89/100|[from] item: Leftovers
|upkeep
|turn|22
|
|t:|1730949602
|switch|p2a: Celebi|Celebi|86/100
|-damage|p2a: Celebi|73/100|[from] Spikes
|move|p1a: Forretress|Spikes|p2a: Celebi
|-sidestart|p2: Xenocles|Spikes
|
|-weather|Sandstorm|[upkeep]
|-damage|p2a: Celebi|67/100|[from] Sandstorm
|-heal|p2a: Celebi|73/100|[from] item: Leftovers
|-heal|p1a: Forretress|95/100|[from] item: Leftovers
|upkeep
|turn|23
|
|t:|1730949614
|switch|p1a: Aerodactyl|Aerodactyl, M|88/100
|move|p2a: Celebi|Leech Seed|p1a: Aerodactyl
|-start|p1a: Aerodactyl|move: Leech Seed
|
|-weather|Sandstorm|[upkeep]
|-damage|p2a: Celebi|67/100|[from] Sandstorm
|-damage|p1a: Aerodactyl|76/100|[from] Leech Seed|[of] p2a: Celebi
|-heal|p2a: Celebi|77/100|[silent]
|-heal|p2a: Celebi|83/100|[from] item: Leftovers
|upkeep
|turn|24
|
|t:|1730949621
|switch|p2a: Skarmory|Skarmory, F|61/100 par
|move|p1a: Aerodactyl|Double-Edge|p2a: Skarmory
|-resisted|p2a: Skarmory
|-damage|p2a: Skarmory|40/100 par
|
|-weather|Sandstorm|[upkeep]
|-damage|p1a: Aerodactyl|64/100|[from] Leech Seed|[of] p2a: Skarmory
|-heal|p2a: Skarmory|51/100 par|[silent]
|-heal|p2a: Skarmory|57/100 par|[from] item: Leftovers
|upkeep
|turn|25
|inactive|Xenocles has 240 seconds left.
|
|t:|1730949630
|switch|p1a: Forretress|Forretress, M|95/100
|move|p2a: Skarmory|Drill Peck|p1a: Forretress
|-damage|p1a: Forretress|79/100
|
|-weather|Sandstorm|[upkeep]
|-heal|p1a: Forretress|86/100|[from] item: Leftovers
|-heal|p2a: Skarmory|63/100 par|[from] item: Leftovers
|upkeep
|turn|26
|inactive|Xenocles has 240 seconds left.
|
|t:|1730949653
|move|p1a: Forretress|Spikes|p2a: Skarmory
|-sidestart|p2: Xenocles|Spikes
|cant|p2a: Skarmory|par
|
|-weather|Sandstorm|[upkeep]
|-heal|p1a: Forretress|92/100|[from] item: Leftovers
|-heal|p2a: Skarmory|69/100 par|[from] item: Leftovers
|upkeep
|turn|27
|
|t:|1730949681
|switch|p2a: Swampert|Swampert, F|87/100
|-damage|p2a: Swampert|62/100|[from] Spikes
|move|p1a: Forretress|Zap Cannon|p2a: Swampert
|-immune|p2a: Swampert
|
|-weather|Sandstorm|[upkeep]
|-heal|p2a: Swampert|68/100|[from] item: Leftovers
|-heal|p1a: Forretress|98/100|[from] item: Leftovers
|upkeep
|turn|28
|
|t:|1730949687
|switch|p1a: Celebi|Celebi|80/100
|move|p2a: Swampert|Protect||[still]
|-fail|p2a: Swampert
|
|-weather|Sandstorm|[upkeep]
|-damage|p1a: Celebi|74/100|[from] Sandstorm
|-heal|p1a: Celebi|80/100|[from] item: Leftovers
|-heal|p2a: Swampert|75/100|[from] item: Leftovers
|upkeep
|turn|29
|
|t:|1730949698
|move|p2a: Swampert|Protect|p2a: Swampert
|-singleturn|p2a: Swampert|Protect
|move|p1a: Celebi|Hidden Power|p2a: Swampert
|-activate|p2a: Swampert|Protect
|
|-weather|Sandstorm|[upkeep]
|-damage|p1a: Celebi|74/100|[from] Sandstorm
|-heal|p1a: Celebi|80/100|[from] item: Leftovers
|-heal|p2a: Swampert|81/100|[from] item: Leftovers
|upkeep
|turn|30
|
|t:|1730949716
|switch|p1a: Jirachi|Jirachi|100/100
|switch|p2a: Skarmory|Skarmory, F|69/100 par
|
|-weather|Sandstorm|[upkeep]
|-heal|p2a: Skarmory|75/100 par|[from] item: Leftovers
|upkeep
|turn|31
|
|t:|1730949724
|move|p1a: Jirachi|Fire Punch|p2a: Skarmory
|-supereffective|p2a: Skarmory
|-damage|p2a: Skarmory|33/100 par
|move|p2a: Skarmory|Spikes|p1a: Jirachi
|-sidestart|p1: VZR|Spikes
|
|-weather|Sandstorm|[upkeep]
|-heal|p2a: Skarmory|39/100 par|[from] item: Leftovers
|upkeep
|turn|32
|inactive|Xenocles has 210 seconds left.
|
|t:|1730949763
|switch|p2a: Tyranitar|Tyranitar, F|88/100
|-damage|p2a: Tyranitar|63/100|[from] Spikes
|move|p1a: Jirachi|Calm Mind|p1a: Jirachi
|-boost|p1a: Jirachi|spa|1
|-boost|p1a: Jirachi|spd|1
|
|-weather|Sandstorm|[upkeep]
|upkeep
|turn|33
|
|t:|1730949773
|move|p1a: Jirachi|Hidden Power|p2a: Tyranitar
|-supereffective|p2a: Tyranitar
|-damage|p2a: Tyranitar|12/100
|move|p2a: Tyranitar|Earthquake|p1a: Jirachi
|-supereffective|p1a: Jirachi
|-damage|p1a: Jirachi|26/100
|
|-weather|Sandstorm|[upkeep]
|-heal|p1a: Jirachi|32/100|[from] item: Leftovers
|upkeep
|turn|34
|
|t:|1730949784
|move|p1a: Jirachi|Fire Punch|p2a: Tyranitar
|-resisted|p2a: Tyranitar
|-damage|p2a: Tyranitar|0 fnt
|faint|p2a: Tyranitar
|inactive|Xenocles has 210 seconds left.
|inactive|Xenocles has 180 seconds left.
|
|t:|1730949833
|switch|p2a: Aerodactyl|Aerodactyl, F|100/100
|
|-weather|Sandstorm|[upkeep]
|-heal|p1a: Jirachi|39/100|[from] item: Leftovers
|upkeep
|turn|35
|inactive|Xenocles has 180 seconds left.
|
|t:|1730949863
|move|p2a: Aerodactyl|Rock Slide|p1a: Jirachi
|-resisted|p1a: Jirachi
|-damage|p1a: Jirachi|12/100
|move|p1a: Jirachi|Psychic|p2a: Aerodactyl
|-damage|p2a: Aerodactyl|11/100
|
|-weather|Sandstorm|[upkeep]
|-heal|p1a: Jirachi|18/100|[from] item: Leftovers
|upkeep
|turn|36
|
|t:|1730949876
|switch|p1a: Swampert|Swampert, F|100/100
|-damage|p1a: Swampert|88/100|[from] Spikes
|move|p2a: Aerodactyl|Rock Slide|p1a: Swampert
|-resisted|p1a: Swampert
|-damage|p1a: Swampert|70/100
|
|-weather|Sandstorm|[upkeep]
|-heal|p1a: Swampert|76/100|[from] item: Leftovers
|upkeep
|turn|37
|inactive|Xenocles has 180 seconds left.
|
|t:|1730949888
|switch|p2a: Skarmory|Skarmory, F|39/100 par
|move|p1a: Swampert|Ice Beam|p2a: Skarmory
|-crit|p2a: Skarmory
|-damage|p2a: Skarmory|4/100 par
|
|-weather|Sandstorm|[upkeep]
|-heal|p1a: Swampert|82/100|[from] item: Leftovers
|-heal|p2a: Skarmory|10/100 par|[from] item: Leftovers
|upkeep
|turn|38
|inactive|Xenocles has 180 seconds left.
|
|t:|1730949898
|move|p1a: Swampert|Ice Beam|p2a: Skarmory
|-damage|p2a: Skarmory|0 fnt
|faint|p2a: Skarmory
|
|t:|1730949915
|switch|p2a: Celebi|Celebi|83/100
|-damage|p2a: Celebi|58/100|[from] Spikes
|
|-weather|Sandstorm|[upkeep]
|-damage|p2a: Celebi|52/100|[from] Sandstorm
|-heal|p2a: Celebi|58/100|[from] item: Leftovers
|-heal|p1a: Swampert|89/100|[from] item: Leftovers
|upkeep
|turn|39
|
|t:|1730949926
|switch|p1a: Jirachi|Jirachi|18/100
|-damage|p1a: Jirachi|6/100|[from] Spikes
|move|p2a: Celebi|Giga Drain|p1a: Jirachi
|-resisted|p1a: Jirachi
|-damage|p1a: Jirachi|0 fnt
|-heal|p2a: Celebi|60/100|[from] drain|[of] p1a: Jirachi
|faint|p1a: Jirachi
|
|t:|1730949935
|switch|p1a: Aerodactyl|Aerodactyl, M|64/100
|
|-weather|Sandstorm|[upkeep]
|-damage|p2a: Celebi|54/100|[from] Sandstorm
|-heal|p2a: Celebi|60/100|[from] item: Leftovers
|upkeep
|turn|40
|inactive|Xenocles has 180 seconds left.
|inactive|VZR has 270 seconds left.
|inactive|Xenocles has 150 seconds left.
|inactive|Xenocles has 120 seconds left.
|
|t:|1730950026
|switch|p2a: Zapdos|Zapdos|59/100
|move|p1a: Aerodactyl|Double-Edge|p2a: Zapdos
|-damage|p2a: Zapdos|0 fnt
|faint|p2a: Zapdos
|
|t:|1730950028
|switch|p2a: Swampert|Swampert, F|81/100
|-damage|p2a: Swampert|56/100|[from] Spikes
|
|-weather|Sandstorm|[upkeep]
|-heal|p2a: Swampert|62/100|[from] item: Leftovers
|upkeep
|turn|41
|inactive|VZR has 240 seconds left.
|
|t:|1730950056
|switch|p1a: Forretress|Forretress, M|98/100
|-damage|p1a: Forretress|86/100|[from] Spikes
|switch|p2a: Aerodactyl|Aerodactyl, F|11/100
|
|-weather|Sandstorm|[upkeep]
|-heal|p1a: Forretress|92/100|[from] item: Leftovers
|upkeep
|turn|42
|
|t:|1730950070
|move|p2a: Aerodactyl|Rock Slide|p1a: Forretress
|-crit|p1a: Forretress
|-damage|p1a: Forretress|23/100
|move|p1a: Forretress|Rapid Spin|p2a: Aerodactyl
|-resisted|p2a: Aerodactyl
|-damage|p2a: Aerodactyl|8/100
|-sideend|p1: VZR|Spikes|[from] move: Rapid Spin|[of] p1a: Forretress
|
|-weather|Sandstorm|[upkeep]
|-heal|p1a: Forretress|29/100|[from] item: Leftovers
|upkeep
|turn|43
|
|t:|1730950085
|switch|p1a: Swampert|Swampert, F|89/100
|move|p2a: Aerodactyl|Rock Slide|p1a: Swampert
|-resisted|p1a: Swampert
|-damage|p1a: Swampert|71/100
|
|-weather|Sandstorm|[upkeep]
|-heal|p1a: Swampert|77/100|[from] item: Leftovers
|upkeep
|turn|44
|
|t:|1730950094
|switch|p2a: Swampert|Swampert, F|62/100
|-damage|p2a: Swampert|37/100|[from] Spikes
|move|p1a: Swampert|Protect||[still]
|-fail|p1a: Swampert
|
|-weather|Sandstorm|[upkeep]
|-heal|p2a: Swampert|43/100|[from] item: Leftovers
|-heal|p1a: Swampert|84/100|[from] item: Leftovers
|upkeep
|turn|45
|
|t:|1730950100
|switch|p1a: Celebi|Celebi|80/100
|move|p2a: Swampert|Ice Beam|p1a: Celebi
|-supereffective|p1a: Celebi
|-damage|p1a: Celebi|52/100
|
|-weather|Sandstorm|[upkeep]
|-damage|p1a: Celebi|46/100|[from] Sandstorm
|-heal|p1a: Celebi|52/100|[from] item: Leftovers
|-heal|p2a: Swampert|49/100|[from] item: Leftovers
|upkeep
|turn|46
|inactive|Xenocles has 120 seconds left.
|
|t:|1730950113
|switch|p2a: Celebi|Celebi|60/100
|-damage|p2a: Celebi|35/100|[from] Spikes
|move|p1a: Celebi|Recover|p1a: Celebi
|-heal|p1a: Celebi|100/100
|
|-weather|Sandstorm|[upkeep]
|-damage|p1a: Celebi|94/100|[from] Sandstorm
|-damage|p2a: Celebi|29/100|[from] Sandstorm
|-heal|p1a: Celebi|100/100|[from] item: Leftovers
|-heal|p2a: Celebi|35/100|[from] item: Leftovers
|upkeep
|turn|47
|
|t:|1730950121
|switch|p1a: Aerodactyl|Aerodactyl, M|64/100
|move|p2a: Celebi|Psychic|p1a: Aerodactyl
|-damage|p1a: Aerodactyl|4/100
|
|-weather|Sandstorm|[upkeep]
|-damage|p2a: Celebi|29/100|[from] Sandstorm
|-heal|p2a: Celebi|35/100|[from] item: Leftovers
|upkeep
|turn|48
|inactive|VZR has 270 seconds left.
|inactive|Xenocles has 120 seconds left.
|
|t:|1730950149
|switch|p2a: Swampert|Swampert, F|49/100
|-damage|p2a: Swampert|24/100|[from] Spikes
|move|p1a: Aerodactyl|Double-Edge|p2a: Swampert
|-damage|p2a: Swampert|0 fnt
|faint|p2a: Swampert
|
|t:|1730950150
|switch|p2a: Aerodactyl|Aerodactyl, F|8/100
|
|-weather|Sandstorm|[upkeep]
|upkeep
|turn|49
|
|t:|1730950165
|switch|p1a: Forretress|Forretress, M|29/100
|move|p2a: Aerodactyl|Double-Edge|p1a: Forretress
|-resisted|p1a: Forretress
|-damage|p1a: Forretress|10/100
|
|-weather|Sandstorm|[upkeep]
|-heal|p1a: Forretress|16/100|[from] item: Leftovers
|upkeep
|turn|50
|inactive|Xenocles has 120 seconds left.
|
|t:|1730950192
|switch|p2a: Celebi|Celebi|35/100
|-damage|p2a: Celebi|10/100|[from] Spikes
|move|p1a: Forretress|Explosion|p2a: Celebi
|-damage|p2a: Celebi|0 fnt
|faint|p1a: Forretress
|faint|p2a: Celebi
|
|t:|1730950202
|switch|p2a: Aerodactyl|Aerodactyl, F|8/100
|switch|p1a: Swampert|Swampert, F|84/100
|
|-weather|Sandstorm|[upkeep]
|-heal|p1a: Swampert|90/100|[from] item: Leftovers
|upkeep
|turn|51
|
|t:|1730950209
|move|p1a: Swampert|Protect|p1a: Swampert
|-singleturn|p1a: Swampert|Protect
|move|p2a: Aerodactyl|Rock Slide|p1a: Swampert|[miss]
|-miss|p2a: Aerodactyl|p1a: Swampert
|
|-weather|Sandstorm|[upkeep]
|-heal|p1a: Swampert|96/100|[from] item: Leftovers
|upkeep
|turn|52
|c|☆Xenocles|gg
|c|☆VZR|gg
|
|t:|1730950217
|move|p2a: Aerodactyl|Rock Slide|p1a: Swampert
|-resisted|p1a: Swampert
|-damage|p1a: Swampert|80/100
|move|p1a: Swampert|Ice Beam|p2a: Aerodactyl
|-supereffective|p2a: Aerodactyl
|-damage|p2a: Aerodactyl|0 fnt
|faint|p2a: Aerodactyl
|
|win|VZR
|player|p1|

</script>
<script type="application/json" class="data" id="replaydata-smogtours-gen3ou-805072">
{"id":"smogtours-gen3ou-805072","format":"[Gen 3] OU","players":["VZR","Xenocles"],"uploadtime":1730950217,"views":44,"formatid":"gen3ou","rating":null,"private":0,"password":null}
</script>

<script defer src="js/replays.js?9d40a366"></script>
