<!DOCTYPE html>
<meta charset="utf-8" />
<meta name="viewport" content="width=device-width" />

<title>[Gen 3] OU: wavyish vs. mint yerb - Replays - Pok&eacute;mon Showdown!</title>

<meta name="description" content="Watch a replay of a Pok&eacute;mon battle between wavyish and mint yerb! Format: [Gen 3] OU; Date: Nov 3, 2024" />
<!--

Hey, you! Looking in the source for the replay log?

You can find them in JSON format, just add `.json` at the end of a replay URL.

https://replay.pokemonshowdown.com/gen7randomdoublesbattle-865046831.json

Or, if you only need the log itself, add `.log` instead:

https://replay.pokemonshowdown.com/gen7randomdoublesbattle-865046831.log

-->

<link rel="stylesheet" href="//pokemonshowdown.com/style/global.css?0.023195364461161105" />
<link rel="stylesheet" href="//play.pokemonshowdown.com/style/font-awesome.css?0.13261647063804238" />
<link rel="stylesheet" href="//play.pokemonshowdown.com/style/battle.css?0.8753245789963631" />
<link rel="stylesheet" href="//play.pokemonshowdown.com/style/utilichart.css?0.8627959624976733" />

<!-- Global site tag (gtag.js) - Google Analytics -->
<script async src="https://www.googletagmanager.com/gtag/js?id=UA-26211653-1"></script>
<script>
  window.dataLayer = window.dataLayer || [];
  function gtag(){dataLayer.push(arguments);}
  gtag('js', new Date());

  gtag('config', 'UA-26211653-1');
</script>
<!-- End Google Analytics -->
<!-- Venatus Ad Manager - Install in <HEAD> of page -->
	<script src="https://hb.vntsm.com/v3/live/ad-manager.min.js" type="text/javascript" data-site-id="642aba63ec9a7b11c3c9c1be" data-mode="scan" async></script>
<!-- / Venatus Ad Manager -->

<style>
	@media (max-width:820px) {
		.battle {
			margin: 0 auto;
		}
		.battle-log {
			margin: 7px auto 0;
			max-width: 640px;
			height: 300px;
			position: static;
		}
	}
	.optgroup {
		display: inline-block;
		line-height: 22px;
		font-size: 10pt;
	}
	.optgroup .button {
		height: 25px;
		padding-top: 0;
		padding-bottom: 0;
	}
	.optgroup button.button {
		padding-left: 12px;
		padding-right: 12px;
	}
	.linklist {
		list-style: none;
		margin: 0.5em 0;
		padding: 0;
	}
	.linklist li {
		padding: 2px 0;
	}
	.sidebar {
		float: left;
		width: 320px;
	}
	.bar-wrapper {
		max-width: 1100px;
		margin: 0 auto;
	}
	.bar-wrapper.has-sidebar {
		max-width: 1430px;
	}
	.mainbar {
		margin: 0;
		padding-right: 1px;
	}
	.mainbar.has-sidebar {
		margin-left: 330px;
	}
	@media (min-width: 1511px) {
		.sidebar {
			width: 400px;
		}
		.bar-wrapper.has-sidebar {
			max-width: 1510px;
		}
		.mainbar.has-sidebar {
			margin-left: 410px;
		}
	}
	.section.first-section {
		margin-top: 9px;
	}
	.blocklink small {
		white-space: normal;
	}
	.button {
		vertical-align: middle;
	}
	.replay-controls {
		padding-top: 10px;
	}
	.replay-controls h1 {
		font-size: 16pt;
		font-weight: normal;
		color: #CCC;
	}
	.pagelink {
		text-align: center;
	}
	.pagelink a {
		width: 150px;
	}
	.textbox, .button {
		font-size: 11pt;
		vertical-align: middle;
	}
	@media (max-width: 450px) {
		.button {
			font-size: 9pt;
		}
	}
</style>

<div>

	<header>
		<div class="nav-wrapper"><ul class="nav">
			<li><a class="button nav-first" href="//pokemonshowdown.com/"><img src="//pokemonshowdown.com/images/pokemonshowdownbeta.png" srcset="//pokemonshowdown.com/images/pokemonshowdownbeta.png 1x, //pokemonshowdown.com/images/pokemonshowdownbeta@2x.png 2x" alt="Pok&eacute;mon Showdown" width="146" height="44" /> Home</a></li>
			<li><a class="button" href="//pokemonshowdown.com/dex/">Pok&eacute;dex</a></li>
			<li><a class="button cur" href="/">Replays</a></li>
			<li><a class="button" href="//pokemonshowdown.com/ladder/">Ladder</a></li>
			<li><a class="button nav-last" href="//pokemonshowdown.com/forums/">Forum</a></li>
			<li><a class="button greenbutton nav-first nav-last" href="//play.pokemonshowdown.com/">Play</a></li>
		</ul></div>
	</header>

	<div class="main" id="main">

		<noscript><section class="section">You need to enable JavaScript to use this page; sorry!</section></noscript>

	</div>

</div>

<script defer nomodule src="//play.pokemonshowdown.com/js/lib/ps-polyfill.js"></script>
<script defer src="//play.pokemonshowdown.com/js/lib/preact.min.js"></script>

<script defer src="//play.pokemonshowdown.com/config/config.js?2bddbc15"></script>
<script defer src="//play.pokemonshowdown.com/js/lib/jquery-1.11.0.min.js"></script>
<script defer src="//play.pokemonshowdown.com/js/lib/html-sanitizer-minified.js"></script>
<script defer src="//play.pokemonshowdown.com/js/battle-sound.js"></script>
<script defer src="//play.pokemonshowdown.com/js/battledata.js?0.7209276989879541"></script>
<script defer src="//play.pokemonshowdown.com/data/pokedex-mini.js?0.6111056340867951"></script>
<script defer src="//play.pokemonshowdown.com/data/pokedex-mini-bw.js?0.3532142036491459"></script>
<script defer src="//play.pokemonshowdown.com/data/graphics.js?0.24223875632456182"></script>
<script defer src="//play.pokemonshowdown.com/data/pokedex.js?0.38839984266356864"></script>
<script defer src="//play.pokemonshowdown.com/data/moves.js?0.21866028504024015"></script>
<script defer src="//play.pokemonshowdown.com/data/abilities.js?0.2005157953846628"></script>
<script defer src="//play.pokemonshowdown.com/data/items.js?0.9894211263848525"></script>
<script defer src="//play.pokemonshowdown.com/data/teambuilder-tables.js?0.6008791140282215"></script>
<script defer src="//play.pokemonshowdown.com/js/battle-tooltips.js?0.7580118955022959"></script>
<script defer src="//play.pokemonshowdown.com/js/battle.js?0.6057722274234274"></script>

<script defer src="js/utils.js?e31f9a17"></script>
<script defer src="js/replays-battle.js?7008c182"></script>

<!-- don't scrape this data! just add .json or .log after the URL!
Full API docs: https://github.com/smogon/pokemon-showdown-client/blob/master/WEB-API.md -->
<script type="text/plain" class="log" id="replaylog-smogtours-gen3ou-804496">
|inactive|Battle timer is ON: inactive players will automatically lose when time's up.
|t:|1730661251
|gametype|singles
|player|p1|wavyish|akari|
|player|p2|mint yerb|flannery|
|teamsize|p1|6
|teamsize|p2|6
|gen|3
|tier|[Gen 3] OU
|rule|Sleep Clause Mod: Limit one foe put to sleep
|rule|Switch Priority Clause Mod: Faster Pokémon switch first
|rule|Species Clause: Limit one of each Pokémon
|rule|OHKO Clause: OHKO moves are banned
|rule|Evasion Items Clause: Evasion items are banned
|rule|Evasion Moves Clause: Evasion moves are banned
|rule|Endless Battle Clause: Forcing endless battles is banned
|rule|HP Percentage Mod: HP is shown in percentages
|rule|One Boost Passer Clause: Limit one Baton Passer that has a way to boost its stats
|rule|Freeze Clause Mod: Limit one foe frozen
|
|t:|1730661251
|start
|switch|p1a: not a drill|Breloom, M|100/100
|switch|p2a: Zapdos|Zapdos|100/100
|turn|1
|c|☆mint yerb|hf!
|
|t:|1730661273
|switch|p1a: get lucki|Tyranitar, M|100/100
|-weather|Sandstorm|[from] ability: Sand Stream|[of] p1a: get lucki
|move|p2a: Zapdos|Drill Peck|p1a: get lucki
|-resisted|p1a: get lucki
|-crit|p1a: get lucki
|-damage|p1a: get lucki|72/100
|
|-weather|Sandstorm|[upkeep]
|-damage|p2a: Zapdos|94/100|[from] Sandstorm
|-heal|p2a: Zapdos|100/100|[from] item: Leftovers
|-heal|p1a: get lucki|78/100|[from] item: Leftovers
|upkeep
|turn|2
|c|☆wavyish|u2!
|
|t:|1730661290
|move|p2a: Zapdos|Hidden Power|p1a: get lucki
|-supereffective|p1a: get lucki
|-damage|p1a: get lucki|8/100
|move|p1a: get lucki|Crunch|p2a: Zapdos
|-damage|p2a: Zapdos|60/100
|-unboost|p2a: Zapdos|spd|1
|
|-weather|Sandstorm|[upkeep]
|-damage|p2a: Zapdos|53/100|[from] Sandstorm
|-heal|p2a: Zapdos|60/100|[from] item: Leftovers
|-heal|p1a: get lucki|14/100|[from] item: Leftovers
|upkeep
|turn|3
|
|t:|1730661316
|switch|p1a: lick|Swampert, F|100/100
|move|p2a: Zapdos|Thunderbolt|p1a: lick
|-immune|p1a: lick
|
|-weather|Sandstorm|[upkeep]
|-damage|p2a: Zapdos|53/100|[from] Sandstorm
|-heal|p2a: Zapdos|60/100|[from] item: Leftovers
|upkeep
|turn|4
|
|t:|1730661329
|switch|p2a: Celebi|Celebi|100/100
|move|p1a: lick|Ice Beam|p2a: Celebi
|-supereffective|p2a: Celebi
|-damage|p2a: Celebi|54/100
|
|-weather|Sandstorm|[upkeep]
|-damage|p2a: Celebi|48/100|[from] Sandstorm
|-heal|p2a: Celebi|54/100|[from] item: Leftovers
|upkeep
|turn|5
|
|t:|1730661334
|switch|p1a: gangermatic|Charizard, M|100/100
|move|p2a: Celebi|Baton Pass|p2a: Celebi
|inactive|mint yerb has 270 seconds left.
|
|t:|1730661365
|switch|p2a: Snorlax|Snorlax, F|100/100|[from] Baton Pass
|
|-weather|Sandstorm|[upkeep]
|-damage|p1a: gangermatic|94/100|[from] Sandstorm
|-damage|p2a: Snorlax|94/100|[from] Sandstorm
|-heal|p1a: gangermatic|100/100|[from] item: Leftovers
|-heal|p2a: Snorlax|100/100|[from] item: Leftovers
|upkeep
|turn|6
|
|t:|1730661394
|switch|p1a: not a drill|Breloom, M|100/100
|move|p2a: Snorlax|Body Slam|p1a: not a drill
|-damage|p1a: not a drill|32/100
|
|-weather|Sandstorm|[upkeep]
|-damage|p1a: not a drill|25/100|[from] Sandstorm
|-damage|p2a: Snorlax|94/100|[from] Sandstorm
|-heal|p1a: not a drill|32/100|[from] item: Leftovers
|-heal|p2a: Snorlax|100/100|[from] item: Leftovers
|upkeep
|turn|7
|inactive|mint yerb has 240 seconds left.
|inactive|mint yerb has 210 seconds left.
|
|t:|1730661450
|switch|p2a: Zapdos|Zapdos|60/100
|move|p1a: not a drill|Spore|p2a: Zapdos
|-status|p2a: Zapdos|slp|[from] move: Spore
|
|-weather|Sandstorm|[upkeep]
|-damage|p2a: Zapdos|53/100 slp|[from] Sandstorm
|-damage|p1a: not a drill|25/100|[from] Sandstorm
|-heal|p2a: Zapdos|60/100 slp|[from] item: Leftovers
|-heal|p1a: not a drill|32/100|[from] item: Leftovers
|upkeep
|turn|8
|inactive|mint yerb has 210 seconds left.
|
|t:|1730661473
|-singleturn|p1a: not a drill|move: Focus Punch
|switch|p2a: Swampert|Swampert, M|100/100
|move|p1a: not a drill|Focus Punch|p2a: Swampert
|-damage|p2a: Swampert|46/100
|
|-weather|Sandstorm|[upkeep]
|-damage|p1a: not a drill|25/100|[from] Sandstorm
|-heal|p1a: not a drill|32/100|[from] item: Leftovers
|-heal|p2a: Swampert|52/100|[from] item: Leftovers
|upkeep
|turn|9
|
|t:|1730661489
|switch|p1a: unreleased leak|Zapdos|100/100
|move|p2a: Swampert|Ice Beam|p1a: unreleased leak
|-supereffective|p1a: unreleased leak
|-damage|p1a: unreleased leak|56/100
|
|-weather|Sandstorm|[upkeep]
|-damage|p1a: unreleased leak|49/100|[from] Sandstorm
|-heal|p1a: unreleased leak|56/100|[from] item: Leftovers
|-heal|p2a: Swampert|59/100|[from] item: Leftovers
|upkeep
|turn|10
|inactive|mint yerb has 210 seconds left.
|
|t:|1730661498
|switch|p2a: Celebi|Celebi|54/100
|move|p1a: unreleased leak|Substitute|p1a: unreleased leak
|-start|p1a: unreleased leak|Substitute
|-damage|p1a: unreleased leak|31/100
|
|-weather|Sandstorm|[upkeep]
|-damage|p1a: unreleased leak|24/100|[from] Sandstorm
|-damage|p2a: Celebi|48/100|[from] Sandstorm
|-heal|p1a: unreleased leak|31/100|[from] item: Leftovers
|-heal|p2a: Celebi|54/100|[from] item: Leftovers
|upkeep
|turn|11
|inactive|mint yerb has 210 seconds left.
|
|t:|1730661532
|move|p1a: unreleased leak|Baton Pass|p1a: unreleased leak
|
|t:|1730661534
|switch|p1a: gangermatic|Charizard, M|100/100|[from] Baton Pass
|move|p2a: Celebi|Baton Pass|p2a: Celebi
|inactive|mint yerb has 180 seconds left.
|
|t:|1730661555
|switch|p2a: Snorlax|Snorlax, F|100/100|[from] Baton Pass
|
|-weather|Sandstorm|[upkeep]
|-damage|p1a: gangermatic|94/100|[from] Sandstorm
|-damage|p2a: Snorlax|94/100|[from] Sandstorm
|-heal|p1a: gangermatic|100/100|[from] item: Leftovers
|-heal|p2a: Snorlax|100/100|[from] item: Leftovers
|upkeep
|turn|12
|
|t:|1730661563
|-singleturn|p1a: gangermatic|move: Focus Punch
|move|p2a: Snorlax|Body Slam|p1a: gangermatic
|-end|p1a: gangermatic|Substitute
|move|p1a: gangermatic|Focus Punch|p2a: Snorlax
|-supereffective|p2a: Snorlax
|-damage|p2a: Snorlax|45/100
|
|-weather|Sandstorm|[upkeep]
|-damage|p1a: gangermatic|94/100|[from] Sandstorm
|-damage|p2a: Snorlax|38/100|[from] Sandstorm
|-heal|p1a: gangermatic|100/100|[from] item: Leftovers
|-heal|p2a: Snorlax|45/100|[from] item: Leftovers
|upkeep
|turn|13
|
|t:|1730661574
|switch|p1a: gaig|Jirachi|100/100
|move|p2a: Snorlax|Body Slam|p1a: gaig
|-resisted|p1a: gaig
|-damage|p1a: gaig|82/100
|
|-weather|Sandstorm|[upkeep]
|-damage|p2a: Snorlax|38/100|[from] Sandstorm
|-heal|p1a: gaig|89/100|[from] item: Leftovers
|-heal|p2a: Snorlax|45/100|[from] item: Leftovers
|upkeep
|turn|14
|
|t:|1730661587
|move|p1a: gaig|Wish|p1a: gaig
|move|p2a: Snorlax|Earthquake|p1a: gaig
|-supereffective|p1a: gaig
|-damage|p1a: gaig|31/100
|
|-weather|Sandstorm|[upkeep]
|-damage|p2a: Snorlax|38/100|[from] Sandstorm
|-heal|p1a: gaig|37/100|[from] item: Leftovers
|-heal|p2a: Snorlax|45/100|[from] item: Leftovers
|upkeep
|turn|15
|
|t:|1730661594
|switch|p1a: lick|Swampert, F|100/100
|move|p2a: Snorlax|Curse|p2a: Snorlax
|-unboost|p2a: Snorlax|spe|1
|-boost|p2a: Snorlax|atk|1
|-boost|p2a: Snorlax|def|1
|
|-weather|Sandstorm|[upkeep]
|-damage|p2a: Snorlax|38/100|[from] Sandstorm
|-heal|p2a: Snorlax|45/100|[from] item: Leftovers
|upkeep
|turn|16
|
|t:|1730661603
|move|p1a: lick|Hydro Pump|p2a: Snorlax
|-damage|p2a: Snorlax|13/100
|move|p2a: Snorlax|Body Slam|p1a: lick
|-damage|p1a: lick|32/100
|
|-weather|Sandstorm|[upkeep]
|-damage|p2a: Snorlax|7/100|[from] Sandstorm
|-heal|p1a: lick|39/100|[from] item: Leftovers
|-heal|p2a: Snorlax|13/100|[from] item: Leftovers
|upkeep
|turn|17
|
|t:|1730661626
|move|p1a: lick|Ice Beam|p2a: Snorlax
|-damage|p2a: Snorlax|0 fnt
|faint|p2a: Snorlax
|inactive|mint yerb has 180 seconds left.
|
|t:|1730661646
|switch|p2a: Celebi|Celebi|54/100
|
|-weather|Sandstorm|[upkeep]
|-damage|p2a: Celebi|48/100|[from] Sandstorm
|-heal|p2a: Celebi|54/100|[from] item: Leftovers
|-heal|p1a: lick|45/100|[from] item: Leftovers
|upkeep
|turn|18
|
|t:|1730661651
|switch|p1a: gangermatic|Charizard, M|100/100
|move|p2a: Celebi|Calm Mind|p2a: Celebi
|-boost|p2a: Celebi|spa|1
|-boost|p2a: Celebi|spd|1
|
|-weather|Sandstorm|[upkeep]
|-damage|p1a: gangermatic|94/100|[from] Sandstorm
|-damage|p2a: Celebi|48/100|[from] Sandstorm
|-heal|p1a: gangermatic|100/100|[from] item: Leftovers
|-heal|p2a: Celebi|54/100|[from] item: Leftovers
|upkeep
|turn|19
|inactive|mint yerb has 180 seconds left.
|
|t:|1730661674
|move|p1a: gangermatic|Fire Blast|p2a: Celebi
|-supereffective|p2a: Celebi
|-damage|p2a: Celebi|0 fnt
|faint|p2a: Celebi
|
|t:|1730661681
|switch|p2a: Starmie|Starmie|100/100
|
|-weather|Sandstorm|[upkeep]
|-damage|p2a: Starmie|94/100|[from] Sandstorm
|-damage|p1a: gangermatic|94/100|[from] Sandstorm
|-heal|p2a: Starmie|100/100|[from] item: Leftovers
|-heal|p1a: gangermatic|100/100|[from] item: Leftovers
|upkeep
|turn|20
|inactive|mint yerb has 180 seconds left.
|
|t:|1730661692
|switch|p1a: get lucki|Tyranitar, M|14/100
|move|p2a: Starmie|Hydro Pump|p1a: get lucki
|-supereffective|p1a: get lucki
|-damage|p1a: get lucki|0 fnt
|faint|p1a: get lucki
|
|t:|1730661693
|switch|p1a: gaig|Jirachi|37/100
|
|-weather|Sandstorm|[upkeep]
|-damage|p2a: Starmie|94/100|[from] Sandstorm
|-heal|p2a: Starmie|100/100|[from] item: Leftovers
|-heal|p1a: gaig|44/100|[from] item: Leftovers
|upkeep
|turn|21
|
|t:|1730661709
|move|p2a: Starmie|Hydro Pump|p1a: gaig
|-damage|p1a: gaig|11/100
|move|p1a: gaig|Wish|p1a: gaig
|
|-weather|Sandstorm|[upkeep]
|-damage|p2a: Starmie|94/100|[from] Sandstorm
|-heal|p2a: Starmie|100/100|[from] item: Leftovers
|-heal|p1a: gaig|17/100|[from] item: Leftovers
|upkeep
|turn|22
|inactive|mint yerb has 180 seconds left.
|
|t:|1730661730
|move|p1a: gaig|Protect|p1a: gaig
|-singleturn|p1a: gaig|Protect
|move|p2a: Starmie|Hydro Pump|p1a: gaig
|-activate|p1a: gaig|Protect
|
|-heal|p1a: gaig|67/100|[from] move: Wish|[wisher] gaig
|-weather|Sandstorm|[upkeep]
|-damage|p2a: Starmie|94/100|[from] Sandstorm
|-heal|p2a: Starmie|100/100|[from] item: Leftovers
|-heal|p1a: gaig|74/100|[from] item: Leftovers
|upkeep
|turn|23
|inactive|mint yerb has 180 seconds left.
|
|t:|1730661735
|move|p2a: Starmie|Hydro Pump|p1a: gaig|[miss]
|-miss|p2a: Starmie|p1a: gaig
|move|p1a: gaig|Wish|p1a: gaig
|
|-weather|Sandstorm|[upkeep]
|-damage|p2a: Starmie|94/100|[from] Sandstorm
|-heal|p2a: Starmie|100/100|[from] item: Leftovers
|-heal|p1a: gaig|80/100|[from] item: Leftovers
|upkeep
|turn|24
|inactive|mint yerb has 180 seconds left.
|
|t:|1730661746
|move|p2a: Starmie|Hydro Pump|p1a: gaig
|-damage|p1a: gaig|45/100
|move|p1a: gaig|Body Slam|p2a: Starmie
|-damage|p2a: Starmie|75/100
|
|-heal|p1a: gaig|95/100|[from] move: Wish|[wisher] gaig
|-weather|Sandstorm|[upkeep]
|-damage|p2a: Starmie|69/100|[from] Sandstorm
|-heal|p2a: Starmie|75/100|[from] item: Leftovers
|-heal|p1a: gaig|100/100|[from] item: Leftovers
|upkeep
|turn|25
|
|t:|1730661755
|switch|p2a: Tyranitar|Tyranitar, M|100/100
|move|p1a: gaig|Body Slam|p2a: Tyranitar
|-resisted|p2a: Tyranitar
|-damage|p2a: Tyranitar|93/100
|-status|p2a: Tyranitar|par
|-enditem|p2a: Tyranitar|Lum Berry|[eat]
|-curestatus|p2a: Tyranitar|par|[msg]
|
|-weather|Sandstorm|[upkeep]
|upkeep
|turn|26
|inactive|mint yerb has 180 seconds left.
|
|t:|1730661773
|switch|p2a: Starmie|Starmie|75/100
|switch|p1a: gangermatic|Charizard, M|100/100
|
|-weather|Sandstorm|[upkeep]
|-damage|p2a: Starmie|69/100|[from] Sandstorm
|-damage|p1a: gangermatic|94/100|[from] Sandstorm
|-heal|p2a: Starmie|75/100|[from] item: Leftovers
|-heal|p1a: gangermatic|100/100|[from] item: Leftovers
|upkeep
|turn|27
|inactive|mint yerb has 180 seconds left.
|
|t:|1730661785
|switch|p1a: gaig|Jirachi|100/100
|move|p2a: Starmie|Hydro Pump|p1a: gaig
|-damage|p1a: gaig|67/100
|
|-weather|Sandstorm|[upkeep]
|-damage|p2a: Starmie|69/100|[from] Sandstorm
|-heal|p2a: Starmie|75/100|[from] item: Leftovers
|-heal|p1a: gaig|73/100|[from] item: Leftovers
|upkeep
|turn|28
|
|t:|1730661792
|move|p2a: Starmie|Thunderbolt|p1a: gaig
|-damage|p1a: gaig|54/100
|move|p1a: gaig|Wish|p1a: gaig
|
|-weather|Sandstorm|[upkeep]
|-damage|p2a: Starmie|69/100|[from] Sandstorm
|-heal|p2a: Starmie|75/100|[from] item: Leftovers
|-heal|p1a: gaig|60/100|[from] item: Leftovers
|upkeep
|turn|29
|
|t:|1730661801
|switch|p2a: Swampert|Swampert, M|59/100
|move|p1a: gaig|Body Slam|p2a: Swampert
|-crit|p2a: Swampert
|-damage|p2a: Swampert|36/100
|-status|p2a: Swampert|par
|
|-heal|p1a: gaig|100/100|[from] move: Wish|[wisher] gaig
|-weather|Sandstorm|[upkeep]
|-heal|p2a: Swampert|42/100 par|[from] item: Leftovers
|upkeep
|turn|30
|inactive|mint yerb has 180 seconds left.
|
|t:|1730661822
|switch|p1a: gangermatic|Charizard, M|100/100
|cant|p2a: Swampert|par
|
|-weather|Sandstorm|[upkeep]
|-damage|p1a: gangermatic|94/100|[from] Sandstorm
|-heal|p1a: gangermatic|100/100|[from] item: Leftovers
|-heal|p2a: Swampert|48/100 par|[from] item: Leftovers
|upkeep
|turn|31
|inactive|mint yerb has 180 seconds left.
|
|t:|1730661835
|move|p1a: gangermatic|Hidden Power|p2a: Swampert
|-supereffective|p2a: Swampert
|-damage|p2a: Swampert|0 fnt
|faint|p2a: Swampert
|
|t:|1730661838
|switch|p2a: Starmie|Starmie|75/100
|
|-weather|Sandstorm|[upkeep]
|-damage|p2a: Starmie|69/100|[from] Sandstorm
|-damage|p1a: gangermatic|94/100|[from] Sandstorm
|-heal|p2a: Starmie|75/100|[from] item: Leftovers
|-heal|p1a: gangermatic|100/100|[from] item: Leftovers
|upkeep
|turn|32
|
|t:|1730661848
|switch|p2a: Tyranitar|Tyranitar, M|93/100
|move|p1a: gangermatic|Hidden Power|p2a: Tyranitar
|-supereffective|p2a: Tyranitar
|-damage|p2a: Tyranitar|47/100
|
|-weather|Sandstorm|[upkeep]
|-damage|p1a: gangermatic|94/100|[from] Sandstorm
|-heal|p1a: gangermatic|100/100|[from] item: Leftovers
|upkeep
|turn|33
|inactive|mint yerb has 180 seconds left.
|
|t:|1730661869
|move|p1a: gangermatic|Hidden Power|p2a: Tyranitar
|-supereffective|p2a: Tyranitar
|-damage|p2a: Tyranitar|0 fnt
|faint|p2a: Tyranitar
|
|t:|1730661872
|switch|p2a: Starmie|Starmie|75/100
|
|-weather|Sandstorm|[upkeep]
|-damage|p2a: Starmie|69/100|[from] Sandstorm
|-damage|p1a: gangermatic|94/100|[from] Sandstorm
|-heal|p2a: Starmie|75/100|[from] item: Leftovers
|-heal|p1a: gangermatic|100/100|[from] item: Leftovers
|upkeep
|turn|34
|
|t:|1730661875
|switch|p1a: gaig|Jirachi|100/100
|move|p2a: Starmie|Hydro Pump|p1a: gaig
|-damage|p1a: gaig|69/100
|
|-weather|Sandstorm|[upkeep]
|-damage|p2a: Starmie|69/100|[from] Sandstorm
|-heal|p2a: Starmie|75/100|[from] item: Leftovers
|-heal|p1a: gaig|75/100|[from] item: Leftovers
|upkeep
|turn|35
|
|t:|1730661881
|move|p2a: Starmie|Thunderbolt|p1a: gaig
|-damage|p1a: gaig|56/100
|-status|p1a: gaig|par
|move|p1a: gaig|Wish|p1a: gaig
|
|-weather|Sandstorm|[upkeep]
|-damage|p2a: Starmie|69/100|[from] Sandstorm
|-heal|p2a: Starmie|75/100|[from] item: Leftovers
|-heal|p1a: gaig|63/100 par|[from] item: Leftovers
|upkeep
|turn|36
|inactive|mint yerb has 210 seconds left.
|
|t:|1730661894
|switch|p2a: Zapdos|Zapdos|60/100 slp
|move|p1a: gaig|Protect||[still]
|-fail|p1a: gaig
|
|-heal|p1a: gaig|100/100 par|[from] move: Wish|[wisher] gaig
|-weather|Sandstorm|[upkeep]
|-damage|p2a: Zapdos|53/100 slp|[from] Sandstorm
|-heal|p2a: Zapdos|60/100 slp|[from] item: Leftovers
|upkeep
|turn|37
|inactive|mint yerb has 210 seconds left.
|
|t:|1730661901
|cant|p2a: Zapdos|slp
|move|p1a: gaig|Wish|p1a: gaig
|
|-weather|Sandstorm|[upkeep]
|-damage|p2a: Zapdos|53/100 slp|[from] Sandstorm
|-heal|p2a: Zapdos|60/100 slp|[from] item: Leftovers
|upkeep
|turn|38
|
|t:|1730661905
|switch|p1a: lick|Swampert, F|45/100
|-curestatus|p2a: Zapdos|slp|[msg]
|move|p2a: Zapdos|Drill Peck|p1a: lick
|-damage|p1a: lick|7/100
|
|-heal|p1a: lick|57/100|[from] move: Wish|[wisher] gaig
|-weather|Sandstorm|[upkeep]
|-damage|p2a: Zapdos|53/100|[from] Sandstorm
|-heal|p2a: Zapdos|60/100|[from] item: Leftovers
|-heal|p1a: lick|63/100|[from] item: Leftovers
|upkeep
|turn|39
|
|t:|1730661916
|move|p2a: Zapdos|Drill Peck|p1a: lick
|-damage|p1a: lick|31/100
|move|p1a: lick|Ice Beam|p2a: Zapdos
|-supereffective|p2a: Zapdos
|-damage|p2a: Zapdos|0 fnt
|faint|p2a: Zapdos
|
|t:|1730661920
|switch|p2a: Starmie|Starmie|75/100
|
|-weather|Sandstorm|[upkeep]
|-damage|p2a: Starmie|69/100|[from] Sandstorm
|-heal|p2a: Starmie|75/100|[from] item: Leftovers
|-heal|p1a: lick|37/100|[from] item: Leftovers
|upkeep
|turn|40
|
|t:|1730661927
|move|p2a: Starmie|Hydro Pump|p1a: lick
|-damage|p1a: lick|0 fnt
|faint|p1a: lick
|
|t:|1730661929
|switch|p1a: gaig|Jirachi|100/100 par
|
|-weather|Sandstorm|[upkeep]
|-damage|p2a: Starmie|69/100|[from] Sandstorm
|-heal|p2a: Starmie|75/100|[from] item: Leftovers
|upkeep
|turn|41
|
|t:|1730661934
|move|p2a: Starmie|Thunderbolt|p1a: gaig
|-damage|p1a: gaig|82/100 par
|move|p1a: gaig|Body Slam|p2a: Starmie
|-damage|p2a: Starmie|49/100
|-status|p2a: Starmie|par
|
|-weather|Sandstorm|[upkeep]
|-damage|p2a: Starmie|43/100 par|[from] Sandstorm
|-heal|p2a: Starmie|49/100 par|[from] item: Leftovers
|-heal|p1a: gaig|88/100 par|[from] item: Leftovers
|upkeep
|turn|42
|
|t:|1730661937
|move|p2a: Starmie|Thunderbolt|p1a: gaig
|-damage|p1a: gaig|70/100 par
|cant|p1a: gaig|par
|
|-weather|Sandstorm|[upkeep]
|-damage|p2a: Starmie|43/100 par|[from] Sandstorm
|-heal|p2a: Starmie|49/100 par|[from] item: Leftovers
|-heal|p1a: gaig|76/100 par|[from] item: Leftovers
|upkeep
|turn|43
|
|t:|1730661939
|move|p2a: Starmie|Thunderbolt|p1a: gaig
|-damage|p1a: gaig|59/100 par
|move|p1a: gaig|Body Slam|p2a: Starmie
|-damage|p2a: Starmie|22/100 par
|
|-weather|Sandstorm|[upkeep]
|-damage|p2a: Starmie|16/100 par|[from] Sandstorm
|-heal|p2a: Starmie|22/100 par|[from] item: Leftovers
|-heal|p1a: gaig|65/100 par|[from] item: Leftovers
|upkeep
|turn|44
|
|t:|1730661941
|move|p2a: Starmie|Thunderbolt|p1a: gaig
|-damage|p1a: gaig|49/100 par
|move|p1a: gaig|Body Slam|p2a: Starmie
|-damage|p2a: Starmie|0 fnt
|faint|p2a: Starmie
|
|win|wavyish
|c|☆wavyish|gg
|c|☆mint yerb|gg

</script>
<script type="application/json" class="data" id="replaydata-smogtours-gen3ou-804496">
{"id":"smogtours-gen3ou-804496","format":"[Gen 3] OU","players":["wavyish","mint yerb"],"uploadtime":1730661941,"views":66,"formatid":"gen3ou","rating":null,"private":0,"password":null}
</script>

<script defer src="js/replays.js?9d40a366"></script>
