<!DOCTYPE html>
<meta charset="utf-8" />
<meta name="viewport" content="width=device-width" />

<title>[Gen 3] OU: hitmonYEE vs. corvid_queen - Replays - Pok&eacute;mon Showdown!</title>

<meta name="description" content="Watch a replay of a Pok&eacute;mon battle between hitmonYEE and corvid_queen! Format: [Gen 3] OU; Date: Oct 4, 2024" />
<!--

Hey, you! Looking in the source for the replay log?

You can find them in JSON format, just add `.json` at the end of a replay URL.

https://replay.pokemonshowdown.com/gen7randomdoublesbattle-865046831.json

Or, if you only need the log itself, add `.log` instead:

https://replay.pokemonshowdown.com/gen7randomdoublesbattle-865046831.log

-->

<link rel="stylesheet" href="//pokemonshowdown.com/style/global.css?0.767286132409787" />
<link rel="stylesheet" href="//play.pokemonshowdown.com/style/font-awesome.css?0.9266228007934947" />
<link rel="stylesheet" href="//play.pokemonshowdown.com/style/battle.css?0.7924700842790926" />
<link rel="stylesheet" href="//play.pokemonshowdown.com/style/utilichart.css?0.8777417872839479" />

<!-- Global site tag (gtag.js) - Google Analytics -->
<script async src="https://www.googletagmanager.com/gtag/js?id=UA-26211653-1"></script>
<script>
  window.dataLayer = window.dataLayer || [];
  function gtag(){dataLayer.push(arguments);}
  gtag('js', new Date());

  gtag('config', 'UA-26211653-1');
</script>
<!-- End Google Analytics -->
<!-- Venatus Ad Manager - Install in <HEAD> of page -->
	<script src="https://hb.vntsm.com/v3/live/ad-manager.min.js" type="text/javascript" data-site-id="642aba63ec9a7b11c3c9c1be" data-mode="scan" async></script>
<!-- / Venatus Ad Manager -->

<style>
	@media (max-width:820px) {
		.battle {
			margin: 0 auto;
		}
		.battle-log {
			margin: 7px auto 0;
			max-width: 640px;
			height: 300px;
			position: static;
		}
	}
	.optgroup {
		display: inline-block;
		line-height: 22px;
		font-size: 10pt;
	}
	.optgroup .button {
		height: 25px;
		padding-top: 0;
		padding-bottom: 0;
	}
	.optgroup button.button {
		padding-left: 12px;
		padding-right: 12px;
	}
	.linklist {
		list-style: none;
		margin: 0.5em 0;
		padding: 0;
	}
	.linklist li {
		padding: 2px 0;
	}
	.sidebar {
		float: left;
		width: 320px;
	}
	.bar-wrapper {
		max-width: 1100px;
		margin: 0 auto;
	}
	.bar-wrapper.has-sidebar {
		max-width: 1430px;
	}
	.mainbar {
		margin: 0;
		padding-right: 1px;
	}
	.mainbar.has-sidebar {
		margin-left: 330px;
	}
	@media (min-width: 1511px) {
		.sidebar {
			width: 400px;
		}
		.bar-wrapper.has-sidebar {
			max-width: 1510px;
		}
		.mainbar.has-sidebar {
			margin-left: 410px;
		}
	}
	.section.first-section {
		margin-top: 9px;
	}
	.blocklink small {
		white-space: normal;
	}
	.button {
		vertical-align: middle;
	}
	.replay-controls {
		padding-top: 10px;
	}
	.replay-controls h1 {
		font-size: 16pt;
		font-weight: normal;
		color: #CCC;
	}
	.pagelink {
		text-align: center;
	}
	.pagelink a {
		width: 150px;
	}
	.textbox, .button {
		font-size: 11pt;
		vertical-align: middle;
	}
	@media (max-width: 450px) {
		.button {
			font-size: 9pt;
		}
	}
</style>

<div>

	<header>
		<div class="nav-wrapper"><ul class="nav">
			<li><a class="button nav-first" href="//pokemonshowdown.com/"><img src="//pokemonshowdown.com/images/pokemonshowdownbeta.png" srcset="//pokemonshowdown.com/images/pokemonshowdownbeta.png 1x, //pokemonshowdown.com/images/pokemonshowdownbeta@2x.png 2x" alt="Pok&eacute;mon Showdown" width="146" height="44" /> Home</a></li>
			<li><a class="button" href="//pokemonshowdown.com/dex/">Pok&eacute;dex</a></li>
			<li><a class="button cur" href="/">Replays</a></li>
			<li><a class="button" href="//pokemonshowdown.com/ladder/">Ladder</a></li>
			<li><a class="button nav-last" href="//pokemonshowdown.com/forums/">Forum</a></li>
			<li><a class="button greenbutton nav-first nav-last" href="//play.pokemonshowdown.com/">Play</a></li>
		</ul></div>
	</header>

	<div class="main" id="main">

		<noscript><section class="section">You need to enable JavaScript to use this page; sorry!</section></noscript>

	</div>

</div>

<script defer nomodule src="//play.pokemonshowdown.com/js/lib/ps-polyfill.js"></script>
<script defer src="//play.pokemonshowdown.com/js/lib/preact.min.js"></script>

<script defer src="//play.pokemonshowdown.com/config/config.js?6dec07f6"></script>
<script defer src="//play.pokemonshowdown.com/js/lib/jquery-1.11.0.min.js"></script>
<script defer src="//play.pokemonshowdown.com/js/lib/html-sanitizer-minified.js"></script>
<script defer src="//play.pokemonshowdown.com/js/battle-sound.js"></script>
<script defer src="//play.pokemonshowdown.com/js/battledata.js?0.6315294753075389"></script>
<script defer src="//play.pokemonshowdown.com/data/pokedex-mini.js?0.7603743185311358"></script>
<script defer src="//play.pokemonshowdown.com/data/pokedex-mini-bw.js?0.030888842834281283"></script>
<script defer src="//play.pokemonshowdown.com/data/graphics.js?0.05593094747507488"></script>
<script defer src="//play.pokemonshowdown.com/data/pokedex.js?0.47064822249611904"></script>
<script defer src="//play.pokemonshowdown.com/data/moves.js?0.8583693120512459"></script>
<script defer src="//play.pokemonshowdown.com/data/abilities.js?0.16017181182386842"></script>
<script defer src="//play.pokemonshowdown.com/data/items.js?0.4163379185673943"></script>
<script defer src="//play.pokemonshowdown.com/data/teambuilder-tables.js?0.31075597372830477"></script>
<script defer src="//play.pokemonshowdown.com/js/battle-tooltips.js?0.6536193500708172"></script>
<script defer src="//play.pokemonshowdown.com/js/battle.js?0.1916591943277901"></script>

<script defer src="js/utils.js?e31f9a17"></script>
<script defer src="js/replays-battle.js?7008c182"></script>

<!-- don't scrape this data! just add .json or .log after the URL!
Full API docs: https://github.com/smogon/pokemon-showdown-client/blob/master/WEB-API.md -->
<script type="text/plain" class="log" id="replaylog-smogtours-gen3ou-794490">
|inactive|Battle timer is ON: inactive players will automatically lose when time's up.
|t:|1728009436
|gametype|singles
|player|p1|hitmonYEE|265|
|player|p2|corvid_queen|266|
|teamsize|p1|6
|teamsize|p2|6
|gen|3
|tier|[Gen 3] OU
|rule|Sleep Clause Mod: Limit one foe put to sleep
|rule|Switch Priority Clause Mod: Faster Pokémon switch first
|rule|Species Clause: Limit one of each Pokémon
|rule|OHKO Clause: OHKO moves are banned
|rule|Evasion Items Clause: Evasion items are banned
|rule|Evasion Moves Clause: Evasion moves are banned
|rule|Endless Battle Clause: Forcing endless battles is banned
|rule|HP Percentage Mod: HP is shown in percentages
|rule|One Boost Passer Clause: Limit one Baton Passer that has a way to boost its stats
|rule|Freeze Clause Mod: Limit one foe frozen
|
|t:|1728009436
|start
|switch|p1a: Tyranitar|Tyranitar, M|100/100
|switch|p2a: Tyranitar|Tyranitar, F|100/100
|-weather|Sandstorm|[from] ability: Sand Stream|[of] p2a: Tyranitar
|turn|1
|c|☆hitmonYEE|ok lemme link it
|c|☆hitmonYEE|hold on 1sec
|c|☆corvid_queen|okok
|c|+ALlCE|GOOOOOOOOOOOOOOOOOOOO RAVNE
|c|+violet river|GO RAVEN QUEEN !!!
|inactive|hitmonYEE has 270 seconds left.
|
|t:|1728009494
|switch|p1a: Flygon|Flygon, M|100/100
|move|p2a: Tyranitar|Dragon Dance|p2a: Tyranitar
|-boost|p2a: Tyranitar|atk|1
|-boost|p2a: Tyranitar|spe|1
|
|-weather|Sandstorm|[upkeep]
|upkeep
|turn|2
|
|t:|1728009514
|switch|p2a: Skarmory|Skarmory, M|100/100
|move|p1a: Flygon|Earthquake|p2a: Skarmory
|-immune|p2a: Skarmory
|
|-weather|Sandstorm|[upkeep]
|upkeep
|turn|3
|
|t:|1728009525
|switch|p1a: Skarmory|Skarmory, F|100/100
|move|p2a: Skarmory|Spikes|p1a: Skarmory
|-sidestart|p1: hitmonYEE|Spikes
|
|-weather|Sandstorm|[upkeep]
|upkeep
|turn|4
|
|t:|1728009538
|move|p2a: Skarmory|Spikes|p1a: Skarmory
|-sidestart|p1: hitmonYEE|Spikes
|move|p1a: Skarmory|Spikes|p2a: Skarmory
|-sidestart|p2: corvid_queen|Spikes
|
|-weather|Sandstorm|[upkeep]
|upkeep
|turn|5
|
|t:|1728009543
|move|p2a: Skarmory|Spikes|p1a: Skarmory
|-sidestart|p1: hitmonYEE|Spikes
|move|p1a: Skarmory|Spikes|p2a: Skarmory
|-sidestart|p2: corvid_queen|Spikes
|
|-weather|Sandstorm|[upkeep]
|upkeep
|turn|6
|
|t:|1728009572
|switch|p2a: jumps for the beef|Jirachi|100/100
|-damage|p2a: jumps for the beef|84/100|[from] Spikes
|move|p1a: Skarmory|Spikes|p2a: jumps for the beef
|-sidestart|p2: corvid_queen|Spikes
|
|-weather|Sandstorm|[upkeep]
|-heal|p2a: jumps for the beef|90/100|[from] item: Leftovers
|upkeep
|turn|7
|inactive|hitmonYEE has 270 seconds left.
|
|t:|1728009610
|switch|p1a: Zapdos|Zapdos|100/100
|move|p2a: jumps for the beef|Fire Punch|p1a: Zapdos
|-damage|p1a: Zapdos|84/100
|
|-weather|Sandstorm|[upkeep]
|-damage|p1a: Zapdos|78/100|[from] Sandstorm
|-heal|p2a: jumps for the beef|96/100|[from] item: Leftovers
|-heal|p1a: Zapdos|84/100|[from] item: Leftovers
|upkeep
|turn|8
|inactive|hitmonYEE has 270 seconds left.
|
|t:|1728009623
|move|p2a: jumps for the beef|Psychic|p1a: Zapdos
|-damage|p1a: Zapdos|54/100
|move|p1a: Zapdos|Thunderbolt|p2a: jumps for the beef
|-damage|p2a: jumps for the beef|60/100
|
|-weather|Sandstorm|[upkeep]
|-damage|p1a: Zapdos|47/100|[from] Sandstorm
|-heal|p2a: jumps for the beef|66/100|[from] item: Leftovers
|-heal|p1a: Zapdos|54/100|[from] item: Leftovers
|upkeep
|turn|9
|inactive|hitmonYEE has 270 seconds left.
|inactive|corvid_queen has 270 seconds left.
|
|t:|1728009647
|move|p2a: jumps for the beef|Psychic|p1a: Zapdos
|-damage|p1a: Zapdos|26/100
|-unboost|p1a: Zapdos|spd|1
|move|p1a: Zapdos|Thunderbolt|p2a: jumps for the beef
|-damage|p2a: jumps for the beef|28/100
|
|-weather|Sandstorm|[upkeep]
|-damage|p1a: Zapdos|20/100|[from] Sandstorm
|-heal|p2a: jumps for the beef|34/100|[from] item: Leftovers
|-heal|p1a: Zapdos|26/100|[from] item: Leftovers
|upkeep
|turn|10
|inactive|corvid_queen has 270 seconds left.
|inactive|hitmonYEE has 270 seconds left.
|
|t:|1728009661
|switch|p1a: Tyranitar|Tyranitar, M|100/100
|-damage|p1a: Tyranitar|76/100|[from] Spikes
|move|p2a: jumps for the beef|Psychic|p1a: Tyranitar
|-immune|p1a: Tyranitar
|
|-weather|Sandstorm|[upkeep]
|-heal|p2a: jumps for the beef|40/100|[from] item: Leftovers
|-heal|p1a: Tyranitar|82/100|[from] item: Leftovers
|upkeep
|turn|11
|inactive|hitmonYEE has 270 seconds left.
|inactive|corvid_queen has 270 seconds left.
|
|t:|1728009700
|switch|p2a: Swampert|Swampert, M|100/100
|-damage|p2a: Swampert|76/100|[from] Spikes
|move|p1a: Tyranitar|Fire Blast|p2a: Swampert
|-resisted|p2a: Swampert
|-damage|p2a: Swampert|57/100
|
|-weather|Sandstorm|[upkeep]
|-heal|p2a: Swampert|63/100|[from] item: Leftovers
|-heal|p1a: Tyranitar|88/100|[from] item: Leftovers
|upkeep
|turn|12
|inactive|corvid_queen has 240 seconds left.
|
|t:|1728009723
|switch|p1a: Blissey|Blissey, F|100/100
|-damage|p1a: Blissey|76/100|[from] Spikes
|move|p2a: Swampert|Protect||[still]
|-fail|p2a: Swampert
|
|-weather|Sandstorm|[upkeep]
|-damage|p1a: Blissey|69/100|[from] Sandstorm
|-heal|p2a: Swampert|70/100|[from] item: Leftovers
|-heal|p1a: Blissey|76/100|[from] item: Leftovers
|upkeep
|turn|13
|
|t:|1728009740
|switch|p2a: Tyranitar|Tyranitar, F|100/100
|-damage|p2a: Tyranitar|76/100|[from] Spikes
|move|p1a: Blissey|Soft-Boiled|p1a: Blissey
|-heal|p1a: Blissey|100/100
|
|-weather|Sandstorm|[upkeep]
|-damage|p1a: Blissey|94/100|[from] Sandstorm
|-heal|p2a: Tyranitar|82/100|[from] item: Leftovers
|-heal|p1a: Blissey|100/100|[from] item: Leftovers
|upkeep
|turn|14
|inactive|corvid_queen has 240 seconds left.
|
|t:|1728009769
|-singleturn|p2a: Tyranitar|move: Focus Punch
|switch|p1a: Flygon|Flygon, M|100/100
|move|p2a: Tyranitar|Focus Punch|p1a: Flygon
|-damage|p1a: Flygon|56/100
|
|-weather|Sandstorm|[upkeep]
|-heal|p1a: Flygon|63/100|[from] item: Leftovers
|-heal|p2a: Tyranitar|88/100|[from] item: Leftovers
|upkeep
|turn|15
|inactive|hitmonYEE has 240 seconds left.
|inactive|corvid_queen has 210 seconds left.
|
|t:|1728009826
|switch|p1a: Zapdos|Zapdos|26/100
|switch|p2a: gyattgar|Gengar, F|100/100
|
|-weather|Sandstorm|[upkeep]
|-damage|p2a: gyattgar|95/100|[from] Sandstorm
|-damage|p1a: Zapdos|20/100|[from] Sandstorm
|-heal|p2a: gyattgar|100/100|[from] item: Leftovers
|-heal|p1a: Zapdos|26/100|[from] item: Leftovers
|upkeep
|turn|16
|c|+ALlCE|bad
|inactive|hitmonYEE has 210 seconds left.
|c|☆corvid_queen|:(
|c|+TyCarter|nasty work
|c|+violet river|she picked it not me
|
|t:|1728009855
|move|p2a: gyattgar|Taunt|p1a: Zapdos
|-start|p1a: Zapdos|move: Taunt
|cant|p1a: Zapdos|move: Taunt|Rest
|
|-weather|Sandstorm|[upkeep]
|-damage|p2a: gyattgar|95/100|[from] Sandstorm
|-damage|p1a: Zapdos|20/100|[from] Sandstorm
|-heal|p2a: gyattgar|100/100|[from] item: Leftovers
|-heal|p1a: Zapdos|26/100|[from] item: Leftovers
|upkeep
|turn|17
|c|+violet river|i do not endorse gyattgar
|c|+ALlCE|surely it would be gengyatt if anything
|c|☆hitmonYEE|ah beans
|
|t:|1728009875
|move|p2a: gyattgar|Thunderbolt|p1a: Zapdos
|-damage|p1a: Zapdos|6/100
|move|p1a: Zapdos|Thunderbolt|p2a: gyattgar
|-damage|p2a: gyattgar|52/100
|
|-weather|Sandstorm|[upkeep]
|-damage|p2a: gyattgar|47/100|[from] Sandstorm
|-damage|p1a: Zapdos|0 fnt|[from] Sandstorm
|faint|p1a: Zapdos
|-heal|p2a: gyattgar|52/100|[from] item: Leftovers
|upkeep
|inactive|hitmonYEE has 210 seconds left.
|
|t:|1728009882
|switch|p1a: Tyranitar|Tyranitar, M|88/100
|-damage|p1a: Tyranitar|63/100|[from] Spikes
|turn|18
|inactive|hitmonYEE has 210 seconds left.
|inactive|corvid_queen has 180 seconds left.
|
|t:|1728009914
|move|p2a: gyattgar|Will-O-Wisp|p1a: Tyranitar
|-status|p1a: Tyranitar|brn
|move|p1a: Tyranitar|Crunch|p2a: gyattgar
|-supereffective|p2a: gyattgar
|-damage|p2a: gyattgar|0 fnt
|faint|p2a: gyattgar
|
|t:|1728009923
|switch|p2a: Starmie|Starmie|100/100
|-damage|p2a: Starmie|76/100|[from] Spikes
|
|-weather|Sandstorm|[upkeep]
|-damage|p2a: Starmie|70/100|[from] Sandstorm
|-heal|p2a: Starmie|76/100|[from] item: Leftovers
|-heal|p1a: Tyranitar|69/100 brn|[from] item: Leftovers
|-damage|p1a: Tyranitar|57/100 brn|[from] brn
|upkeep
|turn|19
|inactive|hitmonYEE has 210 seconds left.
|inactive|corvid_queen has 180 seconds left.
|
|t:|1728009936
|move|p2a: Starmie|Hydro Pump|p1a: Tyranitar
|-supereffective|p1a: Tyranitar
|-damage|p1a: Tyranitar|0 fnt
|faint|p1a: Tyranitar
|
|t:|1728009952
|switch|p1a: Gengar|Gengar, F|100/100
|
|-weather|Sandstorm|[upkeep]
|-damage|p2a: Starmie|70/100|[from] Sandstorm
|-damage|p1a: Gengar|95/100|[from] Sandstorm
|-heal|p2a: Starmie|76/100|[from] item: Leftovers
|-heal|p1a: Gengar|100/100|[from] item: Leftovers
|upkeep
|turn|20
|inactive|corvid_queen has 180 seconds left.
|
|t:|1728009988
|switch|p2a: Swampert|Swampert, M|70/100
|-damage|p2a: Swampert|45/100|[from] Spikes
|move|p1a: Gengar|Thunderbolt|p2a: Swampert
|-immune|p2a: Swampert
|
|-weather|Sandstorm|[upkeep]
|-damage|p1a: Gengar|95/100|[from] Sandstorm
|-heal|p1a: Gengar|100/100|[from] item: Leftovers
|-heal|p2a: Swampert|51/100|[from] item: Leftovers
|upkeep
|turn|21
|inactive|corvid_queen has 150 seconds left.
|
|t:|1728010018
|switch|p1a: Blissey|Blissey, F|100/100
|-damage|p1a: Blissey|76/100|[from] Spikes
|move|p2a: Swampert|Surf|p1a: Blissey
|-damage|p1a: Blissey|60/100
|
|-weather|Sandstorm|[upkeep]
|-damage|p1a: Blissey|54/100|[from] Sandstorm
|-heal|p2a: Swampert|57/100|[from] item: Leftovers
|-heal|p1a: Blissey|60/100|[from] item: Leftovers
|upkeep
|turn|22
|
|t:|1728010032
|switch|p2a: Tyranitar|Tyranitar, F|88/100
|-damage|p2a: Tyranitar|63/100|[from] Spikes
|move|p1a: Blissey|Soft-Boiled|p1a: Blissey
|-heal|p1a: Blissey|100/100
|
|-weather|Sandstorm|[upkeep]
|-damage|p1a: Blissey|94/100|[from] Sandstorm
|-heal|p2a: Tyranitar|69/100|[from] item: Leftovers
|-heal|p1a: Blissey|100/100|[from] item: Leftovers
|upkeep
|turn|23
|inactive|hitmonYEE has 180 seconds left.
|inactive|corvid_queen has 150 seconds left.
|
|t:|1728010056
|switch|p1a: Gengar|Gengar, F|100/100
|move|p2a: Tyranitar|Rock Slide|p1a: Gengar
|-damage|p1a: Gengar|23/100
|
|-weather|Sandstorm|[upkeep]
|-damage|p1a: Gengar|17/100|[from] Sandstorm
|-heal|p1a: Gengar|23/100|[from] item: Leftovers
|-heal|p2a: Tyranitar|76/100|[from] item: Leftovers
|upkeep
|turn|24
|inactive|hitmonYEE has 180 seconds left.
|inactive|corvid_queen has 150 seconds left.
|
|t:|1728010074
|move|p1a: Gengar|Will-O-Wisp|p2a: Tyranitar
|-status|p2a: Tyranitar|brn
|move|p2a: Tyranitar|Rock Slide|p1a: Gengar
|-damage|p1a: Gengar|0 fnt
|faint|p1a: Gengar
|
|t:|1728010098
|switch|p1a: Flygon|Flygon, M|63/100
|
|-weather|Sandstorm|[upkeep]
|-heal|p1a: Flygon|69/100|[from] item: Leftovers
|-heal|p2a: Tyranitar|82/100 brn|[from] item: Leftovers
|-damage|p2a: Tyranitar|69/100 brn|[from] brn
|upkeep
|turn|25
|inactive|corvid_queen has 150 seconds left.
|
|t:|1728010115
|switch|p2a: Skarmory|Skarmory, M|100/100
|move|p1a: Flygon|Rock Slide|p2a: Skarmory
|-damage|p2a: Skarmory|87/100
|
|-weather|Sandstorm|[upkeep]
|-heal|p1a: Flygon|75/100|[from] item: Leftovers
|-heal|p2a: Skarmory|93/100|[from] item: Leftovers
|upkeep
|turn|26
|
|t:|1728010122
|switch|p1a: Blissey|Blissey, F|100/100
|-damage|p1a: Blissey|76/100|[from] Spikes
|move|p2a: Skarmory|Drill Peck|p1a: Blissey
|-damage|p1a: Blissey|52/100
|
|-weather|Sandstorm|[upkeep]
|-damage|p1a: Blissey|46/100|[from] Sandstorm
|-heal|p2a: Skarmory|99/100|[from] item: Leftovers
|-heal|p1a: Blissey|52/100|[from] item: Leftovers
|upkeep
|turn|27
|inactive|corvid_queen has 150 seconds left.
|
|t:|1728010146
|switch|p2a: Starmie|Starmie|76/100
|-damage|p2a: Starmie|51/100|[from] Spikes
|move|p1a: Blissey|Soft-Boiled|p1a: Blissey
|-heal|p1a: Blissey|100/100
|
|-weather|Sandstorm|[upkeep]
|-damage|p2a: Starmie|45/100|[from] Sandstorm
|-damage|p1a: Blissey|94/100|[from] Sandstorm
|-heal|p2a: Starmie|51/100|[from] item: Leftovers
|-heal|p1a: Blissey|100/100|[from] item: Leftovers
|upkeep
|turn|28
|
|t:|1728010158
|move|p2a: Starmie|Rapid Spin|p1a: Blissey
|-damage|p1a: Blissey|97/100
|-sideend|p2: corvid_queen|Spikes|[from] move: Rapid Spin|[of] p2a: Starmie
|move|p1a: Blissey|Seismic Toss|p2a: Starmie
|-damage|p2a: Starmie|13/100
|
|-weather|Sandstorm|[upkeep]
|-damage|p2a: Starmie|7/100|[from] Sandstorm
|-damage|p1a: Blissey|91/100|[from] Sandstorm
|-heal|p2a: Starmie|13/100|[from] item: Leftovers
|-heal|p1a: Blissey|97/100|[from] item: Leftovers
|upkeep
|turn|29
|inactive|corvid_queen has 150 seconds left.
|inactive|hitmonYEE has 150 seconds left.
|
|t:|1728010192
|move|p2a: Starmie|Hydro Pump|p1a: Blissey
|-damage|p1a: Blissey|78/100
|move|p1a: Blissey|Seismic Toss|p2a: Starmie
|-damage|p2a: Starmie|0 fnt
|faint|p2a: Starmie
|
|t:|1728010196
|switch|p2a: jumps for the beef|Jirachi|40/100
|
|-weather|Sandstorm|[upkeep]
|-damage|p1a: Blissey|71/100|[from] Sandstorm
|-heal|p2a: jumps for the beef|46/100|[from] item: Leftovers
|-heal|p1a: Blissey|78/100|[from] item: Leftovers
|upkeep
|turn|30
|inactive|corvid_queen has 150 seconds left.
|
|t:|1728010207
|move|p2a: jumps for the beef|Dynamic Punch|p1a: Blissey|[miss]
|-miss|p2a: jumps for the beef|p1a: Blissey
|move|p1a: Blissey|Seismic Toss|p2a: jumps for the beef
|-damage|p2a: jumps for the beef|19/100
|
|-weather|Sandstorm|[upkeep]
|-damage|p1a: Blissey|71/100|[from] Sandstorm
|-heal|p2a: jumps for the beef|25/100|[from] item: Leftovers
|-heal|p1a: Blissey|78/100|[from] item: Leftovers
|upkeep
|turn|31
|c|+ALlCE|/me jumps for the beef
|c|+ALlCE|/me misses
|c|+violet river|...
|inactive|hitmonYEE has 150 seconds left.
|c|☆corvid_queen|gna make it outve parkour prison with this one
|c|+ALlCE|LMAO
|
|t:|1728010234
|move|p2a: jumps for the beef|Dynamic Punch|p1a: Blissey
|-supereffective|p1a: Blissey
|-damage|p1a: Blissey|38/100
|-start|p1a: Blissey|confusion
|-activate|p1a: Blissey|confusion
|move|p1a: Blissey|Seismic Toss|p2a: jumps for the beef
|-damage|p2a: jumps for the beef|0 fnt
|faint|p2a: jumps for the beef
|inactive|corvid_queen has 150 seconds left.
|
|t:|1728010246
|switch|p2a: Tyranitar|Tyranitar, F|69/100 brn
|
|-weather|Sandstorm|[upkeep]
|-damage|p1a: Blissey|32/100|[from] Sandstorm
|-heal|p2a: Tyranitar|76/100 brn|[from] item: Leftovers
|-damage|p2a: Tyranitar|63/100 brn|[from] brn
|-heal|p1a: Blissey|38/100|[from] item: Leftovers
|upkeep
|turn|32
|inactive|hitmonYEE has 150 seconds left.
|c|☆hitmonYEE|you have no idea how bad that dynamicpunch scared me
|inactive|corvid_queen has 150 seconds left.
|
|t:|1728010266
|-singleturn|p2a: Tyranitar|move: Focus Punch
|switch|p1a: Flygon|Flygon, M|75/100
|move|p2a: Tyranitar|Focus Punch|p1a: Flygon
|-damage|p1a: Flygon|52/100
|
|-weather|Sandstorm|[upkeep]
|-heal|p1a: Flygon|58/100|[from] item: Leftovers
|-heal|p2a: Tyranitar|69/100 brn|[from] item: Leftovers
|-damage|p2a: Tyranitar|57/100 brn|[from] brn
|upkeep
|turn|33
|inactive|hitmonYEE has 150 seconds left.
|inactive|corvid_queen has 150 seconds left.
|
|t:|1728010301
|switch|p2a: Skarmory|Skarmory, M|99/100
|move|p1a: Flygon|Earthquake|p2a: Skarmory
|-immune|p2a: Skarmory
|
|-weather|Sandstorm|[upkeep]
|-heal|p1a: Flygon|64/100|[from] item: Leftovers
|-heal|p2a: Skarmory|100/100|[from] item: Leftovers
|upkeep
|turn|34
|
|t:|1728010307
|switch|p1a: Skarmory|Skarmory, F|100/100
|move|p2a: Skarmory|Drill Peck|p1a: Skarmory
|-resisted|p1a: Skarmory
|-damage|p1a: Skarmory|92/100
|
|-weather|Sandstorm|[upkeep]
|-heal|p1a: Skarmory|98/100|[from] item: Leftovers
|upkeep
|turn|35
|
|t:|1728010315
|move|p1a: Skarmory|Spikes|p2a: Skarmory
|-sidestart|p2: corvid_queen|Spikes
|move|p2a: Skarmory|Roar|p1a: Skarmory
|drag|p1a: Flygon|Flygon, M|64/100
|
|-weather|Sandstorm|[upkeep]
|-heal|p1a: Flygon|71/100|[from] item: Leftovers
|upkeep
|turn|36
|inactive|hitmonYEE has 150 seconds left.
|inactive|corvid_queen has 150 seconds left.
|
|t:|1728010325
|switch|p1a: Skarmory|Skarmory, F|98/100
|move|p2a: Skarmory|Roar|p1a: Skarmory
|drag|p1a: Flygon|Flygon, M|71/100
|
|-weather|Sandstorm|[upkeep]
|-heal|p1a: Flygon|77/100|[from] item: Leftovers
|upkeep
|turn|37
|inactive|hitmonYEE has 150 seconds left.
|inactive|corvid_queen has 150 seconds left.
|
|t:|1728010345
|switch|p1a: Skarmory|Skarmory, F|98/100
|switch|p2a: Swampert|Swampert, M|57/100
|-damage|p2a: Swampert|45/100|[from] Spikes
|
|-weather|Sandstorm|[upkeep]
|-heal|p1a: Skarmory|100/100|[from] item: Leftovers
|-heal|p2a: Swampert|51/100|[from] item: Leftovers
|upkeep
|turn|38
|
|t:|1728010350
|move|p1a: Skarmory|Spikes|p2a: Swampert
|-sidestart|p2: corvid_queen|Spikes
|move|p2a: Swampert|Surf|p1a: Skarmory
|-damage|p1a: Skarmory|66/100
|
|-weather|Sandstorm|[upkeep]
|-heal|p1a: Skarmory|72/100|[from] item: Leftovers
|-heal|p2a: Swampert|57/100|[from] item: Leftovers
|upkeep
|turn|39
|
|t:|1728010362
|move|p1a: Skarmory|Spikes|p2a: Swampert
|-sidestart|p2: corvid_queen|Spikes
|move|p2a: Swampert|Surf|p1a: Skarmory
|-damage|p1a: Skarmory|39/100
|
|-weather|Sandstorm|[upkeep]
|-heal|p1a: Skarmory|45/100|[from] item: Leftovers
|-heal|p2a: Swampert|63/100|[from] item: Leftovers
|upkeep
|turn|40
|
|t:|1728010369
|move|p1a: Skarmory|Protect|p1a: Skarmory
|-singleturn|p1a: Skarmory|Protect
|move|p2a: Swampert|Surf|p1a: Skarmory
|-activate|p1a: Skarmory|Protect
|
|-weather|Sandstorm|[upkeep]
|-heal|p1a: Skarmory|51/100|[from] item: Leftovers
|-heal|p2a: Swampert|70/100|[from] item: Leftovers
|upkeep
|turn|41
|
|t:|1728010373
|move|p2a: Swampert|Surf|p1a: Skarmory
|-damage|p1a: Skarmory|16/100
|move|p1a: Skarmory|Roar|p2a: Swampert
|drag|p2a: Tyranitar|Tyranitar, F|57/100 brn
|-damage|p2a: Tyranitar|32/100 brn|[from] Spikes
|
|-weather|Sandstorm|[upkeep]
|-heal|p1a: Skarmory|22/100|[from] item: Leftovers
|-heal|p2a: Tyranitar|38/100 brn|[from] item: Leftovers
|-damage|p2a: Tyranitar|26/100 brn|[from] brn
|upkeep
|turn|42
|inactive|corvid_queen has 180 seconds left.
|
|t:|1728010408
|move|p1a: Skarmory|Protect|p1a: Skarmory
|-singleturn|p1a: Skarmory|Protect
|move|p2a: Tyranitar|Dragon Dance|p2a: Tyranitar
|-boost|p2a: Tyranitar|atk|1
|-boost|p2a: Tyranitar|spe|1
|
|-weather|Sandstorm|[upkeep]
|-heal|p2a: Tyranitar|32/100 brn|[from] item: Leftovers
|-damage|p2a: Tyranitar|20/100 brn|[from] brn
|-heal|p1a: Skarmory|28/100|[from] item: Leftovers
|upkeep
|turn|43
|
|t:|1728010414
|-singleturn|p2a: Tyranitar|move: Focus Punch
|move|p2a: Tyranitar|Focus Punch|p1a: Skarmory
|-damage|p1a: Skarmory|0 fnt
|faint|p1a: Skarmory
|c|+ALlCE|beef jump
|
|t:|1728010427
|switch|p1a: Flygon|Flygon, M|77/100
|
|-weather|Sandstorm|[upkeep]
|-heal|p2a: Tyranitar|26/100 brn|[from] item: Leftovers
|-damage|p2a: Tyranitar|14/100 brn|[from] brn
|-heal|p1a: Flygon|83/100|[from] item: Leftovers
|upkeep
|turn|44
|c|+violet river|landed
|c|+violet river|1.5 hunger bars secured
|inactive|corvid_queen has 180 seconds left.
|c|+ALlCE|with a 360
|c|+ALlCE|good god
|
|t:|1728010442
|move|p2a: Tyranitar|Rock Slide|p1a: Flygon
|-resisted|p1a: Flygon
|-damage|p1a: Flygon|69/100
|cant|p1a: Flygon|flinch
|
|-weather|Sandstorm|[upkeep]
|-heal|p2a: Tyranitar|20/100 brn|[from] item: Leftovers
|-damage|p2a: Tyranitar|7/100 brn|[from] brn
|-heal|p1a: Flygon|76/100|[from] item: Leftovers
|upkeep
|turn|45
|inactive|hitmonYEE has 150 seconds left.
|
|t:|1728010478
|move|p1a: Flygon|Protect|p1a: Flygon
|-singleturn|p1a: Flygon|Protect
|move|p2a: Tyranitar|Rock Slide|p1a: Flygon
|-activate|p1a: Flygon|Protect
|
|-weather|Sandstorm|[upkeep]
|-heal|p2a: Tyranitar|14/100 brn|[from] item: Leftovers
|-damage|p2a: Tyranitar|1/100 brn|[from] brn
|-heal|p1a: Flygon|82/100|[from] item: Leftovers
|upkeep
|turn|46
|c|☆hitmonYEE|i fucking misclicked
|c|☆hitmonYEE|the slide
|
|t:|1728010489
|move|p2a: Tyranitar|Rock Slide|p1a: Flygon
|-resisted|p1a: Flygon
|-damage|p1a: Flygon|68/100
|move|p1a: Flygon|Earthquake|p2a: Tyranitar
|-supereffective|p2a: Tyranitar
|-damage|p2a: Tyranitar|0 fnt
|faint|p2a: Tyranitar
|c|☆hitmonYEE|I meant to eq that turn
|c|☆corvid_queen|oh thats rough
|inactive|corvid_queen has 180 seconds left.
|
|t:|1728010515
|switch|p2a: Swampert|Swampert, M|70/100
|-damage|p2a: Swampert|45/100|[from] Spikes
|
|-weather|Sandstorm|[upkeep]
|-heal|p1a: Flygon|74/100|[from] item: Leftovers
|-heal|p2a: Swampert|51/100|[from] item: Leftovers
|upkeep
|turn|47
|
|t:|1728010523
|move|p1a: Flygon|Protect|p1a: Flygon
|-singleturn|p1a: Flygon|Protect
|move|p2a: Swampert|Ice Beam|p1a: Flygon
|-activate|p1a: Flygon|Protect
|
|-weather|Sandstorm|[upkeep]
|-heal|p1a: Flygon|80/100|[from] item: Leftovers
|-heal|p2a: Swampert|57/100|[from] item: Leftovers
|upkeep
|turn|48
|inactive|hitmonYEE has 150 seconds left.
|
|t:|1728010555
|move|p1a: Flygon|Rock Slide|p2a: Swampert
|-resisted|p2a: Swampert
|-damage|p2a: Swampert|50/100
|cant|p2a: Swampert|flinch
|
|-weather|Sandstorm|[upkeep]
|-heal|p1a: Flygon|86/100|[from] item: Leftovers
|-heal|p2a: Swampert|56/100|[from] item: Leftovers
|upkeep
|turn|49
|
|t:|1728010570
|move|p1a: Flygon|Protect|p1a: Flygon
|-singleturn|p1a: Flygon|Protect
|move|p2a: Swampert|Ice Beam|p1a: Flygon
|-activate|p1a: Flygon|Protect
|
|-weather|Sandstorm|[upkeep]
|-heal|p1a: Flygon|92/100|[from] item: Leftovers
|-heal|p2a: Swampert|63/100|[from] item: Leftovers
|upkeep
|turn|50
|
|t:|1728010583
|move|p1a: Flygon|Toxic|p2a: Swampert
|-status|p2a: Swampert|tox
|move|p2a: Swampert|Ice Beam|p1a: Flygon
|-supereffective|p1a: Flygon
|-damage|p1a: Flygon|0 fnt
|faint|p1a: Flygon
|c|☆hitmonYEE|that killed?
|inactive|hitmonYEE has 120 seconds left.
|c|☆corvid_queen|yeah
|c|☆hitmonYEE|damn my calc lied to me
|c|☆hitmonYEE|lmao
|c|+ALlCE|yes that's x4 effective
|
|t:|1728010597
|switch|p1a: Blissey|Blissey, F|38/100
|-damage|p1a: Blissey|14/100|[from] Spikes
|
|-weather|Sandstorm|[upkeep]
|-damage|p1a: Blissey|7/100|[from] Sandstorm
|-heal|p2a: Swampert|69/100 tox|[from] item: Leftovers
|-damage|p2a: Swampert|63/100 tox|[from] psn
|-heal|p1a: Blissey|14/100|[from] item: Leftovers
|upkeep
|turn|51
|c|+ALlCE|:(
|c|+violet river|its got a lot of special attack
|c|+violet river|on that pertinator
|c|☆hitmonYEE|I threw in the skarm ttar duel tbh
|inactive|hitmonYEE has 120 seconds left.
|c|☆hitmonYEE|I prob had it if I didnt screw that up
|
|t:|1728010617
|move|p2a: Swampert|Surf|p1a: Blissey
|-crit|p1a: Blissey
|-damage|p1a: Blissey|0 fnt
|faint|p1a: Blissey
|
|win|corvid_queen
|c|☆corvid_queen|gg
|c|☆hitmonYEE|ah the crit
|c|☆hitmonYEE|pain
|c|☆hitmonYEE|gg
|c|☆hitmonYEE|wp
|c|+ALlCE|lucky as fuck

</script>
<script type="application/json" class="data" id="replaydata-smogtours-gen3ou-794490">
{"id":"smogtours-gen3ou-794490","format":"[Gen 3] OU","players":["hitmonYEE","corvid_queen"],"uploadtime":1728010617,"views":117,"formatid":"gen3ou","rating":null,"private":0,"password":null}
</script>

<script defer src="js/replays.js?9d40a366"></script>
