<!DOCTYPE html>
<meta charset="utf-8" />
<meta name="viewport" content="width=device-width" />

<title>[Gen 3] OU: KeshBa45 vs. Lemon LC - Replays - Pok&eacute;mon Showdown!</title>

<meta name="description" content="Watch a replay of a Pok&eacute;mon battle between KeshBa45 and Lemon LC! Format: [Gen 3] OU; Date: Oct 20, 2024" />
<!--

Hey, you! Looking in the source for the replay log?

You can find them in JSON format, just add `.json` at the end of a replay URL.

https://replay.pokemonshowdown.com/gen7randomdoublesbattle-865046831.json

Or, if you only need the log itself, add `.log` instead:

https://replay.pokemonshowdown.com/gen7randomdoublesbattle-865046831.log

-->

<link rel="stylesheet" href="//pokemonshowdown.com/style/global.css?0.023195364461161105" />
<link rel="stylesheet" href="//play.pokemonshowdown.com/style/font-awesome.css?0.13261647063804238" />
<link rel="stylesheet" href="//play.pokemonshowdown.com/style/battle.css?0.8753245789963631" />
<link rel="stylesheet" href="//play.pokemonshowdown.com/style/utilichart.css?0.8627959624976733" />

<!-- Global site tag (gtag.js) - Google Analytics -->
<script async src="https://www.googletagmanager.com/gtag/js?id=UA-26211653-1"></script>
<script>
  window.dataLayer = window.dataLayer || [];
  function gtag(){dataLayer.push(arguments);}
  gtag('js', new Date());

  gtag('config', 'UA-26211653-1');
</script>
<!-- End Google Analytics -->
<!-- Venatus Ad Manager - Install in <HEAD> of page -->
	<script src="https://hb.vntsm.com/v3/live/ad-manager.min.js" type="text/javascript" data-site-id="642aba63ec9a7b11c3c9c1be" data-mode="scan" async></script>
<!-- / Venatus Ad Manager -->

<style>
	@media (max-width:820px) {
		.battle {
			margin: 0 auto;
		}
		.battle-log {
			margin: 7px auto 0;
			max-width: 640px;
			height: 300px;
			position: static;
		}
	}
	.optgroup {
		display: inline-block;
		line-height: 22px;
		font-size: 10pt;
	}
	.optgroup .button {
		height: 25px;
		padding-top: 0;
		padding-bottom: 0;
	}
	.optgroup button.button {
		padding-left: 12px;
		padding-right: 12px;
	}
	.linklist {
		list-style: none;
		margin: 0.5em 0;
		padding: 0;
	}
	.linklist li {
		padding: 2px 0;
	}
	.sidebar {
		float: left;
		width: 320px;
	}
	.bar-wrapper {
		max-width: 1100px;
		margin: 0 auto;
	}
	.bar-wrapper.has-sidebar {
		max-width: 1430px;
	}
	.mainbar {
		margin: 0;
		padding-right: 1px;
	}
	.mainbar.has-sidebar {
		margin-left: 330px;
	}
	@media (min-width: 1511px) {
		.sidebar {
			width: 400px;
		}
		.bar-wrapper.has-sidebar {
			max-width: 1510px;
		}
		.mainbar.has-sidebar {
			margin-left: 410px;
		}
	}
	.section.first-section {
		margin-top: 9px;
	}
	.blocklink small {
		white-space: normal;
	}
	.button {
		vertical-align: middle;
	}
	.replay-controls {
		padding-top: 10px;
	}
	.replay-controls h1 {
		font-size: 16pt;
		font-weight: normal;
		color: #CCC;
	}
	.pagelink {
		text-align: center;
	}
	.pagelink a {
		width: 150px;
	}
	.textbox, .button {
		font-size: 11pt;
		vertical-align: middle;
	}
	@media (max-width: 450px) {
		.button {
			font-size: 9pt;
		}
	}
</style>

<div>

	<header>
		<div class="nav-wrapper"><ul class="nav">
			<li><a class="button nav-first" href="//pokemonshowdown.com/"><img src="//pokemonshowdown.com/images/pokemonshowdownbeta.png" srcset="//pokemonshowdown.com/images/pokemonshowdownbeta.png 1x, //pokemonshowdown.com/images/pokemonshowdownbeta@2x.png 2x" alt="Pok&eacute;mon Showdown" width="146" height="44" /> Home</a></li>
			<li><a class="button" href="//pokemonshowdown.com/dex/">Pok&eacute;dex</a></li>
			<li><a class="button cur" href="/">Replays</a></li>
			<li><a class="button" href="//pokemonshowdown.com/ladder/">Ladder</a></li>
			<li><a class="button nav-last" href="//pokemonshowdown.com/forums/">Forum</a></li>
			<li><a class="button greenbutton nav-first nav-last" href="//play.pokemonshowdown.com/">Play</a></li>
		</ul></div>
	</header>

	<div class="main" id="main">

		<noscript><section class="section">You need to enable JavaScript to use this page; sorry!</section></noscript>

	</div>

</div>

<script defer nomodule src="//play.pokemonshowdown.com/js/lib/ps-polyfill.js"></script>
<script defer src="//play.pokemonshowdown.com/js/lib/preact.min.js"></script>

<script defer src="//play.pokemonshowdown.com/config/config.js?2bddbc15"></script>
<script defer src="//play.pokemonshowdown.com/js/lib/jquery-1.11.0.min.js"></script>
<script defer src="//play.pokemonshowdown.com/js/lib/html-sanitizer-minified.js"></script>
<script defer src="//play.pokemonshowdown.com/js/battle-sound.js"></script>
<script defer src="//play.pokemonshowdown.com/js/battledata.js?0.7209276989879541"></script>
<script defer src="//play.pokemonshowdown.com/data/pokedex-mini.js?0.6111056340867951"></script>
<script defer src="//play.pokemonshowdown.com/data/pokedex-mini-bw.js?0.3532142036491459"></script>
<script defer src="//play.pokemonshowdown.com/data/graphics.js?0.24223875632456182"></script>
<script defer src="//play.pokemonshowdown.com/data/pokedex.js?0.38839984266356864"></script>
<script defer src="//play.pokemonshowdown.com/data/moves.js?0.21866028504024015"></script>
<script defer src="//play.pokemonshowdown.com/data/abilities.js?0.2005157953846628"></script>
<script defer src="//play.pokemonshowdown.com/data/items.js?0.9894211263848525"></script>
<script defer src="//play.pokemonshowdown.com/data/teambuilder-tables.js?0.6008791140282215"></script>
<script defer src="//play.pokemonshowdown.com/js/battle-tooltips.js?0.7580118955022959"></script>
<script defer src="//play.pokemonshowdown.com/js/battle.js?0.6057722274234274"></script>

<script defer src="js/utils.js?e31f9a17"></script>
<script defer src="js/replays-battle.js?7008c182"></script>

<!-- don't scrape this data! just add .json or .log after the URL!
Full API docs: https://github.com/smogon/pokemon-showdown-client/blob/master/WEB-API.md -->
<script type="text/plain" class="log" id="replaylog-smogtours-gen3ou-800595">
|inactive|Battle timer is ON: inactive players will automatically lose when time's up.
|t:|1729445256
|gametype|singles
|player|p1|KeshBa45|#wcop2024africa2|
|player|p2|Lemon LC|266|
|teamsize|p1|6
|teamsize|p2|6
|gen|3
|tier|[Gen 3] OU
|rule|Sleep Clause Mod: Limit one foe put to sleep
|rule|Switch Priority Clause Mod: Faster Pokémon switch first
|rule|Species Clause: Limit one of each Pokémon
|rule|OHKO Clause: OHKO moves are banned
|rule|Evasion Items Clause: Evasion items are banned
|rule|Evasion Moves Clause: Evasion moves are banned
|rule|Endless Battle Clause: Forcing endless battles is banned
|rule|HP Percentage Mod: HP is shown in percentages
|rule|One Boost Passer Clause: Limit one Baton Passer that has a way to boost its stats
|rule|Freeze Clause Mod: Limit one foe frozen
|
|t:|1729445256
|start
|switch|p1a: Zapdos|Zapdos|100/100
|switch|p2a: Harry Souttar|Swampert, M|100/100
|turn|1
|
|t:|1729445267
|move|p2a: Harry Souttar|Protect|p2a: Harry Souttar
|-singleturn|p2a: Harry Souttar|Protect
|move|p1a: Zapdos|Baton Pass|p1a: Zapdos
|
|t:|1729445270
|switch|p1a: Celebi|Celebi|100/100|[from] Baton Pass
|
|upkeep
|turn|2
|
|t:|1729445276
|switch|p2a: Gustavo Hamer|Skarmory, M|100/100
|move|p1a: Celebi|Leech Seed|p2a: Gustavo Hamer|[miss]
|-miss|p1a: Celebi|p2a: Gustavo Hamer
|
|upkeep
|turn|3
|
|t:|1729445281
|move|p1a: Celebi|Leech Seed|p2a: Gustavo Hamer
|-start|p2a: Gustavo Hamer|move: Leech Seed
|move|p2a: Gustavo Hamer|Spikes|p1a: Celebi
|-sidestart|p1: KeshBa45|Spikes
|
|-damage|p2a: Gustavo Hamer|88/100|[from] Leech Seed|[of] p1a: Celebi
|upkeep
|turn|4
|
|t:|1729445286
|move|p1a: Celebi|Psychic|p2a: Gustavo Hamer
|-resisted|p2a: Gustavo Hamer
|-damage|p2a: Gustavo Hamer|74/100
|move|p2a: Gustavo Hamer|Spikes|p1a: Celebi
|-sidestart|p1: KeshBa45|Spikes
|
|-heal|p2a: Gustavo Hamer|80/100|[from] item: Leftovers
|-damage|p2a: Gustavo Hamer|68/100|[from] Leech Seed|[of] p1a: Celebi
|upkeep
|turn|5
|
|t:|1729445291
|move|p1a: Celebi|Baton Pass|p1a: Celebi
|
|t:|1729445293
|switch|p1a: Starmie|Starmie|100/100|[from] Baton Pass
|-damage|p1a: Starmie|84/100|[from] Spikes
|move|p2a: Gustavo Hamer|Spikes|p1a: Starmie
|-sidestart|p1: KeshBa45|Spikes
|
|-heal|p1a: Starmie|90/100|[from] item: Leftovers
|-heal|p2a: Gustavo Hamer|74/100|[from] item: Leftovers
|-damage|p2a: Gustavo Hamer|61/100|[from] Leech Seed|[of] p1a: Starmie
|-heal|p1a: Starmie|100/100|[silent]
|upkeep
|turn|6
|
|t:|1729445298
|switch|p2a: Michael Cooper|Blissey, F|100/100
|move|p1a: Starmie|Hydro Pump|p2a: Michael Cooper
|-damage|p2a: Michael Cooper|78/100
|
|-heal|p2a: Michael Cooper|84/100|[from] item: Leftovers
|upkeep
|turn|7
|
|t:|1729445305
|move|p1a: Starmie|Rapid Spin|p2a: Michael Cooper
|-damage|p2a: Michael Cooper|82/100
|-sideend|p1: KeshBa45|Spikes|[from] move: Rapid Spin|[of] p1a: Starmie
|move|p2a: Michael Cooper|Thunderbolt|p1a: Starmie
|-supereffective|p1a: Starmie
|-damage|p1a: Starmie|27/100
|
|-heal|p1a: Starmie|33/100|[from] item: Leftovers
|-heal|p2a: Michael Cooper|88/100|[from] item: Leftovers
|upkeep
|turn|8
|
|t:|1729445312
|switch|p1a: Tyranitar|Tyranitar, F|100/100
|-weather|Sandstorm|[from] ability: Sand Stream|[of] p1a: Tyranitar
|move|p2a: Michael Cooper|Thunderbolt|p1a: Tyranitar
|-damage|p1a: Tyranitar|81/100
|
|-weather|Sandstorm|[upkeep]
|-damage|p2a: Michael Cooper|82/100|[from] Sandstorm
|-heal|p1a: Tyranitar|87/100|[from] item: Leftovers
|-heal|p2a: Michael Cooper|88/100|[from] item: Leftovers
|upkeep
|turn|9
|
|t:|1729445322
|-singleturn|p1a: Tyranitar|move: Focus Punch
|switch|p2a: Harry Souttar|Swampert, M|100/100
|move|p1a: Tyranitar|Focus Punch|p2a: Harry Souttar
|-damage|p2a: Harry Souttar|59/100
|
|-weather|Sandstorm|[upkeep]
|-heal|p2a: Harry Souttar|65/100|[from] item: Leftovers
|-heal|p1a: Tyranitar|93/100|[from] item: Leftovers
|upkeep
|turn|10
|
|t:|1729445338
|switch|p1a: Celebi|Celebi|100/100
|move|p2a: Harry Souttar|Toxic|p1a: Celebi
|-status|p1a: Celebi|tox
|
|-weather|Sandstorm|[upkeep]
|-damage|p1a: Celebi|94/100 tox|[from] Sandstorm
|-heal|p1a: Celebi|100/100 tox|[from] item: Leftovers
|-damage|p1a: Celebi|94/100 tox|[from] psn
|-heal|p2a: Harry Souttar|71/100|[from] item: Leftovers
|upkeep
|turn|11
|
|t:|1729445343
|move|p2a: Harry Souttar|Protect|p2a: Harry Souttar
|-singleturn|p2a: Harry Souttar|Protect
|move|p1a: Celebi|Baton Pass|p1a: Celebi
|
|t:|1729445346
|-curestatus|p1a: Celebi|tox|[from] ability: Natural Cure
|switch|p1a: Zapdos|Zapdos|100/100|[from] Baton Pass
|
|-weather|Sandstorm|[upkeep]
|-damage|p1a: Zapdos|94/100|[from] Sandstorm
|-heal|p1a: Zapdos|100/100|[from] item: Leftovers
|-heal|p2a: Harry Souttar|77/100|[from] item: Leftovers
|upkeep
|turn|12
|
|t:|1729445351
|switch|p2a: Michael Cooper|Blissey, F|88/100
|move|p1a: Zapdos|Hidden Power|p2a: Michael Cooper
|-damage|p2a: Michael Cooper|78/100
|
|-weather|Sandstorm|[upkeep]
|-damage|p1a: Zapdos|94/100|[from] Sandstorm
|-damage|p2a: Michael Cooper|71/100|[from] Sandstorm
|-heal|p1a: Zapdos|100/100|[from] item: Leftovers
|-heal|p2a: Michael Cooper|78/100|[from] item: Leftovers
|upkeep
|turn|13
|
|t:|1729445360
|move|p1a: Zapdos|Thunderbolt|p2a: Michael Cooper
|-damage|p2a: Michael Cooper|56/100
|move|p2a: Michael Cooper|Ice Beam|p1a: Zapdos
|-supereffective|p1a: Zapdos
|-damage|p1a: Zapdos|44/100
|
|-weather|Sandstorm|[upkeep]
|-damage|p1a: Zapdos|37/100|[from] Sandstorm
|-damage|p2a: Michael Cooper|50/100|[from] Sandstorm
|-heal|p1a: Zapdos|44/100|[from] item: Leftovers
|-heal|p2a: Michael Cooper|56/100|[from] item: Leftovers
|upkeep
|turn|14
|
|t:|1729445365
|move|p1a: Zapdos|Baton Pass|p1a: Zapdos
|
|t:|1729445367
|switch|p1a: Dugtrio|Dugtrio, M|100/100|[from] Baton Pass
|move|p2a: Michael Cooper|Soft-Boiled|p2a: Michael Cooper
|-heal|p2a: Michael Cooper|100/100
|
|-weather|Sandstorm|[upkeep]
|-damage|p2a: Michael Cooper|94/100|[from] Sandstorm
|-heal|p2a: Michael Cooper|100/100|[from] item: Leftovers
|upkeep
|turn|15
|
|t:|1729445371
|move|p1a: Dugtrio|Beat Up|p2a: Michael Cooper
|-damage|p2a: Michael Cooper|91/100
|-damage|p2a: Michael Cooper|80/100
|-damage|p2a: Michael Cooper|66/100
|-damage|p2a: Michael Cooper|54/100
|-damage|p2a: Michael Cooper|44/100
|-damage|p2a: Michael Cooper|29/100
|-hitcount|p2a: Michael Cooper|6
|move|p2a: Michael Cooper|Ice Beam|p1a: Dugtrio
|-supereffective|p1a: Dugtrio
|-damage|p1a: Dugtrio|1/100
|
|-weather|Sandstorm|[upkeep]
|-damage|p2a: Michael Cooper|23/100|[from] Sandstorm
|-heal|p2a: Michael Cooper|29/100|[from] item: Leftovers
|upkeep
|turn|16
|
|t:|1729445383
|move|p1a: Dugtrio|Beat Up|p2a: Michael Cooper
|-damage|p2a: Michael Cooper|19/100
|-damage|p2a: Michael Cooper|8/100
|-damage|p2a: Michael Cooper|0 fnt
|-hitcount|p2a: Michael Cooper|3
|faint|p2a: Michael Cooper
|
|t:|1729445402
|switch|p2a: Rhian Brewster|Dugtrio, M|100/100
|
|-weather|Sandstorm|[upkeep]
|upkeep
|turn|17
|
|t:|1729445405
|move|p2a: Rhian Brewster|Earthquake|p1a: Dugtrio
|-damage|p1a: Dugtrio|0 fnt
|faint|p1a: Dugtrio
|
|t:|1729445408
|switch|p1a: Zapdos|Zapdos|44/100
|
|-weather|Sandstorm|[upkeep]
|-damage|p1a: Zapdos|37/100|[from] Sandstorm
|-heal|p1a: Zapdos|44/100|[from] item: Leftovers
|upkeep
|turn|18
|
|t:|1729445414
|switch|p2a: Ollie Arblaster|Celebi|100/100
|move|p1a: Zapdos|Hidden Power|p2a: Ollie Arblaster
|-resisted|p2a: Ollie Arblaster
|-damage|p2a: Ollie Arblaster|90/100
|
|-weather|Sandstorm|[upkeep]
|-damage|p1a: Zapdos|37/100|[from] Sandstorm
|-damage|p2a: Ollie Arblaster|84/100|[from] Sandstorm
|-heal|p1a: Zapdos|44/100|[from] item: Leftovers
|-heal|p2a: Ollie Arblaster|90/100|[from] item: Leftovers
|upkeep
|turn|19
|
|t:|1729445419
|move|p1a: Zapdos|Baton Pass|p1a: Zapdos
|
|t:|1729445420
|switch|p1a: Tyranitar|Tyranitar, F|93/100|[from] Baton Pass
|move|p2a: Ollie Arblaster|Leech Seed|p1a: Tyranitar
|-start|p1a: Tyranitar|move: Leech Seed
|
|-weather|Sandstorm|[upkeep]
|-damage|p2a: Ollie Arblaster|84/100|[from] Sandstorm
|-heal|p2a: Ollie Arblaster|90/100|[from] item: Leftovers
|-heal|p1a: Tyranitar|99/100|[from] item: Leftovers
|-damage|p1a: Tyranitar|87/100|[from] Leech Seed|[of] p2a: Ollie Arblaster
|-heal|p2a: Ollie Arblaster|100/100|[silent]
|upkeep
|turn|20
|
|t:|1729445433
|-singleturn|p1a: Tyranitar|move: Focus Punch
|move|p2a: Ollie Arblaster|Baton Pass|p2a: Ollie Arblaster
|
|t:|1729445441
|switch|p2a: Jesuran Rak-Sakyi|Starmie|100/100|[from] Baton Pass
|move|p1a: Tyranitar|Focus Punch|p2a: Jesuran Rak-Sakyi
|-resisted|p2a: Jesuran Rak-Sakyi
|-crit|p2a: Jesuran Rak-Sakyi
|-damage|p2a: Jesuran Rak-Sakyi|36/100
|
|-weather|Sandstorm|[upkeep]
|-damage|p2a: Jesuran Rak-Sakyi|30/100|[from] Sandstorm
|-heal|p2a: Jesuran Rak-Sakyi|36/100|[from] item: Leftovers
|-heal|p1a: Tyranitar|93/100|[from] item: Leftovers
|-damage|p1a: Tyranitar|81/100|[from] Leech Seed|[of] p2a: Jesuran Rak-Sakyi
|-heal|p2a: Jesuran Rak-Sakyi|51/100|[silent]
|upkeep
|turn|21
|
|t:|1729445447
|switch|p1a: Celebi|Celebi|94/100
|move|p2a: Jesuran Rak-Sakyi|Recover|p2a: Jesuran Rak-Sakyi
|-heal|p2a: Jesuran Rak-Sakyi|100/100
|
|-weather|Sandstorm|[upkeep]
|-damage|p2a: Jesuran Rak-Sakyi|94/100|[from] Sandstorm
|-damage|p1a: Celebi|88/100|[from] Sandstorm
|-heal|p2a: Jesuran Rak-Sakyi|100/100|[from] item: Leftovers
|-heal|p1a: Celebi|94/100|[from] item: Leftovers
|upkeep
|turn|22
|
|t:|1729445453
|switch|p2a: Ollie Arblaster|Celebi|100/100
|move|p1a: Celebi|Leech Seed|p2a: Ollie Arblaster
|-immune|p2a: Ollie Arblaster
|
|-weather|Sandstorm|[upkeep]
|-damage|p2a: Ollie Arblaster|94/100|[from] Sandstorm
|-damage|p1a: Celebi|88/100|[from] Sandstorm
|-heal|p2a: Ollie Arblaster|100/100|[from] item: Leftovers
|-heal|p1a: Celebi|94/100|[from] item: Leftovers
|upkeep
|turn|23
|
|t:|1729445457
|move|p2a: Ollie Arblaster|Hidden Power|p1a: Celebi
|-supereffective|p1a: Celebi
|-damage|p1a: Celebi|70/100
|move|p1a: Celebi|Baton Pass|p1a: Celebi
|
|t:|1729445460
|switch|p1a: Tyranitar|Tyranitar, F|81/100|[from] Baton Pass
|
|-weather|Sandstorm|[upkeep]
|-damage|p2a: Ollie Arblaster|94/100|[from] Sandstorm
|-heal|p2a: Ollie Arblaster|100/100|[from] item: Leftovers
|-heal|p1a: Tyranitar|87/100|[from] item: Leftovers
|upkeep
|turn|24
|
|t:|1729445469
|switch|p2a: Harry Souttar|Swampert, M|77/100
|move|p1a: Tyranitar|Hidden Power|p2a: Harry Souttar
|-damage|p2a: Harry Souttar|57/100
|
|-weather|Sandstorm|[upkeep]
|-heal|p2a: Harry Souttar|63/100|[from] item: Leftovers
|-heal|p1a: Tyranitar|93/100|[from] item: Leftovers
|upkeep
|turn|25
|
|t:|1729445477
|-singleturn|p1a: Tyranitar|move: Focus Punch
|switch|p2a: Gustavo Hamer|Skarmory, M|61/100
|move|p1a: Tyranitar|Focus Punch|p2a: Gustavo Hamer
|-damage|p2a: Gustavo Hamer|16/100
|
|-weather|Sandstorm|[upkeep]
|-heal|p2a: Gustavo Hamer|22/100|[from] item: Leftovers
|-heal|p1a: Tyranitar|99/100|[from] item: Leftovers
|upkeep
|turn|26
|
|t:|1729445489
|-singleturn|p1a: Tyranitar|move: Focus Punch
|move|p2a: Gustavo Hamer|Protect|p2a: Gustavo Hamer
|-singleturn|p2a: Gustavo Hamer|Protect
|move|p1a: Tyranitar|Focus Punch|p2a: Gustavo Hamer
|-activate|p2a: Gustavo Hamer|Protect
|
|-weather|Sandstorm|[upkeep]
|-heal|p2a: Gustavo Hamer|28/100|[from] item: Leftovers
|-heal|p1a: Tyranitar|100/100|[from] item: Leftovers
|upkeep
|turn|27
|
|t:|1729445500
|-singleturn|p1a: Tyranitar|move: Focus Punch
|switch|p2a: Jesuran Rak-Sakyi|Starmie|100/100
|move|p1a: Tyranitar|Focus Punch|p2a: Jesuran Rak-Sakyi
|-resisted|p2a: Jesuran Rak-Sakyi
|-crit|p2a: Jesuran Rak-Sakyi
|-damage|p2a: Jesuran Rak-Sakyi|35/100
|
|-weather|Sandstorm|[upkeep]
|-damage|p2a: Jesuran Rak-Sakyi|29/100|[from] Sandstorm
|-heal|p2a: Jesuran Rak-Sakyi|35/100|[from] item: Leftovers
|upkeep
|turn|28
|
|t:|1729445509
|switch|p1a: Celebi|Celebi|70/100
|move|p2a: Jesuran Rak-Sakyi|Recover|p2a: Jesuran Rak-Sakyi
|-heal|p2a: Jesuran Rak-Sakyi|85/100
|
|-weather|Sandstorm|[upkeep]
|-damage|p2a: Jesuran Rak-Sakyi|79/100|[from] Sandstorm
|-damage|p1a: Celebi|64/100|[from] Sandstorm
|-heal|p2a: Jesuran Rak-Sakyi|85/100|[from] item: Leftovers
|-heal|p1a: Celebi|70/100|[from] item: Leftovers
|upkeep
|turn|29
|
|t:|1729445515
|switch|p2a: Ollie Arblaster|Celebi|100/100
|move|p1a: Celebi|Baton Pass|p1a: Celebi
|
|t:|1729445517
|switch|p1a: Tyranitar|Tyranitar, F|100/100|[from] Baton Pass
|
|-weather|Sandstorm|[upkeep]
|-damage|p2a: Ollie Arblaster|94/100|[from] Sandstorm
|-heal|p2a: Ollie Arblaster|100/100|[from] item: Leftovers
|upkeep
|turn|30
|
|t:|1729445528
|move|p2a: Ollie Arblaster|Leech Seed|p1a: Tyranitar
|-start|p1a: Tyranitar|move: Leech Seed
|move|p1a: Tyranitar|Hidden Power|p2a: Ollie Arblaster
|-supereffective|p2a: Ollie Arblaster
|-damage|p2a: Ollie Arblaster|24/100
|
|-weather|Sandstorm|[upkeep]
|-damage|p2a: Ollie Arblaster|17/100|[from] Sandstorm
|-heal|p2a: Ollie Arblaster|24/100|[from] item: Leftovers
|-damage|p1a: Tyranitar|88/100|[from] Leech Seed|[of] p2a: Ollie Arblaster
|-heal|p2a: Ollie Arblaster|36/100|[silent]
|upkeep
|turn|31
|
|t:|1729445547
|switch|p1a: Zapdos|Zapdos|44/100
|move|p2a: Ollie Arblaster|Recover|p2a: Ollie Arblaster
|-heal|p2a: Ollie Arblaster|86/100
|
|-weather|Sandstorm|[upkeep]
|-damage|p1a: Zapdos|37/100|[from] Sandstorm
|-damage|p2a: Ollie Arblaster|80/100|[from] Sandstorm
|-heal|p1a: Zapdos|44/100|[from] item: Leftovers
|-heal|p2a: Ollie Arblaster|86/100|[from] item: Leftovers
|upkeep
|turn|32
|
|t:|1729445552
|switch|p1a: Celebi|Celebi|70/100
|move|p2a: Ollie Arblaster|Leech Seed|p1a: Celebi
|-immune|p1a: Celebi
|
|-weather|Sandstorm|[upkeep]
|-damage|p2a: Ollie Arblaster|80/100|[from] Sandstorm
|-damage|p1a: Celebi|64/100|[from] Sandstorm
|-heal|p2a: Ollie Arblaster|86/100|[from] item: Leftovers
|-heal|p1a: Celebi|70/100|[from] item: Leftovers
|upkeep
|turn|33
|
|t:|1729445558
|move|p2a: Ollie Arblaster|Hidden Power|p1a: Celebi
|-supereffective|p1a: Celebi
|-damage|p1a: Celebi|48/100
|move|p1a: Celebi|Baton Pass|p1a: Celebi
|
|t:|1729445560
|switch|p1a: Tyranitar|Tyranitar, F|88/100|[from] Baton Pass
|
|-weather|Sandstorm|[upkeep]
|-damage|p2a: Ollie Arblaster|80/100|[from] Sandstorm
|-heal|p2a: Ollie Arblaster|86/100|[from] item: Leftovers
|-heal|p1a: Tyranitar|94/100|[from] item: Leftovers
|upkeep
|turn|34
|
|t:|1729445565
|move|p2a: Ollie Arblaster|Leech Seed|p1a: Tyranitar
|-start|p1a: Tyranitar|move: Leech Seed
|move|p1a: Tyranitar|Hidden Power|p2a: Ollie Arblaster
|-supereffective|p2a: Ollie Arblaster
|-crit|p2a: Ollie Arblaster
|-damage|p2a: Ollie Arblaster|0 fnt
|faint|p2a: Ollie Arblaster
|
|t:|1729445572
|switch|p2a: Rhian Brewster|Dugtrio, M|100/100
|
|-weather|Sandstorm|[upkeep]
|-heal|p1a: Tyranitar|100/100|[from] item: Leftovers
|-damage|p1a: Tyranitar|88/100|[from] Leech Seed|[of] p2a: Rhian Brewster
|upkeep
|turn|35
|
|t:|1729445574
|move|p2a: Rhian Brewster|Substitute|p2a: Rhian Brewster
|-start|p2a: Rhian Brewster|Substitute
|-damage|p2a: Rhian Brewster|75/100
|move|p1a: Tyranitar|Earthquake|p2a: Rhian Brewster
|-end|p2a: Rhian Brewster|Substitute
|
|-weather|Sandstorm|[upkeep]
|-heal|p2a: Rhian Brewster|82/100|[from] item: Leftovers
|-heal|p1a: Tyranitar|94/100|[from] item: Leftovers
|-damage|p1a: Tyranitar|82/100|[from] Leech Seed|[of] p2a: Rhian Brewster
|-heal|p2a: Rhian Brewster|100/100|[silent]
|upkeep
|turn|36
|
|t:|1729445580
|move|p2a: Rhian Brewster|Protect|p2a: Rhian Brewster
|-singleturn|p2a: Rhian Brewster|Protect
|move|p1a: Tyranitar|Earthquake|p2a: Rhian Brewster
|-activate|p2a: Rhian Brewster|Protect
|
|-weather|Sandstorm|[upkeep]
|-heal|p1a: Tyranitar|88/100|[from] item: Leftovers
|-damage|p1a: Tyranitar|76/100|[from] Leech Seed|[of] p2a: Rhian Brewster
|upkeep
|turn|37
|
|t:|1729445582
|move|p2a: Rhian Brewster|Substitute|p2a: Rhian Brewster
|-start|p2a: Rhian Brewster|Substitute
|-damage|p2a: Rhian Brewster|75/100
|move|p1a: Tyranitar|Earthquake|p2a: Rhian Brewster
|-end|p2a: Rhian Brewster|Substitute
|
|-weather|Sandstorm|[upkeep]
|-heal|p2a: Rhian Brewster|82/100|[from] item: Leftovers
|-heal|p1a: Tyranitar|82/100|[from] item: Leftovers
|-damage|p1a: Tyranitar|69/100|[from] Leech Seed|[of] p2a: Rhian Brewster
|-heal|p2a: Rhian Brewster|100/100|[silent]
|upkeep
|turn|38
|
|t:|1729445584
|move|p2a: Rhian Brewster|Protect|p2a: Rhian Brewster
|-singleturn|p2a: Rhian Brewster|Protect
|move|p1a: Tyranitar|Earthquake|p2a: Rhian Brewster
|-activate|p2a: Rhian Brewster|Protect
|
|-weather|Sandstorm|[upkeep]
|-heal|p1a: Tyranitar|76/100|[from] item: Leftovers
|-damage|p1a: Tyranitar|63/100|[from] Leech Seed|[of] p2a: Rhian Brewster
|upkeep
|turn|39
|
|t:|1729445585
|move|p2a: Rhian Brewster|Substitute|p2a: Rhian Brewster
|-start|p2a: Rhian Brewster|Substitute
|-damage|p2a: Rhian Brewster|75/100
|move|p1a: Tyranitar|Earthquake|p2a: Rhian Brewster
|-end|p2a: Rhian Brewster|Substitute
|
|-weather|Sandstorm|[upkeep]
|-heal|p2a: Rhian Brewster|82/100|[from] item: Leftovers
|-heal|p1a: Tyranitar|69/100|[from] item: Leftovers
|-damage|p1a: Tyranitar|57/100|[from] Leech Seed|[of] p2a: Rhian Brewster
|-heal|p2a: Rhian Brewster|100/100|[silent]
|upkeep
|turn|40
|
|t:|1729445587
|move|p2a: Rhian Brewster|Protect|p2a: Rhian Brewster
|-singleturn|p2a: Rhian Brewster|Protect
|move|p1a: Tyranitar|Earthquake|p2a: Rhian Brewster
|-activate|p2a: Rhian Brewster|Protect
|
|-weather|Sandstorm|[upkeep]
|-heal|p1a: Tyranitar|63/100|[from] item: Leftovers
|-damage|p1a: Tyranitar|51/100|[from] Leech Seed|[of] p2a: Rhian Brewster
|upkeep
|turn|41
|
|t:|1729445589
|move|p2a: Rhian Brewster|Earthquake|p1a: Tyranitar
|-supereffective|p1a: Tyranitar
|-damage|p1a: Tyranitar|0 fnt
|faint|p1a: Tyranitar
|
|t:|1729445595
|switch|p1a: Swampert|Swampert, M|100/100
|
|-weather|Sandstorm|[upkeep]
|upkeep
|turn|42
|
|t:|1729445604
|switch|p2a: Jesuran Rak-Sakyi|Starmie|85/100
|move|p1a: Swampert|Hydro Pump|p2a: Jesuran Rak-Sakyi|[miss]
|-miss|p1a: Swampert|p2a: Jesuran Rak-Sakyi
|
|-weather|Sandstorm|[upkeep]
|-damage|p2a: Jesuran Rak-Sakyi|79/100|[from] Sandstorm
|-heal|p2a: Jesuran Rak-Sakyi|85/100|[from] item: Leftovers
|upkeep
|turn|43
|
|t:|1729445612
|move|p2a: Jesuran Rak-Sakyi|Surf|p1a: Swampert
|-damage|p1a: Swampert|71/100
|move|p1a: Swampert|Hydro Pump|p2a: Jesuran Rak-Sakyi
|-resisted|p2a: Jesuran Rak-Sakyi
|-damage|p2a: Jesuran Rak-Sakyi|65/100
|
|-weather|Sandstorm|[upkeep]
|-damage|p2a: Jesuran Rak-Sakyi|59/100|[from] Sandstorm
|-heal|p2a: Jesuran Rak-Sakyi|65/100|[from] item: Leftovers
|-heal|p1a: Swampert|77/100|[from] item: Leftovers
|upkeep
|turn|44
|
|t:|1729445618
|move|p2a: Jesuran Rak-Sakyi|Recover|p2a: Jesuran Rak-Sakyi
|-heal|p2a: Jesuran Rak-Sakyi|100/100
|move|p1a: Swampert|Earthquake|p2a: Jesuran Rak-Sakyi
|-damage|p2a: Jesuran Rak-Sakyi|60/100
|
|-weather|Sandstorm|[upkeep]
|-damage|p2a: Jesuran Rak-Sakyi|54/100|[from] Sandstorm
|-heal|p2a: Jesuran Rak-Sakyi|60/100|[from] item: Leftovers
|-heal|p1a: Swampert|83/100|[from] item: Leftovers
|upkeep
|turn|45
|
|t:|1729445627
|move|p2a: Jesuran Rak-Sakyi|Surf|p1a: Swampert
|-damage|p1a: Swampert|52/100
|move|p1a: Swampert|Hydro Pump|p2a: Jesuran Rak-Sakyi
|-resisted|p2a: Jesuran Rak-Sakyi
|-damage|p2a: Jesuran Rak-Sakyi|40/100
|
|-weather|Sandstorm|[upkeep]
|-damage|p2a: Jesuran Rak-Sakyi|34/100|[from] Sandstorm
|-heal|p2a: Jesuran Rak-Sakyi|40/100|[from] item: Leftovers
|-heal|p1a: Swampert|58/100|[from] item: Leftovers
|upkeep
|turn|46
|
|t:|1729445630
|move|p2a: Jesuran Rak-Sakyi|Recover|p2a: Jesuran Rak-Sakyi
|-heal|p2a: Jesuran Rak-Sakyi|90/100
|move|p1a: Swampert|Earthquake|p2a: Jesuran Rak-Sakyi
|-damage|p2a: Jesuran Rak-Sakyi|46/100
|
|-weather|Sandstorm|[upkeep]
|-damage|p2a: Jesuran Rak-Sakyi|40/100|[from] Sandstorm
|-heal|p2a: Jesuran Rak-Sakyi|46/100|[from] item: Leftovers
|-heal|p1a: Swampert|64/100|[from] item: Leftovers
|upkeep
|turn|47
|
|t:|1729445635
|move|p2a: Jesuran Rak-Sakyi|Recover|p2a: Jesuran Rak-Sakyi
|-heal|p2a: Jesuran Rak-Sakyi|96/100
|move|p1a: Swampert|Earthquake|p2a: Jesuran Rak-Sakyi
|-damage|p2a: Jesuran Rak-Sakyi|53/100
|
|-weather|Sandstorm|[upkeep]
|-damage|p2a: Jesuran Rak-Sakyi|47/100|[from] Sandstorm
|-heal|p2a: Jesuran Rak-Sakyi|53/100|[from] item: Leftovers
|-heal|p1a: Swampert|70/100|[from] item: Leftovers
|upkeep
|turn|48
|
|t:|1729445640
|move|p2a: Jesuran Rak-Sakyi|Surf|p1a: Swampert
|-crit|p1a: Swampert
|-damage|p1a: Swampert|11/100
|move|p1a: Swampert|Earthquake|p2a: Jesuran Rak-Sakyi
|-damage|p2a: Jesuran Rak-Sakyi|10/100
|
|-weather|Sandstorm|[upkeep]
|-damage|p2a: Jesuran Rak-Sakyi|4/100|[from] Sandstorm
|-heal|p2a: Jesuran Rak-Sakyi|10/100|[from] item: Leftovers
|-heal|p1a: Swampert|17/100|[from] item: Leftovers
|upkeep
|turn|49
|c|☆KeshBa45|Ur too lucky bro
|c|☆KeshBa45|gg
|-message|KeshBa45 forfeited.
|
|win|Lemon LC
|player|p1|

</script>
<script type="application/json" class="data" id="replaydata-smogtours-gen3ou-800595">
{"id":"smogtours-gen3ou-800595","format":"[Gen 3] OU","players":["KeshBa45","Lemon LC"],"uploadtime":1729445649,"views":117,"formatid":"gen3ou","rating":null,"private":0,"password":null}
</script>

<script defer src="js/replays.js?9d40a366"></script>
