<!DOCTYPE html>
<meta charset="utf-8" />
<meta name="viewport" content="width=device-width" />

<title>[Gen 3] OU: Big Nut Bill vs. reshiram660 - Replays - Pok&eacute;mon Showdown!</title>

<meta name="description" content="Watch a replay of a Pok&eacute;mon battle between Big Nut Bill and reshiram660! Format: [Gen 3] OU; Date: Oct 7, 2024" />
<!--

Hey, you! Looking in the source for the replay log?

You can find them in JSON format, just add `.json` at the end of a replay URL.

https://replay.pokemonshowdown.com/gen7randomdoublesbattle-865046831.json

Or, if you only need the log itself, add `.log` instead:

https://replay.pokemonshowdown.com/gen7randomdoublesbattle-865046831.log

-->

<link rel="stylesheet" href="//pokemonshowdown.com/style/global.css?0.767286132409787" />
<link rel="stylesheet" href="//play.pokemonshowdown.com/style/font-awesome.css?0.9266228007934947" />
<link rel="stylesheet" href="//play.pokemonshowdown.com/style/battle.css?0.7924700842790926" />
<link rel="stylesheet" href="//play.pokemonshowdown.com/style/utilichart.css?0.8777417872839479" />

<!-- Global site tag (gtag.js) - Google Analytics -->
<script async src="https://www.googletagmanager.com/gtag/js?id=UA-26211653-1"></script>
<script>
  window.dataLayer = window.dataLayer || [];
  function gtag(){dataLayer.push(arguments);}
  gtag('js', new Date());

  gtag('config', 'UA-26211653-1');
</script>
<!-- End Google Analytics -->
<!-- Venatus Ad Manager - Install in <HEAD> of page -->
	<script src="https://hb.vntsm.com/v3/live/ad-manager.min.js" type="text/javascript" data-site-id="642aba63ec9a7b11c3c9c1be" data-mode="scan" async></script>
<!-- / Venatus Ad Manager -->

<style>
	@media (max-width:820px) {
		.battle {
			margin: 0 auto;
		}
		.battle-log {
			margin: 7px auto 0;
			max-width: 640px;
			height: 300px;
			position: static;
		}
	}
	.optgroup {
		display: inline-block;
		line-height: 22px;
		font-size: 10pt;
	}
	.optgroup .button {
		height: 25px;
		padding-top: 0;
		padding-bottom: 0;
	}
	.optgroup button.button {
		padding-left: 12px;
		padding-right: 12px;
	}
	.linklist {
		list-style: none;
		margin: 0.5em 0;
		padding: 0;
	}
	.linklist li {
		padding: 2px 0;
	}
	.sidebar {
		float: left;
		width: 320px;
	}
	.bar-wrapper {
		max-width: 1100px;
		margin: 0 auto;
	}
	.bar-wrapper.has-sidebar {
		max-width: 1430px;
	}
	.mainbar {
		margin: 0;
		padding-right: 1px;
	}
	.mainbar.has-sidebar {
		margin-left: 330px;
	}
	@media (min-width: 1511px) {
		.sidebar {
			width: 400px;
		}
		.bar-wrapper.has-sidebar {
			max-width: 1510px;
		}
		.mainbar.has-sidebar {
			margin-left: 410px;
		}
	}
	.section.first-section {
		margin-top: 9px;
	}
	.blocklink small {
		white-space: normal;
	}
	.button {
		vertical-align: middle;
	}
	.replay-controls {
		padding-top: 10px;
	}
	.replay-controls h1 {
		font-size: 16pt;
		font-weight: normal;
		color: #CCC;
	}
	.pagelink {
		text-align: center;
	}
	.pagelink a {
		width: 150px;
	}
	.textbox, .button {
		font-size: 11pt;
		vertical-align: middle;
	}
	@media (max-width: 450px) {
		.button {
			font-size: 9pt;
		}
	}
</style>

<div>

	<header>
		<div class="nav-wrapper"><ul class="nav">
			<li><a class="button nav-first" href="//pokemonshowdown.com/"><img src="//pokemonshowdown.com/images/pokemonshowdownbeta.png" srcset="//pokemonshowdown.com/images/pokemonshowdownbeta.png 1x, //pokemonshowdown.com/images/pokemonshowdownbeta@2x.png 2x" alt="Pok&eacute;mon Showdown" width="146" height="44" /> Home</a></li>
			<li><a class="button" href="//pokemonshowdown.com/dex/">Pok&eacute;dex</a></li>
			<li><a class="button cur" href="/">Replays</a></li>
			<li><a class="button" href="//pokemonshowdown.com/ladder/">Ladder</a></li>
			<li><a class="button nav-last" href="//pokemonshowdown.com/forums/">Forum</a></li>
			<li><a class="button greenbutton nav-first nav-last" href="//play.pokemonshowdown.com/">Play</a></li>
		</ul></div>
	</header>

	<div class="main" id="main">

		<noscript><section class="section">You need to enable JavaScript to use this page; sorry!</section></noscript>

	</div>

</div>

<script defer nomodule src="//play.pokemonshowdown.com/js/lib/ps-polyfill.js"></script>
<script defer src="//play.pokemonshowdown.com/js/lib/preact.min.js"></script>

<script defer src="//play.pokemonshowdown.com/config/config.js?6dec07f6"></script>
<script defer src="//play.pokemonshowdown.com/js/lib/jquery-1.11.0.min.js"></script>
<script defer src="//play.pokemonshowdown.com/js/lib/html-sanitizer-minified.js"></script>
<script defer src="//play.pokemonshowdown.com/js/battle-sound.js"></script>
<script defer src="//play.pokemonshowdown.com/js/battledata.js?0.6315294753075389"></script>
<script defer src="//play.pokemonshowdown.com/data/pokedex-mini.js?0.7603743185311358"></script>
<script defer src="//play.pokemonshowdown.com/data/pokedex-mini-bw.js?0.030888842834281283"></script>
<script defer src="//play.pokemonshowdown.com/data/graphics.js?0.05593094747507488"></script>
<script defer src="//play.pokemonshowdown.com/data/pokedex.js?0.47064822249611904"></script>
<script defer src="//play.pokemonshowdown.com/data/moves.js?0.8583693120512459"></script>
<script defer src="//play.pokemonshowdown.com/data/abilities.js?0.16017181182386842"></script>
<script defer src="//play.pokemonshowdown.com/data/items.js?0.4163379185673943"></script>
<script defer src="//play.pokemonshowdown.com/data/teambuilder-tables.js?0.31075597372830477"></script>
<script defer src="//play.pokemonshowdown.com/js/battle-tooltips.js?0.6536193500708172"></script>
<script defer src="//play.pokemonshowdown.com/js/battle.js?0.1916591943277901"></script>

<script defer src="js/utils.js?e31f9a17"></script>
<script defer src="js/replays-battle.js?7008c182"></script>

<!-- don't scrape this data! just add .json or .log after the URL!
Full API docs: https://github.com/smogon/pokemon-showdown-client/blob/master/WEB-API.md -->
<script type="text/plain" class="log" id="replaylog-smogtours-gen3ou-796276">
|inactive|Battle timer is ON: inactive players will automatically lose when time's up.
|t:|1728341746
|gametype|singles
|player|p1|Big Nut Bill|medium|
|player|p2|reshiram660|169|
|teamsize|p1|6
|teamsize|p2|6
|gen|3
|tier|[Gen 3] OU
|rule|Sleep Clause Mod: Limit one foe put to sleep
|rule|Switch Priority Clause Mod: Faster Pokémon switch first
|rule|Species Clause: Limit one of each Pokémon
|rule|OHKO Clause: OHKO moves are banned
|rule|Evasion Items Clause: Evasion items are banned
|rule|Evasion Moves Clause: Evasion moves are banned
|rule|Endless Battle Clause: Forcing endless battles is banned
|rule|HP Percentage Mod: HP is shown in percentages
|rule|One Boost Passer Clause: Limit one Baton Passer that has a way to boost its stats
|rule|Freeze Clause Mod: Limit one foe frozen
|
|t:|1728341746
|start
|switch|p1a: Skarmory|Skarmory, M|100/100
|switch|p2a: Regirock|Regirock|100/100
|turn|1
|inactive|Big Nut Bill has 270 seconds left.
|
|t:|1728341787
|switch|p1a: Milotic|Milotic, M|100/100
|switch|p2a: Magneton|Magneton|100/100
|
|upkeep
|turn|2
|
|t:|1728341802
|switch|p1a: Dugtrio|Dugtrio, F|100/100
|move|p2a: Magneton|Thunderbolt|p1a: Dugtrio
|-immune|p1a: Dugtrio
|
|upkeep
|turn|3
|
|t:|1728341816
|move|p1a: Dugtrio|Earthquake|p2a: Magneton
|-supereffective|p2a: Magneton
|-damage|p2a: Magneton|0 fnt
|faint|p2a: Magneton
|
|t:|1728341831
|switch|p2a: Skarmory|Skarmory, M|100/100
|
|upkeep
|turn|4
|inactive|Big Nut Bill has 270 seconds left.
|
|t:|1728341866
|switch|p1a: Skarmory|Skarmory, M|100/100
|move|p2a: Skarmory|Spikes|p1a: Skarmory
|-sidestart|p1: Big Nut Bill|Spikes
|
|upkeep
|turn|5
|
|t:|1728341878
|move|p2a: Skarmory|Spikes|p1a: Skarmory
|-sidestart|p1: Big Nut Bill|Spikes
|move|p1a: Skarmory|Spikes|p2a: Skarmory
|-sidestart|p2: reshiram660|Spikes
|
|upkeep
|turn|6
|
|t:|1728341886
|move|p2a: Skarmory|Spikes|p1a: Skarmory
|-sidestart|p1: Big Nut Bill|Spikes
|move|p1a: Skarmory|Roar|p2a: Skarmory
|drag|p2a: Claydol|Claydol|100/100
|
|upkeep
|turn|7
|
|t:|1728341903
|switch|p1a: Claydol|Claydol|100/100
|move|p2a: Claydol|Rapid Spin|p1a: Claydol
|-damage|p1a: Claydol|95/100
|-sideend|p2: reshiram660|Spikes|[from] move: Rapid Spin|[of] p2a: Claydol
|
|-heal|p1a: Claydol|100/100|[from] item: Leftovers
|upkeep
|turn|8
|
|t:|1728341924
|switch|p1a: Skarmory|Skarmory, M|100/100
|move|p2a: Claydol|Explosion|p1a: Skarmory
|-resisted|p1a: Skarmory
|-damage|p1a: Skarmory|56/100
|faint|p2a: Claydol
|inactive|reshiram660 has 270 seconds left.
|c|☆reshiram660|nice play
|c|☆Big Nut Bill|thanks 
|
|t:|1728341948
|switch|p2a: Skarmory|Skarmory, M|100/100
|
|-heal|p1a: Skarmory|62/100|[from] item: Leftovers
|upkeep
|turn|9
|
|t:|1728341962
|move|p2a: Skarmory|Roar|p1a: Skarmory
|drag|p1a: Dugtrio|Dugtrio, F|100/100
|-damage|p1a: Dugtrio|76/100|[from] Spikes
|
|upkeep
|turn|10
|
|t:|1728341978
|switch|p1a: Claydol|Claydol|100/100
|move|p2a: Skarmory|Roar|p1a: Claydol
|drag|p1a: Tyranitar|Tyranitar, F|100/100
|-damage|p1a: Tyranitar|76/100|[from] Spikes
|-weather|Sandstorm|[from] ability: Sand Stream|[of] p1a: Tyranitar
|
|-weather|Sandstorm|[upkeep]
|upkeep
|turn|11
|inactive|reshiram660 has 270 seconds left.
|
|t:|1728341994
|move|p1a: Tyranitar|Taunt|p2a: Skarmory
|-start|p2a: Skarmory|move: Taunt
|cant|p2a: Skarmory|move: Taunt|Roar
|
|-weather|Sandstorm|[upkeep]
|upkeep
|turn|12
|inactive|reshiram660 has 270 seconds left.
|
|t:|1728342006
|switch|p2a: Regirock|Regirock|100/100
|move|p1a: Tyranitar|Dragon Dance|p1a: Tyranitar
|-boost|p1a: Tyranitar|atk|1
|-boost|p1a: Tyranitar|spe|1
|
|-weather|Sandstorm|[upkeep]
|upkeep
|turn|13
|inactive|reshiram660 has 270 seconds left.
|inactive|Big Nut Bill has 270 seconds left.
|
|t:|1728342039
|switch|p1a: Claydol|Claydol|100/100
|move|p2a: Regirock|Superpower|p1a: Claydol
|-resisted|p1a: Claydol
|-damage|p1a: Claydol|81/100
|-unboost|p2a: Regirock|atk|1
|-unboost|p2a: Regirock|def|1
|
|-weather|Sandstorm|[upkeep]
|-heal|p1a: Claydol|87/100|[from] item: Leftovers
|upkeep
|turn|14
|inactive|reshiram660 has 270 seconds left.
|
|t:|1728342056
|move|p1a: Claydol|Rapid Spin|p2a: Regirock
|-resisted|p2a: Regirock
|-damage|p2a: Regirock|99/100
|-sideend|p1: Big Nut Bill|Spikes|[from] move: Rapid Spin|[of] p1a: Claydol
|move|p2a: Regirock|Explosion|p1a: Claydol
|-damage|p1a: Claydol|0 fnt
|faint|p2a: Regirock
|faint|p1a: Claydol
|inactive|reshiram660 has 270 seconds left.
|inactive|Big Nut Bill has 270 seconds left.
|inactive|reshiram660 has 240 seconds left.
|inactive|reshiram660 has 210 seconds left.
|
|t:|1728342128
|switch|p1a: Skarmory|Skarmory, M|62/100
|switch|p2a: Tyranitar|Tyranitar, M|100/100
|
|-weather|Sandstorm|[upkeep]
|-heal|p1a: Skarmory|68/100|[from] item: Leftovers
|upkeep
|turn|15
|inactive|reshiram660 has 210 seconds left.
|
|t:|1728342144
|move|p2a: Tyranitar|Dragon Dance|p2a: Tyranitar
|-boost|p2a: Tyranitar|atk|1
|-boost|p2a: Tyranitar|spe|1
|move|p1a: Skarmory|Spikes|p2a: Tyranitar
|-sidestart|p2: reshiram660|Spikes
|
|-weather|Sandstorm|[upkeep]
|-heal|p1a: Skarmory|74/100|[from] item: Leftovers
|upkeep
|turn|16
|inactive|reshiram660 has 210 seconds left.
|
|t:|1728342154
|move|p2a: Tyranitar|Rock Slide|p1a: Skarmory
|-damage|p1a: Skarmory|30/100
|move|p1a: Skarmory|Roar|p2a: Tyranitar
|drag|p2a: Skarmory|Skarmory, M|100/100
|
|-weather|Sandstorm|[upkeep]
|-heal|p1a: Skarmory|36/100|[from] item: Leftovers
|upkeep
|turn|17
|inactive|reshiram660 has 210 seconds left.
|
|t:|1728342170
|move|p1a: Skarmory|Spikes|p2a: Skarmory
|-sidestart|p2: reshiram660|Spikes
|move|p2a: Skarmory|Roar|p1a: Skarmory
|drag|p1a: Tyranitar|Tyranitar, F|76/100
|
|-weather|Sandstorm|[upkeep]
|upkeep
|turn|18
|inactive|reshiram660 has 210 seconds left.
|
|t:|1728342194
|switch|p2a: Tyranitar|Tyranitar, M|100/100
|-damage|p2a: Tyranitar|84/100|[from] Spikes
|move|p1a: Tyranitar|Taunt|p2a: Tyranitar
|-start|p2a: Tyranitar|move: Taunt
|
|-weather|Sandstorm|[upkeep]
|-heal|p2a: Tyranitar|90/100|[from] item: Leftovers
|upkeep
|turn|19
|
|t:|1728342213
|move|p1a: Tyranitar|Earthquake|p2a: Tyranitar
|-supereffective|p2a: Tyranitar
|-damage|p2a: Tyranitar|30/100
|move|p2a: Tyranitar|Rock Slide|p1a: Tyranitar
|-damage|p1a: Tyranitar|38/100
|
|-weather|Sandstorm|[upkeep]
|-heal|p2a: Tyranitar|36/100|[from] item: Leftovers
|-end|p2a: Tyranitar|move: Taunt|[silent]
|upkeep
|turn|20
|
|t:|1728342236
|move|p1a: Tyranitar|Earthquake|p2a: Tyranitar
|-supereffective|p2a: Tyranitar
|-damage|p2a: Tyranitar|0 fnt
|faint|p2a: Tyranitar
|
|t:|1728342248
|switch|p2a: Slowking|Slowking, M|100/100
|-damage|p2a: Slowking|84/100|[from] Spikes
|
|-weather|Sandstorm|[upkeep]
|-damage|p2a: Slowking|78/100|[from] Sandstorm
|-heal|p2a: Slowking|84/100|[from] item: Leftovers
|upkeep
|turn|21
|inactive|Big Nut Bill has 270 seconds left.
|
|t:|1728342261
|switch|p1a: Blissey|Blissey, F|100/100
|move|p2a: Slowking|Surf|p1a: Blissey
|-damage|p1a: Blissey|86/100
|
|-weather|Sandstorm|[upkeep]
|-damage|p1a: Blissey|80/100|[from] Sandstorm
|-damage|p2a: Slowking|78/100|[from] Sandstorm
|-heal|p1a: Blissey|86/100|[from] item: Leftovers
|-heal|p2a: Slowking|84/100|[from] item: Leftovers
|upkeep
|turn|22
|inactive|Big Nut Bill has 270 seconds left.
|
|t:|1728342274
|move|p1a: Blissey|Seismic Toss|p2a: Slowking
|-damage|p2a: Slowking|57/100
|move|p2a: Slowking|Calm Mind|p2a: Slowking
|-boost|p2a: Slowking|spa|1
|-boost|p2a: Slowking|spd|1
|
|-weather|Sandstorm|[upkeep]
|-damage|p1a: Blissey|80/100|[from] Sandstorm
|-damage|p2a: Slowking|51/100|[from] Sandstorm
|-heal|p1a: Blissey|86/100|[from] item: Leftovers
|-heal|p2a: Slowking|57/100|[from] item: Leftovers
|upkeep
|turn|23
|inactive|reshiram660 has 180 seconds left.
|inactive|Big Nut Bill has 270 seconds left.
|inactive|reshiram660 has 150 seconds left.
|
|t:|1728342341
|move|p1a: Blissey|Toxic|p2a: Slowking|[miss]
|-miss|p1a: Blissey|p2a: Slowking
|move|p2a: Slowking|Calm Mind|p2a: Slowking
|-boost|p2a: Slowking|spa|1
|-boost|p2a: Slowking|spd|1
|
|-weather|Sandstorm|[upkeep]
|-damage|p1a: Blissey|80/100|[from] Sandstorm
|-damage|p2a: Slowking|51/100|[from] Sandstorm
|-heal|p1a: Blissey|86/100|[from] item: Leftovers
|-heal|p2a: Slowking|57/100|[from] item: Leftovers
|upkeep
|turn|24
|inactive|Big Nut Bill has 270 seconds left.
|inactive|reshiram660 has 120 seconds left.
|
|t:|1728342363
|move|p1a: Blissey|Toxic|p2a: Slowking
|-status|p2a: Slowking|tox
|move|p2a: Slowking|Rest|p2a: Slowking
|-status|p2a: Slowking|slp|[from] move: Rest
|-heal|p2a: Slowking|100/100 slp|[silent]
|
|-weather|Sandstorm|[upkeep]
|-damage|p1a: Blissey|80/100|[from] Sandstorm
|-damage|p2a: Slowking|94/100 slp|[from] Sandstorm
|-heal|p1a: Blissey|86/100|[from] item: Leftovers
|-heal|p2a: Slowking|100/100 slp|[from] item: Leftovers
|upkeep
|turn|25
|inactive|Big Nut Bill has 270 seconds left.
|inactive|reshiram660 has 120 seconds left.
|
|t:|1728342383
|switch|p1a: Skarmory|Skarmory, M|36/100
|cant|p2a: Slowking|slp
|move|p2a: Slowking|Sleep Talk|p2a: Slowking
|move|p2a: Slowking|Surf|p1a: Skarmory|[from]Sleep Talk
|-damage|p1a: Skarmory|0 fnt
|faint|p1a: Skarmory
|inactive|Big Nut Bill has 240 seconds left.
|
|t:|1728342420
|switch|p1a: Tyranitar|Tyranitar, F|38/100
|
|-weather|Sandstorm|[upkeep]
|-damage|p2a: Slowking|94/100 slp|[from] Sandstorm
|-heal|p2a: Slowking|100/100 slp|[from] item: Leftovers
|upkeep
|turn|26
|
|t:|1728342426
|move|p1a: Tyranitar|Taunt|p2a: Slowking
|-start|p2a: Slowking|move: Taunt
|cant|p2a: Slowking|slp
|cant|p2a: Slowking|move: Taunt|Sleep Talk
|
|-weather|Sandstorm|[upkeep]
|-damage|p2a: Slowking|94/100 slp|[from] Sandstorm
|-heal|p2a: Slowking|100/100 slp|[from] item: Leftovers
|upkeep
|turn|27
|inactive|Big Nut Bill has 240 seconds left.
|
|t:|1728342441
|switch|p1a: Milotic|Milotic, M|100/100
|-curestatus|p2a: Slowking|slp|[msg]
|move|p2a: Slowking|Surf|p1a: Milotic
|-resisted|p1a: Milotic
|-damage|p1a: Milotic|74/100
|
|-weather|Sandstorm|[upkeep]
|-damage|p1a: Milotic|68/100|[from] Sandstorm
|-damage|p2a: Slowking|94/100|[from] Sandstorm
|-heal|p1a: Milotic|74/100|[from] item: Leftovers
|-heal|p2a: Slowking|100/100|[from] item: Leftovers
|-end|p2a: Slowking|move: Taunt|[silent]
|upkeep
|turn|28
|
|t:|1728342454
|move|p1a: Milotic|Toxic|p2a: Slowking
|-status|p2a: Slowking|tox
|move|p2a: Slowking|Calm Mind|p2a: Slowking
|-boost|p2a: Slowking|spa|1
|-boost|p2a: Slowking|spd|1
|
|-weather|Sandstorm|[upkeep]
|-damage|p1a: Milotic|68/100|[from] Sandstorm
|-damage|p2a: Slowking|94/100 tox|[from] Sandstorm
|-heal|p1a: Milotic|74/100|[from] item: Leftovers
|-heal|p2a: Slowking|100/100 tox|[from] item: Leftovers
|-damage|p2a: Slowking|94/100 tox|[from] psn
|upkeep
|turn|29
|inactive|Big Nut Bill has 240 seconds left.
|
|t:|1728342469
|switch|p1a: Dugtrio|Dugtrio, F|76/100
|move|p2a: Slowking|Surf|p1a: Dugtrio
|-supereffective|p1a: Dugtrio
|-damage|p1a: Dugtrio|0 fnt
|faint|p1a: Dugtrio
|inactive|Big Nut Bill has 240 seconds left.
|
|t:|1728342478
|switch|p1a: Tyranitar|Tyranitar, F|38/100
|
|-weather|Sandstorm|[upkeep]
|-damage|p2a: Slowking|88/100 tox|[from] Sandstorm
|-heal|p2a: Slowking|94/100 tox|[from] item: Leftovers
|-damage|p2a: Slowking|82/100 tox|[from] psn
|upkeep
|turn|30
|inactive|Big Nut Bill has 240 seconds left.
|
|t:|1728342491
|switch|p1a: Blissey|Blissey, F|86/100
|move|p2a: Slowking|Surf|p1a: Blissey
|-damage|p1a: Blissey|47/100
|
|-weather|Sandstorm|[upkeep]
|-damage|p1a: Blissey|41/100|[from] Sandstorm
|-damage|p2a: Slowking|76/100 tox|[from] Sandstorm
|-heal|p1a: Blissey|47/100|[from] item: Leftovers
|-heal|p2a: Slowking|82/100 tox|[from] item: Leftovers
|-damage|p2a: Slowking|63/100 tox|[from] psn
|upkeep
|turn|31
|
|t:|1728342504
|move|p1a: Blissey|Seismic Toss|p2a: Slowking
|-damage|p2a: Slowking|36/100 tox
|move|p2a: Slowking|Rest|p2a: Slowking
|-status|p2a: Slowking|slp|[from] move: Rest
|-heal|p2a: Slowking|100/100 slp|[silent]
|
|-weather|Sandstorm|[upkeep]
|-damage|p1a: Blissey|41/100|[from] Sandstorm
|-damage|p2a: Slowking|94/100 slp|[from] Sandstorm
|-heal|p1a: Blissey|47/100|[from] item: Leftovers
|-heal|p2a: Slowking|100/100 slp|[from] item: Leftovers
|upkeep
|turn|32
|
|t:|1728342515
|move|p1a: Blissey|Soft-Boiled|p1a: Blissey
|-heal|p1a: Blissey|97/100
|cant|p2a: Slowking|slp
|move|p2a: Slowking|Sleep Talk|p2a: Slowking
|move|p2a: Slowking|Surf|p1a: Blissey|[from]Sleep Talk
|-crit|p1a: Blissey
|-damage|p1a: Blissey|29/100
|
|-weather|Sandstorm|[upkeep]
|-damage|p1a: Blissey|23/100|[from] Sandstorm
|-damage|p2a: Slowking|94/100 slp|[from] Sandstorm
|-heal|p1a: Blissey|29/100|[from] item: Leftovers
|-heal|p2a: Slowking|100/100 slp|[from] item: Leftovers
|upkeep
|turn|33
|
|t:|1728342526
|move|p1a: Blissey|Soft-Boiled|p1a: Blissey
|-heal|p1a: Blissey|79/100
|cant|p2a: Slowking|slp
|move|p2a: Slowking|Sleep Talk|p2a: Slowking
|move|p2a: Slowking|Calm Mind|p2a: Slowking|[from]Sleep Talk
|-boost|p2a: Slowking|spa|1
|-boost|p2a: Slowking|spd|1
|
|-weather|Sandstorm|[upkeep]
|-damage|p1a: Blissey|73/100|[from] Sandstorm
|-damage|p2a: Slowking|94/100 slp|[from] Sandstorm
|-heal|p1a: Blissey|79/100|[from] item: Leftovers
|-heal|p2a: Slowking|100/100 slp|[from] item: Leftovers
|upkeep
|turn|34
|
|t:|1728342543
|switch|p1a: Milotic|Milotic, M|74/100
|-curestatus|p2a: Slowking|slp|[msg]
|move|p2a: Slowking|Surf|p1a: Milotic
|-resisted|p1a: Milotic
|-damage|p1a: Milotic|38/100
|
|-weather|Sandstorm|[upkeep]
|-damage|p1a: Milotic|32/100|[from] Sandstorm
|-damage|p2a: Slowking|94/100|[from] Sandstorm
|-heal|p1a: Milotic|38/100|[from] item: Leftovers
|-heal|p2a: Slowking|100/100|[from] item: Leftovers
|upkeep
|turn|35
|
|t:|1728342554
|move|p1a: Milotic|Toxic|p2a: Slowking
|-status|p2a: Slowking|tox
|move|p2a: Slowking|Surf|p1a: Milotic
|-resisted|p1a: Milotic
|-damage|p1a: Milotic|0 fnt
|faint|p1a: Milotic
|
|t:|1728342572
|switch|p1a: Tyranitar|Tyranitar, F|38/100
|
|-weather|Sandstorm|[upkeep]
|-damage|p2a: Slowking|94/100 tox|[from] Sandstorm
|-heal|p2a: Slowking|100/100 tox|[from] item: Leftovers
|-damage|p2a: Slowking|94/100 tox|[from] psn
|upkeep
|turn|36
|
|t:|1728342592
|move|p1a: Tyranitar|Rock Slide|p2a: Slowking
|-damage|p2a: Slowking|47/100 tox
|move|p2a: Slowking|Surf|p1a: Tyranitar
|-supereffective|p1a: Tyranitar
|-damage|p1a: Tyranitar|0 fnt
|faint|p1a: Tyranitar
|
|t:|1728342598
|switch|p1a: Blissey|Blissey, F|79/100
|
|-weather|Sandstorm|[upkeep]
|-damage|p1a: Blissey|73/100|[from] Sandstorm
|-damage|p2a: Slowking|41/100 tox|[from] Sandstorm
|-heal|p1a: Blissey|79/100|[from] item: Leftovers
|-heal|p2a: Slowking|47/100 tox|[from] item: Leftovers
|-damage|p2a: Slowking|35/100 tox|[from] psn
|upkeep
|turn|37
|
|t:|1728342610
|move|p1a: Blissey|Seismic Toss|p2a: Slowking
|-damage|p2a: Slowking|8/100 tox
|move|p2a: Slowking|Rest|p2a: Slowking
|-status|p2a: Slowking|slp|[from] move: Rest
|-heal|p2a: Slowking|100/100 slp|[silent]
|
|-weather|Sandstorm|[upkeep]
|-damage|p1a: Blissey|73/100|[from] Sandstorm
|-damage|p2a: Slowking|94/100 slp|[from] Sandstorm
|-heal|p1a: Blissey|79/100|[from] item: Leftovers
|-heal|p2a: Slowking|100/100 slp|[from] item: Leftovers
|upkeep
|turn|38
|inactive|reshiram660 has 150 seconds left.
|
|t:|1728342622
|move|p1a: Blissey|Seismic Toss|p2a: Slowking
|-damage|p2a: Slowking|74/100 slp
|cant|p2a: Slowking|slp
|move|p2a: Slowking|Sleep Talk|p2a: Slowking
|move|p2a: Slowking|Calm Mind|p2a: Slowking|[from]Sleep Talk
|-boost|p2a: Slowking|spa|1
|-boost|p2a: Slowking|spd|1
|
|-weather|Sandstorm|[upkeep]
|-damage|p1a: Blissey|73/100|[from] Sandstorm
|-damage|p2a: Slowking|67/100 slp|[from] Sandstorm
|-heal|p1a: Blissey|79/100|[from] item: Leftovers
|-heal|p2a: Slowking|74/100 slp|[from] item: Leftovers
|upkeep
|turn|39
|inactive|reshiram660 has 150 seconds left.
|
|t:|1728342634
|move|p1a: Blissey|Seismic Toss|p2a: Slowking
|-damage|p2a: Slowking|47/100 slp
|cant|p2a: Slowking|slp
|move|p2a: Slowking|Sleep Talk|p2a: Slowking
|move|p2a: Slowking|Rest|p2a: Slowking|[from]Sleep Talk
|
|-weather|Sandstorm|[upkeep]
|-damage|p1a: Blissey|73/100|[from] Sandstorm
|-damage|p2a: Slowking|40/100 slp|[from] Sandstorm
|-heal|p1a: Blissey|79/100|[from] item: Leftovers
|-heal|p2a: Slowking|47/100 slp|[from] item: Leftovers
|upkeep
|turn|40
|inactive|reshiram660 has 150 seconds left.
|
|t:|1728342651
|move|p1a: Blissey|Seismic Toss|p2a: Slowking
|-damage|p2a: Slowking|20/100 slp
|-curestatus|p2a: Slowking|slp|[msg]
|move|p2a: Slowking|Rest|p2a: Slowking
|-status|p2a: Slowking|slp|[from] move: Rest
|-heal|p2a: Slowking|100/100 slp|[silent]
|
|-weather|Sandstorm|[upkeep]
|-damage|p1a: Blissey|73/100|[from] Sandstorm
|-damage|p2a: Slowking|94/100 slp|[from] Sandstorm
|-heal|p1a: Blissey|79/100|[from] item: Leftovers
|-heal|p2a: Slowking|100/100 slp|[from] item: Leftovers
|upkeep
|turn|41
|
|t:|1728342656
|move|p1a: Blissey|Seismic Toss|p2a: Slowking
|-damage|p2a: Slowking|74/100 slp
|cant|p2a: Slowking|slp
|move|p2a: Slowking|Sleep Talk|p2a: Slowking
|move|p2a: Slowking|Rest|p2a: Slowking|[from]Sleep Talk
|
|-weather|Sandstorm|[upkeep]
|-damage|p1a: Blissey|73/100|[from] Sandstorm
|-damage|p2a: Slowking|67/100 slp|[from] Sandstorm
|-heal|p1a: Blissey|79/100|[from] item: Leftovers
|-heal|p2a: Slowking|74/100 slp|[from] item: Leftovers
|upkeep
|turn|42
|inactive|reshiram660 has 150 seconds left.
|
|t:|1728342666
|move|p1a: Blissey|Seismic Toss|p2a: Slowking
|-damage|p2a: Slowking|47/100 slp
|cant|p2a: Slowking|slp
|move|p2a: Slowking|Sleep Talk|p2a: Slowking
|move|p2a: Slowking|Calm Mind|p2a: Slowking|[from]Sleep Talk
|-boost|p2a: Slowking|spa|1
|-boost|p2a: Slowking|spd|1
|
|-weather|Sandstorm|[upkeep]
|-damage|p1a: Blissey|73/100|[from] Sandstorm
|-damage|p2a: Slowking|40/100 slp|[from] Sandstorm
|-heal|p1a: Blissey|79/100|[from] item: Leftovers
|-heal|p2a: Slowking|47/100 slp|[from] item: Leftovers
|upkeep
|turn|43
|inactive|reshiram660 has 150 seconds left.
|
|t:|1728342687
|move|p1a: Blissey|Seismic Toss|p2a: Slowking
|-damage|p2a: Slowking|20/100 slp
|-curestatus|p2a: Slowking|slp|[msg]
|move|p2a: Slowking|Rest|p2a: Slowking
|-status|p2a: Slowking|slp|[from] move: Rest
|-heal|p2a: Slowking|100/100 slp|[silent]
|
|-weather|Sandstorm|[upkeep]
|-damage|p1a: Blissey|73/100|[from] Sandstorm
|-damage|p2a: Slowking|94/100 slp|[from] Sandstorm
|-heal|p1a: Blissey|79/100|[from] item: Leftovers
|-heal|p2a: Slowking|100/100 slp|[from] item: Leftovers
|upkeep
|turn|44
|
|t:|1728342693
|move|p1a: Blissey|Seismic Toss|p2a: Slowking
|-damage|p2a: Slowking|74/100 slp
|cant|p2a: Slowking|slp
|move|p2a: Slowking|Sleep Talk|p2a: Slowking
|move|p2a: Slowking|Calm Mind|p2a: Slowking|[from]Sleep Talk
|-boost|p2a: Slowking|spa|0
|-boost|p2a: Slowking|spd|0
|
|-weather|Sandstorm|[upkeep]
|-damage|p1a: Blissey|73/100|[from] Sandstorm
|-damage|p2a: Slowking|67/100 slp|[from] Sandstorm
|-heal|p1a: Blissey|79/100|[from] item: Leftovers
|-heal|p2a: Slowking|74/100 slp|[from] item: Leftovers
|upkeep
|turn|45
|inactive|reshiram660 has 150 seconds left.
|
|t:|1728342701
|move|p1a: Blissey|Seismic Toss|p2a: Slowking
|-damage|p2a: Slowking|47/100 slp
|cant|p2a: Slowking|slp
|move|p2a: Slowking|Sleep Talk|p2a: Slowking
|move|p2a: Slowking|Calm Mind|p2a: Slowking|[from]Sleep Talk
|-boost|p2a: Slowking|spa|0
|-boost|p2a: Slowking|spd|0
|
|-weather|Sandstorm|[upkeep]
|-damage|p1a: Blissey|73/100|[from] Sandstorm
|-damage|p2a: Slowking|40/100 slp|[from] Sandstorm
|-heal|p1a: Blissey|79/100|[from] item: Leftovers
|-heal|p2a: Slowking|47/100 slp|[from] item: Leftovers
|upkeep
|turn|46
|
|t:|1728342708
|move|p1a: Blissey|Seismic Toss|p2a: Slowking
|-damage|p2a: Slowking|20/100 slp
|-curestatus|p2a: Slowking|slp|[msg]
|move|p2a: Slowking|Rest|p2a: Slowking
|-status|p2a: Slowking|slp|[from] move: Rest
|-heal|p2a: Slowking|100/100 slp|[silent]
|
|-weather|Sandstorm|[upkeep]
|-damage|p1a: Blissey|73/100|[from] Sandstorm
|-damage|p2a: Slowking|94/100 slp|[from] Sandstorm
|-heal|p1a: Blissey|79/100|[from] item: Leftovers
|-heal|p2a: Slowking|100/100 slp|[from] item: Leftovers
|upkeep
|turn|47
|
|t:|1728342722
|move|p1a: Blissey|Seismic Toss|p2a: Slowking
|-damage|p2a: Slowking|74/100 slp
|cant|p2a: Slowking|slp
|move|p2a: Slowking|Sleep Talk|p2a: Slowking
|move|p2a: Slowking|Rest|p2a: Slowking|[from]Sleep Talk
|
|-weather|Sandstorm|[upkeep]
|-damage|p1a: Blissey|73/100|[from] Sandstorm
|-damage|p2a: Slowking|67/100 slp|[from] Sandstorm
|-heal|p1a: Blissey|79/100|[from] item: Leftovers
|-heal|p2a: Slowking|74/100 slp|[from] item: Leftovers
|upkeep
|turn|48
|
|t:|1728342733
|move|p1a: Blissey|Seismic Toss|p2a: Slowking
|-damage|p2a: Slowking|47/100 slp
|cant|p2a: Slowking|slp
|move|p2a: Slowking|Sleep Talk|p2a: Slowking
|move|p2a: Slowking|Calm Mind|p2a: Slowking|[from]Sleep Talk
|-boost|p2a: Slowking|spa|0
|-boost|p2a: Slowking|spd|0
|
|-weather|Sandstorm|[upkeep]
|-damage|p1a: Blissey|73/100|[from] Sandstorm
|-damage|p2a: Slowking|40/100 slp|[from] Sandstorm
|-heal|p1a: Blissey|79/100|[from] item: Leftovers
|-heal|p2a: Slowking|47/100 slp|[from] item: Leftovers
|upkeep
|turn|49
|
|t:|1728342742
|move|p1a: Blissey|Seismic Toss|p2a: Slowking
|-damage|p2a: Slowking|20/100 slp
|-curestatus|p2a: Slowking|slp|[msg]
|move|p2a: Slowking|Rest|p2a: Slowking
|-status|p2a: Slowking|slp|[from] move: Rest
|-heal|p2a: Slowking|100/100 slp|[silent]
|
|-weather|Sandstorm|[upkeep]
|-damage|p1a: Blissey|73/100|[from] Sandstorm
|-damage|p2a: Slowking|94/100 slp|[from] Sandstorm
|-heal|p1a: Blissey|79/100|[from] item: Leftovers
|-heal|p2a: Slowking|100/100 slp|[from] item: Leftovers
|upkeep
|turn|50
|
|t:|1728342754
|move|p1a: Blissey|Seismic Toss|p2a: Slowking
|-damage|p2a: Slowking|74/100 slp
|cant|p2a: Slowking|slp
|move|p2a: Slowking|Sleep Talk|p2a: Slowking
|move|p2a: Slowking|Surf|p1a: Blissey|[from]Sleep Talk
|-damage|p1a: Blissey|22/100
|
|-weather|Sandstorm|[upkeep]
|-damage|p1a: Blissey|16/100|[from] Sandstorm
|-damage|p2a: Slowking|67/100 slp|[from] Sandstorm
|-heal|p1a: Blissey|22/100|[from] item: Leftovers
|-heal|p2a: Slowking|74/100 slp|[from] item: Leftovers
|upkeep
|turn|51
|
|t:|1728342762
|move|p1a: Blissey|Soft-Boiled|p1a: Blissey
|-heal|p1a: Blissey|72/100
|cant|p2a: Slowking|slp
|move|p2a: Slowking|Sleep Talk|p2a: Slowking
|move|p2a: Slowking|Surf|p1a: Blissey|[from]Sleep Talk
|-damage|p1a: Blissey|11/100
|
|-weather|Sandstorm|[upkeep]
|-damage|p1a: Blissey|5/100|[from] Sandstorm
|-damage|p2a: Slowking|67/100 slp|[from] Sandstorm
|-heal|p1a: Blissey|11/100|[from] item: Leftovers
|-heal|p2a: Slowking|74/100 slp|[from] item: Leftovers
|upkeep
|turn|52
|
|t:|1728342781
|move|p1a: Blissey|Soft-Boiled|p1a: Blissey
|-heal|p1a: Blissey|61/100
|-curestatus|p2a: Slowking|slp|[msg]
|move|p2a: Slowking|Rest|p2a: Slowking
|-status|p2a: Slowking|slp|[from] move: Rest
|-heal|p2a: Slowking|100/100 slp|[silent]
|
|-weather|Sandstorm|[upkeep]
|-damage|p1a: Blissey|55/100|[from] Sandstorm
|-damage|p2a: Slowking|94/100 slp|[from] Sandstorm
|-heal|p1a: Blissey|61/100|[from] item: Leftovers
|-heal|p2a: Slowking|100/100 slp|[from] item: Leftovers
|upkeep
|turn|53
|
|t:|1728342791
|move|p1a: Blissey|Soft-Boiled|p1a: Blissey
|-heal|p1a: Blissey|100/100
|cant|p2a: Slowking|slp
|move|p2a: Slowking|Sleep Talk|p2a: Slowking
|move|p2a: Slowking|Calm Mind|p2a: Slowking|[from]Sleep Talk
|-boost|p2a: Slowking|spa|0
|-boost|p2a: Slowking|spd|0
|
|-weather|Sandstorm|[upkeep]
|-damage|p1a: Blissey|94/100|[from] Sandstorm
|-damage|p2a: Slowking|94/100 slp|[from] Sandstorm
|-heal|p1a: Blissey|100/100|[from] item: Leftovers
|-heal|p2a: Slowking|100/100 slp|[from] item: Leftovers
|upkeep
|turn|54
|
|t:|1728342798
|move|p1a: Blissey|Seismic Toss|p2a: Slowking
|-damage|p2a: Slowking|74/100 slp
|cant|p2a: Slowking|slp
|move|p2a: Slowking|Sleep Talk|p2a: Slowking
|move|p2a: Slowking|Calm Mind|p2a: Slowking|[from]Sleep Talk
|-boost|p2a: Slowking|spa|0
|-boost|p2a: Slowking|spd|0
|
|-weather|Sandstorm|[upkeep]
|-damage|p1a: Blissey|94/100|[from] Sandstorm
|-damage|p2a: Slowking|67/100 slp|[from] Sandstorm
|-heal|p1a: Blissey|100/100|[from] item: Leftovers
|-heal|p2a: Slowking|74/100 slp|[from] item: Leftovers
|upkeep
|turn|55
|inactive|reshiram660 has 180 seconds left.
|inactive|reshiram660 has 150 seconds left.
|inactive|Big Nut Bill disconnected and has 300 seconds to reconnect!
|player|p1|
|
|t:|1728342842
|move|p1a: Blissey|Seismic Toss|p2a: Slowking
|-damage|p2a: Slowking|47/100 slp
|-curestatus|p2a: Slowking|slp|[msg]
|move|p2a: Slowking|Surf|p1a: Blissey
|-damage|p1a: Blissey|45/100
|
|-weather|Sandstorm|[upkeep]
|-damage|p1a: Blissey|39/100|[from] Sandstorm
|-damage|p2a: Slowking|40/100|[from] Sandstorm
|-heal|p1a: Blissey|45/100|[from] item: Leftovers
|-heal|p2a: Slowking|47/100|[from] item: Leftovers
|upkeep
|turn|56
|inactive|reshiram660 has 150 seconds left.
|inactive|Big Nut Bill reconnected and has 300 seconds left.
|player|p1|Big Nut Bill|medium|
|
|t:|1728342866
|move|p1a: Blissey|Soft-Boiled|p1a: Blissey
|-heal|p1a: Blissey|95/100
|move|p2a: Slowking|Rest|p2a: Slowking
|-status|p2a: Slowking|slp|[from] move: Rest
|-heal|p2a: Slowking|100/100 slp|[silent]
|
|-weather|Sandstorm|[upkeep]
|-damage|p1a: Blissey|89/100|[from] Sandstorm
|-damage|p2a: Slowking|94/100 slp|[from] Sandstorm
|-heal|p1a: Blissey|95/100|[from] item: Leftovers
|-heal|p2a: Slowking|100/100 slp|[from] item: Leftovers
|upkeep
|turn|57
|inactive|reshiram660 has 150 seconds left.
|
|t:|1728342878
|move|p1a: Blissey|Seismic Toss|p2a: Slowking
|-damage|p2a: Slowking|74/100 slp
|cant|p2a: Slowking|slp
|move|p2a: Slowking|Sleep Talk|p2a: Slowking
|move|p2a: Slowking|Surf|p1a: Blissey|[from]Sleep Talk
|-damage|p1a: Blissey|42/100
|
|-weather|Sandstorm|[upkeep]
|-damage|p1a: Blissey|36/100|[from] Sandstorm
|-damage|p2a: Slowking|67/100 slp|[from] Sandstorm
|-heal|p1a: Blissey|42/100|[from] item: Leftovers
|-heal|p2a: Slowking|74/100 slp|[from] item: Leftovers
|upkeep
|turn|58
|inactive|reshiram660 has 150 seconds left.
|inactive|reshiram660 has 120 seconds left.
|inactive|reshiram660 has 90 seconds left.
|
|t:|1728342977
|switch|p2a: Skarmory|Skarmory, M|100/100
|move|p1a: Blissey|Soft-Boiled|p1a: Blissey
|-heal|p1a: Blissey|92/100
|
|-weather|Sandstorm|[upkeep]
|-damage|p1a: Blissey|86/100|[from] Sandstorm
|-heal|p1a: Blissey|92/100|[from] item: Leftovers
|upkeep
|turn|59
|
|t:|1728343000
|move|p2a: Skarmory|Toxic|p1a: Blissey
|-status|p1a: Blissey|tox
|move|p1a: Blissey|Seismic Toss|p2a: Skarmory
|-damage|p2a: Skarmory|71/100
|
|-weather|Sandstorm|[upkeep]
|-damage|p1a: Blissey|86/100 tox|[from] Sandstorm
|-heal|p2a: Skarmory|77/100|[from] item: Leftovers
|-heal|p1a: Blissey|92/100 tox|[from] item: Leftovers
|-damage|p1a: Blissey|86/100 tox|[from] psn
|upkeep
|turn|60
|
|t:|1728343005
|move|p2a: Skarmory|Protect|p2a: Skarmory
|-singleturn|p2a: Skarmory|Protect
|move|p1a: Blissey|Seismic Toss|p2a: Skarmory
|-activate|p2a: Skarmory|Protect
|
|-weather|Sandstorm|[upkeep]
|-damage|p1a: Blissey|80/100 tox|[from] Sandstorm
|-heal|p2a: Skarmory|83/100|[from] item: Leftovers
|-heal|p1a: Blissey|86/100 tox|[from] item: Leftovers
|-damage|p1a: Blissey|73/100 tox|[from] psn
|upkeep
|turn|61
|inactive|reshiram660 has 90 seconds left.
|
|t:|1728343012
|move|p2a: Skarmory|Spikes|p1a: Blissey
|-sidestart|p1: Big Nut Bill|Spikes
|move|p1a: Blissey|Seismic Toss|p2a: Skarmory
|-damage|p2a: Skarmory|53/100
|
|-weather|Sandstorm|[upkeep]
|-damage|p1a: Blissey|67/100 tox|[from] Sandstorm
|-heal|p2a: Skarmory|59/100|[from] item: Leftovers
|-heal|p1a: Blissey|73/100 tox|[from] item: Leftovers
|-damage|p1a: Blissey|55/100 tox|[from] psn
|upkeep
|turn|62
|
|t:|1728343016
|move|p2a: Skarmory|Protect|p2a: Skarmory
|-singleturn|p2a: Skarmory|Protect
|move|p1a: Blissey|Soft-Boiled|p1a: Blissey
|-heal|p1a: Blissey|100/100 tox
|
|-weather|Sandstorm|[upkeep]
|-damage|p1a: Blissey|94/100 tox|[from] Sandstorm
|-heal|p2a: Skarmory|65/100|[from] item: Leftovers
|-heal|p1a: Blissey|100/100 tox|[from] item: Leftovers
|-damage|p1a: Blissey|76/100 tox|[from] psn
|upkeep
|turn|63
|
|t:|1728343031
|move|p2a: Skarmory|Spikes|p1a: Blissey
|-sidestart|p1: Big Nut Bill|Spikes
|move|p1a: Blissey|Seismic Toss|p2a: Skarmory
|-damage|p2a: Skarmory|35/100
|
|-weather|Sandstorm|[upkeep]
|-damage|p1a: Blissey|70/100 tox|[from] Sandstorm
|-heal|p2a: Skarmory|41/100|[from] item: Leftovers
|-heal|p1a: Blissey|76/100 tox|[from] item: Leftovers
|-damage|p1a: Blissey|45/100 tox|[from] psn
|upkeep
|turn|64
|
|t:|1728343042
|move|p2a: Skarmory|Protect|p2a: Skarmory
|-singleturn|p2a: Skarmory|Protect
|move|p1a: Blissey|Soft-Boiled|p1a: Blissey
|-heal|p1a: Blissey|95/100 tox
|
|-weather|Sandstorm|[upkeep]
|-damage|p1a: Blissey|89/100 tox|[from] Sandstorm
|-heal|p2a: Skarmory|47/100|[from] item: Leftovers
|-heal|p1a: Blissey|95/100 tox|[from] item: Leftovers
|-damage|p1a: Blissey|58/100 tox|[from] psn
|upkeep
|turn|65
|
|t:|1728343052
|move|p2a: Skarmory|Spikes|p1a: Blissey
|-sidestart|p1: Big Nut Bill|Spikes
|move|p1a: Blissey|Ice Beam|p2a: Skarmory
|-damage|p2a: Skarmory|26/100
|
|-weather|Sandstorm|[upkeep]
|-damage|p1a: Blissey|52/100 tox|[from] Sandstorm
|-heal|p2a: Skarmory|32/100|[from] item: Leftovers
|-heal|p1a: Blissey|58/100 tox|[from] item: Leftovers
|-damage|p1a: Blissey|15/100 tox|[from] psn
|upkeep
|turn|66
|
|t:|1728343057
|move|p2a: Skarmory|Protect|p2a: Skarmory
|-singleturn|p2a: Skarmory|Protect
|move|p1a: Blissey|Soft-Boiled|p1a: Blissey
|-heal|p1a: Blissey|65/100 tox
|
|-weather|Sandstorm|[upkeep]
|-damage|p1a: Blissey|59/100 tox|[from] Sandstorm
|-heal|p2a: Skarmory|38/100|[from] item: Leftovers
|-heal|p1a: Blissey|65/100 tox|[from] item: Leftovers
|-damage|p1a: Blissey|16/100 tox|[from] psn
|upkeep
|turn|67
|
|t:|1728343074
|move|p2a: Skarmory|Spikes||[still]
|-fail|p2a: Skarmory
|move|p1a: Blissey|Soft-Boiled|p1a: Blissey
|-heal|p1a: Blissey|66/100 tox
|
|-weather|Sandstorm|[upkeep]
|-damage|p1a: Blissey|60/100 tox|[from] Sandstorm
|-heal|p2a: Skarmory|44/100|[from] item: Leftovers
|-heal|p1a: Blissey|66/100 tox|[from] item: Leftovers
|-damage|p1a: Blissey|11/100 tox|[from] psn
|upkeep
|turn|68
|
|t:|1728343085
|move|p2a: Skarmory|Protect|p2a: Skarmory
|-singleturn|p2a: Skarmory|Protect
|move|p1a: Blissey|Soft-Boiled|p1a: Blissey
|-heal|p1a: Blissey|61/100 tox
|
|-weather|Sandstorm|[upkeep]
|-damage|p1a: Blissey|54/100 tox|[from] Sandstorm
|-heal|p2a: Skarmory|50/100|[from] item: Leftovers
|-heal|p1a: Blissey|61/100 tox|[from] item: Leftovers
|-damage|p1a: Blissey|0 fnt|[from] psn
|faint|p1a: Blissey
|
|win|reshiram660
|upkeep
|c|☆Big Nut Bill|gg
|c|☆reshiram660|gg

</script>
<script type="application/json" class="data" id="replaydata-smogtours-gen3ou-796276">
{"id":"smogtours-gen3ou-796276","format":"[Gen 3] OU","players":["Big Nut Bill","reshiram660"],"uploadtime":1728343085,"views":151,"formatid":"gen3ou","rating":null,"private":0,"password":null}
</script>

<script defer src="js/replays.js?9d40a366"></script>
