<!DOCTYPE html>
<meta charset="utf-8" />
<meta name="viewport" content="width=device-width" />

<title>[Gen 3] OU: xgermx vs. EpiclyEpicGamerW - Replays - Pok&eacute;mon Showdown!</title>

<meta name="description" content="Watch a replay of a Pok&eacute;mon battle between xgermx and EpiclyEpicGamerW! Format: [Gen 3] OU; Date: Oct 3, 2024" />
<!--

Hey, you! Looking in the source for the replay log?

You can find them in JSON format, just add `.json` at the end of a replay URL.

https://replay.pokemonshowdown.com/gen7randomdoublesbattle-865046831.json

Or, if you only need the log itself, add `.log` instead:

https://replay.pokemonshowdown.com/gen7randomdoublesbattle-865046831.log

-->

<link rel="stylesheet" href="//pokemonshowdown.com/style/global.css?0.023195364461161105" />
<link rel="stylesheet" href="//play.pokemonshowdown.com/style/font-awesome.css?0.13261647063804238" />
<link rel="stylesheet" href="//play.pokemonshowdown.com/style/battle.css?0.8753245789963631" />
<link rel="stylesheet" href="//play.pokemonshowdown.com/style/utilichart.css?0.8627959624976733" />

<!-- Global site tag (gtag.js) - Google Analytics -->
<script async src="https://www.googletagmanager.com/gtag/js?id=UA-26211653-1"></script>
<script>
  window.dataLayer = window.dataLayer || [];
  function gtag(){dataLayer.push(arguments);}
  gtag('js', new Date());

  gtag('config', 'UA-26211653-1');
</script>
<!-- End Google Analytics -->
<!-- Venatus Ad Manager - Install in <HEAD> of page -->
	<script src="https://hb.vntsm.com/v3/live/ad-manager.min.js" type="text/javascript" data-site-id="642aba63ec9a7b11c3c9c1be" data-mode="scan" async></script>
<!-- / Venatus Ad Manager -->

<style>
	@media (max-width:820px) {
		.battle {
			margin: 0 auto;
		}
		.battle-log {
			margin: 7px auto 0;
			max-width: 640px;
			height: 300px;
			position: static;
		}
	}
	.optgroup {
		display: inline-block;
		line-height: 22px;
		font-size: 10pt;
	}
	.optgroup .button {
		height: 25px;
		padding-top: 0;
		padding-bottom: 0;
	}
	.optgroup button.button {
		padding-left: 12px;
		padding-right: 12px;
	}
	.linklist {
		list-style: none;
		margin: 0.5em 0;
		padding: 0;
	}
	.linklist li {
		padding: 2px 0;
	}
	.sidebar {
		float: left;
		width: 320px;
	}
	.bar-wrapper {
		max-width: 1100px;
		margin: 0 auto;
	}
	.bar-wrapper.has-sidebar {
		max-width: 1430px;
	}
	.mainbar {
		margin: 0;
		padding-right: 1px;
	}
	.mainbar.has-sidebar {
		margin-left: 330px;
	}
	@media (min-width: 1511px) {
		.sidebar {
			width: 400px;
		}
		.bar-wrapper.has-sidebar {
			max-width: 1510px;
		}
		.mainbar.has-sidebar {
			margin-left: 410px;
		}
	}
	.section.first-section {
		margin-top: 9px;
	}
	.blocklink small {
		white-space: normal;
	}
	.button {
		vertical-align: middle;
	}
	.replay-controls {
		padding-top: 10px;
	}
	.replay-controls h1 {
		font-size: 16pt;
		font-weight: normal;
		color: #CCC;
	}
	.pagelink {
		text-align: center;
	}
	.pagelink a {
		width: 150px;
	}
	.textbox, .button {
		font-size: 11pt;
		vertical-align: middle;
	}
	@media (max-width: 450px) {
		.button {
			font-size: 9pt;
		}
	}
</style>

<div>

	<header>
		<div class="nav-wrapper"><ul class="nav">
			<li><a class="button nav-first" href="//pokemonshowdown.com/"><img src="//pokemonshowdown.com/images/pokemonshowdownbeta.png" srcset="//pokemonshowdown.com/images/pokemonshowdownbeta.png 1x, //pokemonshowdown.com/images/pokemonshowdownbeta@2x.png 2x" alt="Pok&eacute;mon Showdown" width="146" height="44" /> Home</a></li>
			<li><a class="button" href="//pokemonshowdown.com/dex/">Pok&eacute;dex</a></li>
			<li><a class="button cur" href="/">Replays</a></li>
			<li><a class="button" href="//pokemonshowdown.com/ladder/">Ladder</a></li>
			<li><a class="button nav-last" href="//pokemonshowdown.com/forums/">Forum</a></li>
			<li><a class="button greenbutton nav-first nav-last" href="//play.pokemonshowdown.com/">Play</a></li>
		</ul></div>
	</header>

	<div class="main" id="main">

		<noscript><section class="section">You need to enable JavaScript to use this page; sorry!</section></noscript>

	</div>

</div>

<script defer nomodule src="//play.pokemonshowdown.com/js/lib/ps-polyfill.js"></script>
<script defer src="//play.pokemonshowdown.com/js/lib/preact.min.js"></script>

<script defer src="//play.pokemonshowdown.com/config/config.js?2bddbc15"></script>
<script defer src="//play.pokemonshowdown.com/js/lib/jquery-1.11.0.min.js"></script>
<script defer src="//play.pokemonshowdown.com/js/lib/html-sanitizer-minified.js"></script>
<script defer src="//play.pokemonshowdown.com/js/battle-sound.js"></script>
<script defer src="//play.pokemonshowdown.com/js/battledata.js?0.7209276989879541"></script>
<script defer src="//play.pokemonshowdown.com/data/pokedex-mini.js?0.6111056340867951"></script>
<script defer src="//play.pokemonshowdown.com/data/pokedex-mini-bw.js?0.3532142036491459"></script>
<script defer src="//play.pokemonshowdown.com/data/graphics.js?0.24223875632456182"></script>
<script defer src="//play.pokemonshowdown.com/data/pokedex.js?0.38839984266356864"></script>
<script defer src="//play.pokemonshowdown.com/data/moves.js?0.21866028504024015"></script>
<script defer src="//play.pokemonshowdown.com/data/abilities.js?0.2005157953846628"></script>
<script defer src="//play.pokemonshowdown.com/data/items.js?0.9894211263848525"></script>
<script defer src="//play.pokemonshowdown.com/data/teambuilder-tables.js?0.6008791140282215"></script>
<script defer src="//play.pokemonshowdown.com/js/battle-tooltips.js?0.7580118955022959"></script>
<script defer src="//play.pokemonshowdown.com/js/battle.js?0.6057722274234274"></script>

<script defer src="js/utils.js?e31f9a17"></script>
<script defer src="js/replays-battle.js?7008c182"></script>

<!-- don't scrape this data! just add .json or .log after the URL!
Full API docs: https://github.com/smogon/pokemon-showdown-client/blob/master/WEB-API.md -->
<script type="text/plain" class="log" id="replaylog-smogtours-gen3ou-794397">
|inactive|Battle timer is ON: inactive players will automatically lose when time's up.
|t:|1727990556
|gametype|singles
|player|p1|xgermx|2|
|player|p2|EpiclyEpicGamerW|red-masters|
|teamsize|p1|6
|teamsize|p2|6
|gen|3
|tier|[Gen 3] OU
|rule|Sleep Clause Mod: Limit one foe put to sleep
|rule|Switch Priority Clause Mod: Faster Pokémon switch first
|rule|Species Clause: Limit one of each Pokémon
|rule|OHKO Clause: OHKO moves are banned
|rule|Evasion Items Clause: Evasion items are banned
|rule|Evasion Moves Clause: Evasion moves are banned
|rule|Endless Battle Clause: Forcing endless battles is banned
|rule|HP Percentage Mod: HP is shown in percentages
|rule|One Boost Passer Clause: Limit one Baton Passer that has a way to boost its stats
|rule|Freeze Clause Mod: Limit one foe frozen
|
|t:|1727990556
|start
|switch|p1a: Zapdos|Zapdos|100/100
|switch|p2a: Skarmory|Skarmory, F|100/100
|turn|1
|
|t:|1727990581
|switch|p2a: Blissey|Blissey, F, shiny|100/100
|move|p1a: Zapdos|Thunder Wave|p2a: Blissey
|-status|p2a: Blissey|par
|
|upkeep
|turn|2
|inactive|EpiclyEpicGamerW has 270 seconds left.
|
|t:|1727990630
|switch|p1a: Skarmory|Skarmory, M|100/100
|-curestatus|p2a: Blissey|par|[from] ability: Natural Cure
|switch|p2a: Skarmory|Skarmory, F|100/100
|
|upkeep
|turn|3
|
|t:|1727990638
|move|p1a: Skarmory|Spikes|p2a: Skarmory
|-sidestart|p2: EpiclyEpicGamerW|Spikes
|move|p2a: Skarmory|Spikes|p1a: Skarmory
|-sidestart|p1: xgermx|Spikes
|
|upkeep
|turn|4
|inactive|EpiclyEpicGamerW has 270 seconds left.
|
|t:|1727990648
|move|p1a: Skarmory|Spikes|p2a: Skarmory
|-sidestart|p2: EpiclyEpicGamerW|Spikes
|move|p2a: Skarmory|Spikes|p1a: Skarmory
|-sidestart|p1: xgermx|Spikes
|
|upkeep
|turn|5
|
|t:|1727990652
|move|p2a: Skarmory|Spikes|p1a: Skarmory
|-sidestart|p1: xgermx|Spikes
|move|p1a: Skarmory|Roar|p2a: Skarmory
|drag|p2a: Swampert|Swampert, F|100/100
|-damage|p2a: Swampert|84/100|[from] Spikes
|
|-heal|p2a: Swampert|90/100|[from] item: Leftovers
|upkeep
|turn|6
|inactive|EpiclyEpicGamerW has 270 seconds left.
|
|t:|1727990686
|switch|p2a: Starmie|Starmie|100/100
|-damage|p2a: Starmie|84/100|[from] Spikes
|move|p1a: Skarmory|Spikes|p2a: Starmie
|-sidestart|p2: EpiclyEpicGamerW|Spikes
|
|-heal|p2a: Starmie|90/100|[from] item: Leftovers
|upkeep
|turn|7
|
|t:|1727990706
|move|p2a: Starmie|Hydro Pump|p1a: Skarmory
|-damage|p1a: Skarmory|49/100
|move|p1a: Skarmory|Roar|p2a: Starmie
|drag|p2a: Gengar|Gengar, F|100/100
|
|-heal|p1a: Skarmory|55/100|[from] item: Leftovers
|upkeep
|turn|8
|
|t:|1727990718
|switch|p1a: Tyranitar|Tyranitar, M|100/100
|-damage|p1a: Tyranitar|76/100|[from] Spikes
|-weather|Sandstorm|[from] ability: Sand Stream|[of] p1a: Tyranitar
|move|p2a: Gengar|Will-O-Wisp|p1a: Tyranitar
|-status|p1a: Tyranitar|brn
|
|-weather|Sandstorm|[upkeep]
|-damage|p2a: Gengar|95/100|[from] Sandstorm
|-heal|p2a: Gengar|100/100|[from] item: Leftovers
|-heal|p1a: Tyranitar|82/100 brn|[from] item: Leftovers
|-damage|p1a: Tyranitar|69/100 brn|[from] brn
|upkeep
|turn|9
|inactive|EpiclyEpicGamerW has 270 seconds left.
|inactive|EpiclyEpicGamerW has 240 seconds left.
|inactive|EpiclyEpicGamerW has 210 seconds left.
|
|t:|1727990806
|switch|p2a: Blissey|Blissey, F, shiny|100/100
|-damage|p2a: Blissey|76/100|[from] Spikes
|switch|p1a: Blissey|Blissey, F|100/100
|-damage|p1a: Blissey|76/100|[from] Spikes
|
|-weather|Sandstorm|[upkeep]
|-damage|p2a: Blissey|69/100|[from] Sandstorm
|-damage|p1a: Blissey|69/100|[from] Sandstorm
|-heal|p2a: Blissey|76/100|[from] item: Leftovers
|-heal|p1a: Blissey|76/100|[from] item: Leftovers
|upkeep
|turn|10
|
|t:|1727990822
|move|p2a: Blissey|Toxic|p1a: Blissey
|-status|p1a: Blissey|tox
|move|p1a: Blissey|Heal Bell|p1a: Blissey
|-activate|p1a: Blissey|move: Heal Bell
|-curestatus|p1a: Blissey|tox|[silent]
|-curestatus|p1: Tyranitar|brn|[silent]
|
|-weather|Sandstorm|[upkeep]
|-damage|p2a: Blissey|69/100|[from] Sandstorm
|-damage|p1a: Blissey|69/100|[from] Sandstorm
|-heal|p2a: Blissey|76/100|[from] item: Leftovers
|-heal|p1a: Blissey|76/100|[from] item: Leftovers
|upkeep
|turn|11
|inactive|EpiclyEpicGamerW has 180 seconds left.
|
|t:|1727990841
|switch|p2a: Starmie|Starmie|90/100
|-damage|p2a: Starmie|65/100|[from] Spikes
|move|p1a: Blissey|Soft-Boiled|p1a: Blissey
|-heal|p1a: Blissey|100/100
|
|-weather|Sandstorm|[upkeep]
|-damage|p2a: Starmie|59/100|[from] Sandstorm
|-damage|p1a: Blissey|94/100|[from] Sandstorm
|-heal|p2a: Starmie|65/100|[from] item: Leftovers
|-heal|p1a: Blissey|100/100|[from] item: Leftovers
|upkeep
|turn|12
|
|t:|1727990852
|switch|p1a: Gengar|Gengar, M|100/100
|move|p2a: Starmie|Rapid Spin|p1a: Gengar
|-immune|p1a: Gengar
|
|-weather|Sandstorm|[upkeep]
|-damage|p2a: Starmie|59/100|[from] Sandstorm
|-damage|p1a: Gengar|94/100|[from] Sandstorm
|-heal|p2a: Starmie|65/100|[from] item: Leftovers
|-heal|p1a: Gengar|100/100|[from] item: Leftovers
|upkeep
|turn|13
|inactive|xgermx has 270 seconds left.
|inactive|EpiclyEpicGamerW has 180 seconds left.
|inactive|EpiclyEpicGamerW has 150 seconds left.
|inactive|EpiclyEpicGamerW has 120 seconds left.
|
|t:|1727990943
|switch|p2a: Tyranitar|Tyranitar, F|100/100
|-damage|p2a: Tyranitar|76/100|[from] Spikes
|move|p1a: Gengar|Thunderbolt|p2a: Tyranitar
|-damage|p2a: Tyranitar|53/100
|
|-weather|Sandstorm|[upkeep]
|-damage|p1a: Gengar|94/100|[from] Sandstorm
|-heal|p1a: Gengar|100/100|[from] item: Leftovers
|-heal|p2a: Tyranitar|60/100|[from] item: Leftovers
|upkeep
|turn|14
|inactive|xgermx has 270 seconds left.
|
|t:|1727990957
|move|p1a: Gengar|Will-O-Wisp|p2a: Tyranitar
|-status|p2a: Tyranitar|brn
|move|p2a: Tyranitar|Rock Slide|p1a: Gengar
|-damage|p1a: Gengar|66/100
|
|-weather|Sandstorm|[upkeep]
|-damage|p1a: Gengar|60/100|[from] Sandstorm
|-heal|p1a: Gengar|66/100|[from] item: Leftovers
|-heal|p2a: Tyranitar|66/100 brn|[from] item: Leftovers
|-damage|p2a: Tyranitar|53/100 brn|[from] brn
|upkeep
|turn|15
|inactive|xgermx has 270 seconds left.
|
|t:|1727990989
|switch|p1a: Skarmory|Skarmory, M|55/100
|move|p2a: Tyranitar|Rock Slide|p1a: Skarmory
|-damage|p1a: Skarmory|39/100
|
|-weather|Sandstorm|[upkeep]
|-heal|p1a: Skarmory|45/100|[from] item: Leftovers
|-heal|p2a: Tyranitar|60/100 brn|[from] item: Leftovers
|-damage|p2a: Tyranitar|47/100 brn|[from] brn
|upkeep
|turn|16
|
|t:|1727991012
|switch|p2a: Gengar|Gengar, F|100/100
|move|p1a: Skarmory|Protect||[still]
|-fail|p1a: Skarmory
|
|-weather|Sandstorm|[upkeep]
|-damage|p2a: Gengar|95/100|[from] Sandstorm
|-heal|p2a: Gengar|100/100|[from] item: Leftovers
|-heal|p1a: Skarmory|51/100|[from] item: Leftovers
|upkeep
|turn|17
|
|t:|1727991025
|move|p1a: Skarmory|Protect|p1a: Skarmory
|-singleturn|p1a: Skarmory|Protect
|move|p2a: Gengar|Will-O-Wisp|p1a: Skarmory
|-activate|p1a: Skarmory|Protect
|
|-weather|Sandstorm|[upkeep]
|-damage|p2a: Gengar|95/100|[from] Sandstorm
|-heal|p2a: Gengar|100/100|[from] item: Leftovers
|-heal|p1a: Skarmory|57/100|[from] item: Leftovers
|upkeep
|turn|18
|
|t:|1727991042
|switch|p1a: Blissey|Blissey, F|100/100
|-damage|p1a: Blissey|76/100|[from] Spikes
|move|p2a: Gengar|Will-O-Wisp|p1a: Blissey
|-status|p1a: Blissey|brn
|
|-weather|Sandstorm|[upkeep]
|-damage|p2a: Gengar|95/100|[from] Sandstorm
|-damage|p1a: Blissey|69/100 brn|[from] Sandstorm
|-heal|p2a: Gengar|100/100|[from] item: Leftovers
|-heal|p1a: Blissey|76/100 brn|[from] item: Leftovers
|-damage|p1a: Blissey|63/100 brn|[from] brn
|upkeep
|turn|19
|inactive|EpiclyEpicGamerW has 90 seconds left.
|inactive|EpiclyEpicGamerW has 60 seconds left.
|
|t:|1727991101
|move|p2a: Gengar|Thunderbolt|p1a: Blissey
|-damage|p1a: Blissey|55/100 brn
|move|p1a: Blissey|Soft-Boiled|p1a: Blissey
|-heal|p1a: Blissey|100/100 brn
|
|-weather|Sandstorm|[upkeep]
|-damage|p2a: Gengar|95/100|[from] Sandstorm
|-damage|p1a: Blissey|94/100 brn|[from] Sandstorm
|-heal|p2a: Gengar|100/100|[from] item: Leftovers
|-heal|p1a: Blissey|100/100 brn|[from] item: Leftovers
|-damage|p1a: Blissey|88/100 brn|[from] brn
|upkeep
|turn|20
|inactive|EpiclyEpicGamerW has 60 seconds left.
|
|t:|1727991116
|move|p2a: Gengar|Explosion|p1a: Blissey
|-damage|p1a: Blissey|18/100 brn
|faint|p2a: Gengar
|
|t:|1727991141
|switch|p2a: Swampert|Swampert, F|90/100
|-damage|p2a: Swampert|65/100|[from] Spikes
|
|-weather|Sandstorm|[upkeep]
|-damage|p1a: Blissey|12/100 brn|[from] Sandstorm
|-heal|p2a: Swampert|72/100|[from] item: Leftovers
|-heal|p1a: Blissey|18/100 brn|[from] item: Leftovers
|-damage|p1a: Blissey|6/100 brn|[from] brn
|upkeep
|turn|21
|
|t:|1727991152
|move|p2a: Swampert|Ice Beam|p1a: Blissey
|-damage|p1a: Blissey|0 fnt
|faint|p1a: Blissey
|inactive|xgermx has 240 seconds left.
|
|t:|1727991184
|switch|p1a: Skarmory|Skarmory, M|57/100
|
|-weather|Sandstorm|[upkeep]
|-heal|p1a: Skarmory|63/100|[from] item: Leftovers
|-heal|p2a: Swampert|78/100|[from] item: Leftovers
|upkeep
|turn|22
|inactive|EpiclyEpicGamerW has 60 seconds left.
|
|t:|1727991203
|switch|p2a: Skarmory|Skarmory, F|100/100
|move|p1a: Skarmory|Toxic|p2a: Skarmory
|-immune|p2a: Skarmory
|
|-weather|Sandstorm|[upkeep]
|-heal|p1a: Skarmory|69/100|[from] item: Leftovers
|upkeep
|turn|23
|inactive|xgermx has 240 seconds left.
|
|t:|1727991222
|move|p1a: Skarmory|Protect|p1a: Skarmory
|-singleturn|p1a: Skarmory|Protect
|move|p2a: Skarmory|Roar|p1a: Skarmory
|-activate|p1a: Skarmory|Protect
|
|-weather|Sandstorm|[upkeep]
|-heal|p1a: Skarmory|75/100|[from] item: Leftovers
|upkeep
|turn|24
|
|t:|1727991231
|move|p1a: Skarmory|Roar|p2a: Skarmory
|drag|p2a: Swampert|Swampert, F|78/100
|-damage|p2a: Swampert|53/100|[from] Spikes
|
|-weather|Sandstorm|[upkeep]
|-heal|p1a: Skarmory|81/100|[from] item: Leftovers
|-heal|p2a: Swampert|59/100|[from] item: Leftovers
|upkeep
|turn|25
|
|t:|1727991239
|move|p1a: Skarmory|Toxic|p2a: Swampert
|-status|p2a: Swampert|tox
|move|p2a: Swampert|Hydro Pump|p1a: Skarmory|[miss]
|-miss|p2a: Swampert|p1a: Skarmory
|
|-weather|Sandstorm|[upkeep]
|-heal|p1a: Skarmory|87/100|[from] item: Leftovers
|-heal|p2a: Swampert|65/100 tox|[from] item: Leftovers
|-damage|p2a: Swampert|59/100 tox|[from] psn
|upkeep
|turn|26
|
|t:|1727991257
|move|p1a: Skarmory|Toxic|p2a: Swampert
|-fail|p2a: Swampert|tox
|move|p2a: Swampert|Hydro Pump|p1a: Skarmory
|-damage|p1a: Skarmory|55/100
|
|-weather|Sandstorm|[upkeep]
|-heal|p1a: Skarmory|61/100|[from] item: Leftovers
|-heal|p2a: Swampert|65/100 tox|[from] item: Leftovers
|-damage|p2a: Swampert|53/100 tox|[from] psn
|upkeep
|turn|27
|
|t:|1727991267
|move|p1a: Skarmory|Protect|p1a: Skarmory
|-singleturn|p1a: Skarmory|Protect
|move|p2a: Swampert|Hydro Pump|p1a: Skarmory
|-activate|p1a: Skarmory|Protect
|
|-weather|Sandstorm|[upkeep]
|-heal|p1a: Skarmory|67/100|[from] item: Leftovers
|-heal|p2a: Swampert|59/100 tox|[from] item: Leftovers
|-damage|p2a: Swampert|40/100 tox|[from] psn
|upkeep
|turn|28
|
|t:|1727991285
|move|p1a: Skarmory|Toxic|p2a: Swampert
|-fail|p2a: Swampert|tox
|move|p2a: Swampert|Hydro Pump|p1a: Skarmory
|-damage|p1a: Skarmory|29/100
|
|-weather|Sandstorm|[upkeep]
|-heal|p1a: Skarmory|35/100|[from] item: Leftovers
|-heal|p2a: Swampert|47/100 tox|[from] item: Leftovers
|-damage|p2a: Swampert|22/100 tox|[from] psn
|upkeep
|turn|29
|
|t:|1727991294
|move|p1a: Skarmory|Protect|p1a: Skarmory
|-singleturn|p1a: Skarmory|Protect
|move|p2a: Swampert|Hydro Pump|p1a: Skarmory
|-activate|p1a: Skarmory|Protect
|
|-weather|Sandstorm|[upkeep]
|-heal|p1a: Skarmory|41/100|[from] item: Leftovers
|-heal|p2a: Swampert|28/100 tox|[from] item: Leftovers
|-damage|p2a: Swampert|0 fnt|[from] psn
|faint|p2a: Swampert
|upkeep
|
|t:|1727991298
|switch|p2a: Starmie|Starmie|65/100
|-damage|p2a: Starmie|41/100|[from] Spikes
|turn|30
|
|t:|1727991318
|move|p2a: Starmie|Thunderbolt|p1a: Skarmory
|-supereffective|p1a: Skarmory
|-damage|p1a: Skarmory|0 fnt
|faint|p1a: Skarmory
|
|t:|1727991322
|switch|p1a: Gengar|Gengar, M|66/100
|
|-weather|Sandstorm|[upkeep]
|-damage|p2a: Starmie|34/100|[from] Sandstorm
|-damage|p1a: Gengar|60/100|[from] Sandstorm
|-heal|p2a: Starmie|41/100|[from] item: Leftovers
|-heal|p1a: Gengar|66/100|[from] item: Leftovers
|upkeep
|turn|31
|inactive|EpiclyEpicGamerW has 90 seconds left.
|
|t:|1727991360
|switch|p2a: Blissey|Blissey, F, shiny|76/100
|-damage|p2a: Blissey|51/100|[from] Spikes
|move|p1a: Gengar|Thunderbolt|p2a: Blissey
|-damage|p2a: Blissey|40/100
|-status|p2a: Blissey|par
|
|-weather|Sandstorm|[upkeep]
|-damage|p1a: Gengar|60/100|[from] Sandstorm
|-damage|p2a: Blissey|34/100 par|[from] Sandstorm
|-heal|p1a: Gengar|66/100|[from] item: Leftovers
|-heal|p2a: Blissey|40/100 par|[from] item: Leftovers
|upkeep
|turn|32
|
|t:|1727991371
|move|p1a: Gengar|Taunt|p2a: Blissey
|-start|p2a: Blissey|move: Taunt
|cant|p2a: Blissey|move: Taunt|Soft-Boiled
|
|-weather|Sandstorm|[upkeep]
|-damage|p1a: Gengar|60/100|[from] Sandstorm
|-damage|p2a: Blissey|34/100 par|[from] Sandstorm
|-heal|p1a: Gengar|66/100|[from] item: Leftovers
|-heal|p2a: Blissey|40/100 par|[from] item: Leftovers
|upkeep
|turn|33
|
|t:|1727991383
|move|p1a: Gengar|Thunderbolt|p2a: Blissey
|-damage|p2a: Blissey|30/100 par
|move|p2a: Blissey|Ice Beam|p1a: Gengar
|-damage|p1a: Gengar|35/100
|
|-weather|Sandstorm|[upkeep]
|-damage|p1a: Gengar|29/100|[from] Sandstorm
|-damage|p2a: Blissey|23/100 par|[from] Sandstorm
|-heal|p1a: Gengar|35/100|[from] item: Leftovers
|-heal|p2a: Blissey|30/100 par|[from] item: Leftovers
|-end|p2a: Blissey|move: Taunt|[silent]
|upkeep
|turn|34
|
|t:|1727991395
|move|p1a: Gengar|Taunt|p2a: Blissey
|-start|p2a: Blissey|move: Taunt
|move|p2a: Blissey|Fire Blast|p1a: Gengar|[miss]
|-miss|p2a: Blissey|p1a: Gengar
|
|-weather|Sandstorm|[upkeep]
|-damage|p1a: Gengar|29/100|[from] Sandstorm
|-damage|p2a: Blissey|23/100 par|[from] Sandstorm
|-heal|p1a: Gengar|35/100|[from] item: Leftovers
|-heal|p2a: Blissey|30/100 par|[from] item: Leftovers
|upkeep
|turn|35
|
|t:|1727991405
|move|p1a: Gengar|Thunderbolt|p2a: Blissey
|-damage|p2a: Blissey|18/100 par
|move|p2a: Blissey|Fire Blast|p1a: Gengar
|-damage|p1a: Gengar|0 fnt
|faint|p1a: Gengar
|inactive|xgermx has 240 seconds left.
|
|t:|1727991443
|switch|p1a: Swampert|Swampert, F|100/100
|-damage|p1a: Swampert|76/100|[from] Spikes
|
|-weather|Sandstorm|[upkeep]
|-damage|p2a: Blissey|12/100 par|[from] Sandstorm
|-heal|p1a: Swampert|82/100|[from] item: Leftovers
|-heal|p2a: Blissey|18/100 par|[from] item: Leftovers
|-end|p2a: Blissey|move: Taunt|[silent]
|upkeep
|turn|36
|
|t:|1727991454
|move|p1a: Swampert|Earthquake|p2a: Blissey
|-damage|p2a: Blissey|0 fnt
|faint|p2a: Blissey
|
|t:|1727991458
|switch|p2a: Skarmory|Skarmory, F|100/100
|
|-weather|Sandstorm|[upkeep]
|-heal|p1a: Swampert|88/100|[from] item: Leftovers
|upkeep
|turn|37
|inactive|xgermx has 240 seconds left.
|
|t:|1727991476
|move|p1a: Swampert|Hydro Pump|p2a: Skarmory
|-damage|p2a: Skarmory|68/100
|move|p2a: Skarmory|Roar|p1a: Swampert
|drag|p1a: Zapdos|Zapdos|100/100
|
|-weather|Sandstorm|[upkeep]
|-damage|p1a: Zapdos|95/100|[from] Sandstorm
|-heal|p1a: Zapdos|100/100|[from] item: Leftovers
|-heal|p2a: Skarmory|74/100|[from] item: Leftovers
|upkeep
|turn|38
|
|t:|1727991485
|move|p2a: Skarmory|Protect|p2a: Skarmory
|-singleturn|p2a: Skarmory|Protect
|move|p1a: Zapdos|Thunderbolt|p2a: Skarmory
|-activate|p2a: Skarmory|Protect
|
|-weather|Sandstorm|[upkeep]
|-damage|p1a: Zapdos|95/100|[from] Sandstorm
|-heal|p1a: Zapdos|100/100|[from] item: Leftovers
|-heal|p2a: Skarmory|80/100|[from] item: Leftovers
|upkeep
|turn|39
|inactive|xgermx has 240 seconds left.
|
|t:|1727991494
|switch|p2a: Tyranitar|Tyranitar, F|47/100 brn
|-damage|p2a: Tyranitar|22/100 brn|[from] Spikes
|move|p1a: Zapdos|Thunderbolt|p2a: Tyranitar
|-damage|p2a: Tyranitar|0 fnt
|faint|p2a: Tyranitar
|
|t:|1727991499
|switch|p2a: Starmie|Starmie|41/100
|-damage|p2a: Starmie|16/100|[from] Spikes
|
|-weather|Sandstorm|[upkeep]
|-damage|p2a: Starmie|10/100|[from] Sandstorm
|-damage|p1a: Zapdos|95/100|[from] Sandstorm
|-heal|p2a: Starmie|16/100|[from] item: Leftovers
|-heal|p1a: Zapdos|100/100|[from] item: Leftovers
|upkeep
|turn|40
|inactive|xgermx has 240 seconds left.
|
|t:|1727991523
|switch|p1a: Tyranitar|Tyranitar, M|69/100
|-damage|p1a: Tyranitar|45/100|[from] Spikes
|move|p2a: Starmie|Ice Beam|p1a: Tyranitar
|-damage|p1a: Tyranitar|20/100
|
|-weather|Sandstorm|[upkeep]
|-damage|p2a: Starmie|10/100|[from] Sandstorm
|-heal|p2a: Starmie|16/100|[from] item: Leftovers
|-heal|p1a: Tyranitar|27/100|[from] item: Leftovers
|upkeep
|turn|41
|inactive|xgermx has 240 seconds left.
|
|t:|1727991535
|move|p2a: Starmie|Hydro Pump|p1a: Tyranitar
|-supereffective|p1a: Tyranitar
|-damage|p1a: Tyranitar|0 fnt
|faint|p1a: Tyranitar
|
|t:|1727991540
|switch|p1a: Swampert|Swampert, F|88/100
|-damage|p1a: Swampert|63/100|[from] Spikes
|
|-weather|Sandstorm|[upkeep]
|-damage|p2a: Starmie|10/100|[from] Sandstorm
|-heal|p2a: Starmie|16/100|[from] item: Leftovers
|-heal|p1a: Swampert|69/100|[from] item: Leftovers
|upkeep
|turn|42
|
|t:|1727991548
|move|p2a: Starmie|Ice Beam|p1a: Swampert
|-damage|p1a: Swampert|46/100
|move|p1a: Swampert|Earthquake|p2a: Starmie
|-damage|p2a: Starmie|0 fnt
|faint|p2a: Starmie
|
|t:|1727991552
|switch|p2a: Skarmory|Skarmory, F|80/100
|
|-weather|Sandstorm|[upkeep]
|-heal|p2a: Skarmory|86/100|[from] item: Leftovers
|-heal|p1a: Swampert|52/100|[from] item: Leftovers
|upkeep
|turn|43
|
|t:|1727991558
|move|p2a: Skarmory|Toxic|p1a: Swampert
|-status|p1a: Swampert|tox
|move|p1a: Swampert|Hydro Pump|p2a: Skarmory
|-damage|p2a: Skarmory|56/100
|
|-weather|Sandstorm|[upkeep]
|-heal|p2a: Skarmory|62/100|[from] item: Leftovers
|-heal|p1a: Swampert|58/100 tox|[from] item: Leftovers
|-damage|p1a: Swampert|52/100 tox|[from] psn
|upkeep
|turn|44
|
|t:|1727991567
|move|p2a: Skarmory|Protect|p2a: Skarmory
|-singleturn|p2a: Skarmory|Protect
|move|p1a: Swampert|Hydro Pump|p2a: Skarmory
|-activate|p2a: Skarmory|Protect
|
|-weather|Sandstorm|[upkeep]
|-heal|p2a: Skarmory|68/100|[from] item: Leftovers
|-heal|p1a: Swampert|58/100 tox|[from] item: Leftovers
|-damage|p1a: Swampert|46/100 tox|[from] psn
|upkeep
|turn|45
|
|t:|1727991575
|move|p2a: Skarmory|Protect||[still]
|-fail|p2a: Skarmory
|move|p1a: Swampert|Ice Beam|p2a: Skarmory
|-damage|p2a: Skarmory|50/100
|
|-weather|Sandstorm|[upkeep]
|-heal|p2a: Skarmory|56/100|[from] item: Leftovers
|-heal|p1a: Swampert|52/100 tox|[from] item: Leftovers
|-damage|p1a: Swampert|34/100 tox|[from] psn
|upkeep
|turn|46
|inactive|xgermx has 270 seconds left.
|
|t:|1727991584
|move|p2a: Skarmory|Protect|p2a: Skarmory
|-singleturn|p2a: Skarmory|Protect
|move|p1a: Swampert|Ice Beam|p2a: Skarmory
|-activate|p2a: Skarmory|Protect
|
|-weather|Sandstorm|[upkeep]
|-heal|p2a: Skarmory|62/100|[from] item: Leftovers
|-heal|p1a: Swampert|40/100 tox|[from] item: Leftovers
|-damage|p1a: Swampert|15/100 tox|[from] psn
|upkeep
|turn|47
|
|t:|1727991592
|move|p2a: Skarmory|Protect||[still]
|-fail|p2a: Skarmory
|move|p1a: Swampert|Ice Beam|p2a: Skarmory
|-damage|p2a: Skarmory|46/100
|
|-weather|Sandstorm|[upkeep]
|-heal|p2a: Skarmory|52/100|[from] item: Leftovers
|-heal|p1a: Swampert|21/100 tox|[from] item: Leftovers
|-damage|p1a: Swampert|0 fnt|[from] psn
|faint|p1a: Swampert
|upkeep
|
|t:|1727991602
|switch|p1a: Zapdos|Zapdos|100/100
|turn|48
|inactive|EpiclyEpicGamerW has 240 seconds left.
|
|t:|1727991607
|move|p1a: Zapdos|Thunderbolt|p2a: Skarmory
|-supereffective|p2a: Skarmory
|-damage|p2a: Skarmory|0 fnt
|faint|p2a: Skarmory
|
|win|xgermx
|c|☆xgermx|gg
|c|☆EpiclyEpicGamerW|gg
|player|p2|

</script>
<script type="application/json" class="data" id="replaydata-smogtours-gen3ou-794397">
{"id":"smogtours-gen3ou-794397","format":"[Gen 3] OU","players":["xgermx","EpiclyEpicGamerW"],"uploadtime":1727991607,"views":121,"formatid":"gen3ou","rating":null,"private":0,"password":null}
</script>

<script defer src="js/replays.js?9d40a366"></script>
