<!DOCTYPE html>
<meta charset="utf-8" />
<meta name="viewport" content="width=device-width" />

<title>[Gen 3] OU: Oskari SOSA vs. kittencel - Replays - Pok&eacute;mon Showdown!</title>

<meta name="description" content="Watch a replay of a Pok&eacute;mon battle between Oskari SOSA and kittencel! Format: [Gen 3] OU; Date: Oct 17, 2024" />
<!--

Hey, you! Looking in the source for the replay log?

You can find them in JSON format, just add `.json` at the end of a replay URL.

https://replay.pokemonshowdown.com/gen7randomdoublesbattle-865046831.json

Or, if you only need the log itself, add `.log` instead:

https://replay.pokemonshowdown.com/gen7randomdoublesbattle-865046831.log

-->

<link rel="stylesheet" href="//pokemonshowdown.com/style/global.css?0.023195364461161105" />
<link rel="stylesheet" href="//play.pokemonshowdown.com/style/font-awesome.css?0.13261647063804238" />
<link rel="stylesheet" href="//play.pokemonshowdown.com/style/battle.css?0.8753245789963631" />
<link rel="stylesheet" href="//play.pokemonshowdown.com/style/utilichart.css?0.8627959624976733" />

<!-- Global site tag (gtag.js) - Google Analytics -->
<script async src="https://www.googletagmanager.com/gtag/js?id=UA-26211653-1"></script>
<script>
  window.dataLayer = window.dataLayer || [];
  function gtag(){dataLayer.push(arguments);}
  gtag('js', new Date());

  gtag('config', 'UA-26211653-1');
</script>
<!-- End Google Analytics -->
<!-- Venatus Ad Manager - Install in <HEAD> of page -->
	<script src="https://hb.vntsm.com/v3/live/ad-manager.min.js" type="text/javascript" data-site-id="642aba63ec9a7b11c3c9c1be" data-mode="scan" async></script>
<!-- / Venatus Ad Manager -->

<style>
	@media (max-width:820px) {
		.battle {
			margin: 0 auto;
		}
		.battle-log {
			margin: 7px auto 0;
			max-width: 640px;
			height: 300px;
			position: static;
		}
	}
	.optgroup {
		display: inline-block;
		line-height: 22px;
		font-size: 10pt;
	}
	.optgroup .button {
		height: 25px;
		padding-top: 0;
		padding-bottom: 0;
	}
	.optgroup button.button {
		padding-left: 12px;
		padding-right: 12px;
	}
	.linklist {
		list-style: none;
		margin: 0.5em 0;
		padding: 0;
	}
	.linklist li {
		padding: 2px 0;
	}
	.sidebar {
		float: left;
		width: 320px;
	}
	.bar-wrapper {
		max-width: 1100px;
		margin: 0 auto;
	}
	.bar-wrapper.has-sidebar {
		max-width: 1430px;
	}
	.mainbar {
		margin: 0;
		padding-right: 1px;
	}
	.mainbar.has-sidebar {
		margin-left: 330px;
	}
	@media (min-width: 1511px) {
		.sidebar {
			width: 400px;
		}
		.bar-wrapper.has-sidebar {
			max-width: 1510px;
		}
		.mainbar.has-sidebar {
			margin-left: 410px;
		}
	}
	.section.first-section {
		margin-top: 9px;
	}
	.blocklink small {
		white-space: normal;
	}
	.button {
		vertical-align: middle;
	}
	.replay-controls {
		padding-top: 10px;
	}
	.replay-controls h1 {
		font-size: 16pt;
		font-weight: normal;
		color: #CCC;
	}
	.pagelink {
		text-align: center;
	}
	.pagelink a {
		width: 150px;
	}
	.textbox, .button {
		font-size: 11pt;
		vertical-align: middle;
	}
	@media (max-width: 450px) {
		.button {
			font-size: 9pt;
		}
	}
</style>

<div>

	<header>
		<div class="nav-wrapper"><ul class="nav">
			<li><a class="button nav-first" href="//pokemonshowdown.com/"><img src="//pokemonshowdown.com/images/pokemonshowdownbeta.png" srcset="//pokemonshowdown.com/images/pokemonshowdownbeta.png 1x, //pokemonshowdown.com/images/pokemonshowdownbeta@2x.png 2x" alt="Pok&eacute;mon Showdown" width="146" height="44" /> Home</a></li>
			<li><a class="button" href="//pokemonshowdown.com/dex/">Pok&eacute;dex</a></li>
			<li><a class="button cur" href="/">Replays</a></li>
			<li><a class="button" href="//pokemonshowdown.com/ladder/">Ladder</a></li>
			<li><a class="button nav-last" href="//pokemonshowdown.com/forums/">Forum</a></li>
			<li><a class="button greenbutton nav-first nav-last" href="//play.pokemonshowdown.com/">Play</a></li>
		</ul></div>
	</header>

	<div class="main" id="main">

		<noscript><section class="section">You need to enable JavaScript to use this page; sorry!</section></noscript>

	</div>

</div>

<script defer nomodule src="//play.pokemonshowdown.com/js/lib/ps-polyfill.js"></script>
<script defer src="//play.pokemonshowdown.com/js/lib/preact.min.js"></script>

<script defer src="//play.pokemonshowdown.com/config/config.js?2bddbc15"></script>
<script defer src="//play.pokemonshowdown.com/js/lib/jquery-1.11.0.min.js"></script>
<script defer src="//play.pokemonshowdown.com/js/lib/html-sanitizer-minified.js"></script>
<script defer src="//play.pokemonshowdown.com/js/battle-sound.js"></script>
<script defer src="//play.pokemonshowdown.com/js/battledata.js?0.7209276989879541"></script>
<script defer src="//play.pokemonshowdown.com/data/pokedex-mini.js?0.6111056340867951"></script>
<script defer src="//play.pokemonshowdown.com/data/pokedex-mini-bw.js?0.3532142036491459"></script>
<script defer src="//play.pokemonshowdown.com/data/graphics.js?0.24223875632456182"></script>
<script defer src="//play.pokemonshowdown.com/data/pokedex.js?0.38839984266356864"></script>
<script defer src="//play.pokemonshowdown.com/data/moves.js?0.21866028504024015"></script>
<script defer src="//play.pokemonshowdown.com/data/abilities.js?0.2005157953846628"></script>
<script defer src="//play.pokemonshowdown.com/data/items.js?0.9894211263848525"></script>
<script defer src="//play.pokemonshowdown.com/data/teambuilder-tables.js?0.6008791140282215"></script>
<script defer src="//play.pokemonshowdown.com/js/battle-tooltips.js?0.7580118955022959"></script>
<script defer src="//play.pokemonshowdown.com/js/battle.js?0.6057722274234274"></script>

<script defer src="js/utils.js?e31f9a17"></script>
<script defer src="js/replays-battle.js?7008c182"></script>

<!-- don't scrape this data! just add .json or .log after the URL!
Full API docs: https://github.com/smogon/pokemon-showdown-client/blob/master/WEB-API.md -->
<script type="text/plain" class="log" id="replaylog-smogtours-gen3ou-799270">
|inactive|Battle timer is ON: inactive players will automatically lose when time's up.
|t:|1729177488
|gametype|singles
|player|p1|Oskari SOSA|giovanni|
|player|p2|kittencel|lady|
|teamsize|p1|6
|teamsize|p2|6
|gen|3
|tier|[Gen 3] OU
|rule|Sleep Clause Mod: Limit one foe put to sleep
|rule|Switch Priority Clause Mod: Faster Pokémon switch first
|rule|Species Clause: Limit one of each Pokémon
|rule|OHKO Clause: OHKO moves are banned
|rule|Evasion Items Clause: Evasion items are banned
|rule|Evasion Moves Clause: Evasion moves are banned
|rule|Endless Battle Clause: Forcing endless battles is banned
|rule|HP Percentage Mod: HP is shown in percentages
|rule|One Boost Passer Clause: Limit one Baton Passer that has a way to boost its stats
|rule|Freeze Clause Mod: Limit one foe frozen
|
|t:|1729177488
|start
|switch|p1a: Salamence|Salamence, M|100/100
|switch|p2a: from the screen|Metagross, shiny|100/100
|-ability|p1a: Salamence|Intimidate|boost
|-fail|p2a: from the screen|unboost|[from] ability: Clear Body|[of] p2a: from the screen
|turn|1
|c|☆kittencel|hf
|c|☆Oskari SOSA|u2
|c|+violet river|go eva !!!
|
|t:|1729177517
|switch|p1a: Forretress|Forretress, M|100/100
|move|p2a: from the screen|Explosion|p1a: Forretress
|-resisted|p1a: Forretress
|-damage|p1a: Forretress|2/100
|faint|p2a: from the screen
|
|t:|1729177534
|switch|p2a: wheres my crown|Salamence, M|100/100
|-ability|p2a: wheres my crown|Intimidate|boost
|-unboost|p1a: Forretress|atk|1
|
|-heal|p1a: Forretress|9/100|[from] item: Leftovers
|upkeep
|turn|2
|
|t:|1729177547
|switch|p1a: Blissey|Blissey, F|100/100
|move|p2a: wheres my crown|Hidden Power|p1a: Blissey
|-damage|p1a: Blissey|63/100
|
|-heal|p1a: Blissey|69/100|[from] item: Leftovers
|upkeep
|turn|3
|
|t:|1729177553
|switch|p2a: to the pen|Forretress, F|100/100
|move|p1a: Blissey|Soft-Boiled|p1a: Blissey
|-heal|p1a: Blissey|100/100
|
|upkeep
|turn|4
|
|t:|1729177556
|switch|p1a: Forretress|Forretress, M|9/100
|move|p2a: to the pen|Spikes|p1a: Forretress
|-sidestart|p1: Oskari SOSA|Spikes
|
|-heal|p1a: Forretress|15/100|[from] item: Leftovers
|upkeep
|turn|5
|
|t:|1729177562
|switch|p2a: to the ring|Solrock, shiny|100/100
|move|p1a: Forretress|Rapid Spin|p2a: to the ring
|-resisted|p2a: to the ring
|-damage|p2a: to the ring|97/100
|-sideend|p1: Oskari SOSA|Spikes|[from] move: Rapid Spin|[of] p1a: Forretress
|
|-heal|p1a: Forretress|21/100|[from] item: Leftovers
|upkeep
|turn|6
|inactive|Oskari SOSA has 270 seconds left.
|
|t:|1729177617
|switch|p1a: Jirachi|Jirachi|100/100
|move|p2a: to the ring|Explosion|p1a: Jirachi
|-resisted|p1a: Jirachi
|-damage|p1a: Jirachi|26/100
|faint|p2a: to the ring
|
|t:|1729177622
|switch|p2a: thats my bling|Snorlax, F|100/100
|
|-heal|p1a: Jirachi|33/100|[from] item: Leftovers
|upkeep
|turn|7
|
|t:|1729177633
|switch|p1a: Forretress|Forretress, M|21/100
|move|p2a: thats my bling|Curse|p2a: thats my bling
|-unboost|p2a: thats my bling|spe|1
|-boost|p2a: thats my bling|atk|1
|-boost|p2a: thats my bling|def|1
|
|-heal|p1a: Forretress|27/100|[from] item: Leftovers
|upkeep
|turn|8
|
|t:|1729177637
|move|p1a: Forretress|Explosion|p2a: thats my bling
|-damage|p2a: thats my bling|38/100
|faint|p1a: Forretress
|
|t:|1729177642
|switch|p1a: Tyranitar|Tyranitar, M|100/100
|-weather|Sandstorm|[from] ability: Sand Stream|[of] p1a: Tyranitar
|
|-weather|Sandstorm|[upkeep]
|-damage|p2a: thats my bling|32/100|[from] Sandstorm
|-heal|p2a: thats my bling|38/100|[from] item: Leftovers
|upkeep
|turn|9
|
|t:|1729177647
|move|p1a: Tyranitar|Crunch|p2a: thats my bling
|-damage|p2a: thats my bling|17/100
|move|p2a: thats my bling|Earthquake|p1a: Tyranitar
|-supereffective|p1a: Tyranitar
|-damage|p1a: Tyranitar|35/100
|
|-weather|Sandstorm|[upkeep]
|-damage|p2a: thats my bling|11/100|[from] Sandstorm
|-heal|p1a: Tyranitar|41/100|[from] item: Leftovers
|-heal|p2a: thats my bling|17/100|[from] item: Leftovers
|upkeep
|turn|10
|
|t:|1729177655
|move|p1a: Tyranitar|Crunch|p2a: thats my bling
|-damage|p2a: thats my bling|0 fnt
|faint|p2a: thats my bling
|
|t:|1729177669
|switch|p2a: to the king|Suicune, shiny|100/100
|
|-weather|Sandstorm|[upkeep]
|-damage|p2a: to the king|94/100|[from] Sandstorm
|-heal|p2a: to the king|100/100|[from] item: Leftovers
|-heal|p1a: Tyranitar|47/100|[from] item: Leftovers
|upkeep
|turn|11
|
|t:|1729177675
|switch|p1a: Blissey|Blissey, F|100/100
|move|p2a: to the king|Calm Mind|p2a: to the king
|-boost|p2a: to the king|spa|1
|-boost|p2a: to the king|spd|1
|
|-weather|Sandstorm|[upkeep]
|-damage|p2a: to the king|94/100|[from] Sandstorm
|-damage|p1a: Blissey|94/100|[from] Sandstorm
|-heal|p2a: to the king|100/100|[from] item: Leftovers
|-heal|p1a: Blissey|100/100|[from] item: Leftovers
|upkeep
|turn|12
|
|t:|1729177680
|move|p2a: to the king|Calm Mind|p2a: to the king
|-boost|p2a: to the king|spa|1
|-boost|p2a: to the king|spd|1
|move|p1a: Blissey|Thunder Wave|p2a: to the king
|-status|p2a: to the king|par
|
|-weather|Sandstorm|[upkeep]
|-damage|p1a: Blissey|94/100|[from] Sandstorm
|-damage|p2a: to the king|94/100 par|[from] Sandstorm
|-heal|p1a: Blissey|100/100|[from] item: Leftovers
|-heal|p2a: to the king|100/100 par|[from] item: Leftovers
|upkeep
|turn|13
|
|t:|1729177684
|move|p1a: Blissey|Seismic Toss|p2a: to the king
|-damage|p2a: to the king|76/100 par
|move|p2a: to the king|Calm Mind|p2a: to the king
|-boost|p2a: to the king|spa|1
|-boost|p2a: to the king|spd|1
|
|-weather|Sandstorm|[upkeep]
|-damage|p1a: Blissey|94/100|[from] Sandstorm
|-damage|p2a: to the king|69/100 par|[from] Sandstorm
|-heal|p1a: Blissey|100/100|[from] item: Leftovers
|-heal|p2a: to the king|76/100 par|[from] item: Leftovers
|upkeep
|turn|14
|
|t:|1729177691
|move|p1a: Blissey|Seismic Toss|p2a: to the king
|-damage|p2a: to the king|51/100 par
|move|p2a: to the king|Rest|p2a: to the king
|-status|p2a: to the king|slp|[from] move: Rest
|-heal|p2a: to the king|100/100 slp|[silent]
|
|-weather|Sandstorm|[upkeep]
|-damage|p2a: to the king|94/100 slp|[from] Sandstorm
|-damage|p1a: Blissey|94/100|[from] Sandstorm
|-heal|p2a: to the king|100/100 slp|[from] item: Leftovers
|-heal|p1a: Blissey|100/100|[from] item: Leftovers
|upkeep
|turn|15
|
|t:|1729177697
|cant|p2a: to the king|slp
|move|p2a: to the king|Sleep Talk|p2a: to the king
|move|p2a: to the king|Calm Mind|p2a: to the king|[from]Sleep Talk
|-boost|p2a: to the king|spa|1
|-boost|p2a: to the king|spd|1
|move|p1a: Blissey|Seismic Toss|p2a: to the king
|-damage|p2a: to the king|76/100 slp
|
|-weather|Sandstorm|[upkeep]
|-damage|p2a: to the king|69/100 slp|[from] Sandstorm
|-damage|p1a: Blissey|94/100|[from] Sandstorm
|-heal|p2a: to the king|76/100 slp|[from] item: Leftovers
|-heal|p1a: Blissey|100/100|[from] item: Leftovers
|upkeep
|turn|16
|
|t:|1729177706
|cant|p2a: to the king|slp
|move|p2a: to the king|Sleep Talk|p2a: to the king
|move|p2a: to the king|Rest|p2a: to the king|[from]Sleep Talk
|move|p1a: Blissey|Seismic Toss|p2a: to the king
|-damage|p2a: to the king|51/100 slp
|
|-weather|Sandstorm|[upkeep]
|-damage|p2a: to the king|44/100 slp|[from] Sandstorm
|-damage|p1a: Blissey|94/100|[from] Sandstorm
|-heal|p2a: to the king|51/100 slp|[from] item: Leftovers
|-heal|p1a: Blissey|100/100|[from] item: Leftovers
|upkeep
|turn|17
|
|t:|1729177715
|-curestatus|p2a: to the king|slp|[msg]
|move|p2a: to the king|Rest|p2a: to the king
|-status|p2a: to the king|slp|[from] move: Rest
|-heal|p2a: to the king|100/100 slp|[silent]
|move|p1a: Blissey|Seismic Toss|p2a: to the king
|-damage|p2a: to the king|76/100 slp
|
|-weather|Sandstorm|[upkeep]
|-damage|p2a: to the king|69/100 slp|[from] Sandstorm
|-damage|p1a: Blissey|94/100|[from] Sandstorm
|-heal|p2a: to the king|76/100 slp|[from] item: Leftovers
|-heal|p1a: Blissey|100/100|[from] item: Leftovers
|upkeep
|turn|18
|
|t:|1729177719
|switch|p1a: Salamence|Salamence, M|100/100
|-ability|p1a: Salamence|Intimidate|boost
|-unboost|p2a: to the king|atk|1
|cant|p2a: to the king|slp
|move|p2a: to the king|Sleep Talk|p2a: to the king
|move|p2a: to the king|Surf|p1a: Salamence|[from]Sleep Talk
|-resisted|p1a: Salamence
|-damage|p1a: Salamence|15/100
|
|-weather|Sandstorm|[upkeep]
|-damage|p1a: Salamence|9/100|[from] Sandstorm
|-damage|p2a: to the king|69/100 slp|[from] Sandstorm
|-heal|p1a: Salamence|15/100|[from] item: Leftovers
|-heal|p2a: to the king|76/100 slp|[from] item: Leftovers
|upkeep
|turn|19
|
|t:|1729177726
|cant|p2a: to the king|slp
|move|p2a: to the king|Sleep Talk|p2a: to the king
|move|p2a: to the king|Surf|p1a: Salamence|[from]Sleep Talk
|-resisted|p1a: Salamence
|-damage|p1a: Salamence|0 fnt
|faint|p1a: Salamence
|
|t:|1729177735
|switch|p1a: Aerodactyl|Aerodactyl, M|100/100
|
|-weather|Sandstorm|[upkeep]
|-damage|p2a: to the king|69/100 slp|[from] Sandstorm
|-heal|p2a: to the king|76/100 slp|[from] item: Leftovers
|upkeep
|turn|20
|
|t:|1729177740
|move|p1a: Aerodactyl|Rock Slide|p2a: to the king
|-damage|p2a: to the king|37/100 slp
|-curestatus|p2a: to the king|slp|[msg]
|cant|p2a: to the king|flinch
|
|-weather|Sandstorm|[upkeep]
|-damage|p2a: to the king|30/100|[from] Sandstorm
|-heal|p2a: to the king|37/100|[from] item: Leftovers
|upkeep
|turn|21
|
|t:|1729177768
|switch|p2a: to the pen|Forretress, F|100/100
|move|p1a: Aerodactyl|Rock Slide|p2a: to the pen
|-damage|p2a: to the pen|64/100
|
|-weather|Sandstorm|[upkeep]
|upkeep
|turn|22
|
|t:|1729177778
|move|p1a: Aerodactyl|Rock Slide|p2a: to the pen
|-damage|p2a: to the pen|26/100
|move|p2a: to the pen|Explosion|p1a: Aerodactyl
|-resisted|p1a: Aerodactyl
|-damage|p1a: Aerodactyl|0 fnt
|faint|p2a: to the pen
|faint|p1a: Aerodactyl
|
|t:|1729177788
|switch|p1a: Tyranitar|Tyranitar, M|47/100
|switch|p2a: to the king|Suicune, shiny|37/100
|
|-weather|Sandstorm|[upkeep]
|-damage|p2a: to the king|30/100|[from] Sandstorm
|-heal|p2a: to the king|37/100|[from] item: Leftovers
|-heal|p1a: Tyranitar|53/100|[from] item: Leftovers
|upkeep
|turn|23
|
|t:|1729177792
|move|p2a: to the king|Surf|p1a: Tyranitar
|-supereffective|p1a: Tyranitar
|-damage|p1a: Tyranitar|0 fnt
|faint|p1a: Tyranitar
|c|☆Oskari SOSA|gg
|-message|Oskari SOSA forfeited.
|
|win|kittencel
|c|☆kittencel|gg
|c|+zinnias|woahhhhh
|c|+zinnias|this is how the story goes
|c|☆kittencel|LMAO

</script>
<script type="application/json" class="data" id="replaydata-smogtours-gen3ou-799270">
{"id":"smogtours-gen3ou-799270","format":"[Gen 3] OU","players":["Oskari SOSA","kittencel"],"uploadtime":1729177799,"views":124,"formatid":"gen3ou","rating":null,"private":0,"password":null}
</script>

<script defer src="js/replays.js?9d40a366"></script>
