<!DOCTYPE html>
<meta charset="utf-8" />
<meta name="viewport" content="width=device-width" />

<title>[Gen 3] OU: ccczzx vs. plznostep - Replays - Pok&eacute;mon Showdown!</title>

<meta name="description" content="Watch a replay of a Pok&eacute;mon battle between ccczzx and plznostep! Format: [Gen 3] OU; Date: Oct 4, 2024" />
<!--

Hey, you! Looking in the source for the replay log?

You can find them in JSON format, just add `.json` at the end of a replay URL.

https://replay.pokemonshowdown.com/gen7randomdoublesbattle-865046831.json

Or, if you only need the log itself, add `.log` instead:

https://replay.pokemonshowdown.com/gen7randomdoublesbattle-865046831.log

-->

<link rel="stylesheet" href="//pokemonshowdown.com/style/global.css?0.023195364461161105" />
<link rel="stylesheet" href="//play.pokemonshowdown.com/style/font-awesome.css?0.13261647063804238" />
<link rel="stylesheet" href="//play.pokemonshowdown.com/style/battle.css?0.8753245789963631" />
<link rel="stylesheet" href="//play.pokemonshowdown.com/style/utilichart.css?0.8627959624976733" />

<!-- Global site tag (gtag.js) - Google Analytics -->
<script async src="https://www.googletagmanager.com/gtag/js?id=UA-26211653-1"></script>
<script>
  window.dataLayer = window.dataLayer || [];
  function gtag(){dataLayer.push(arguments);}
  gtag('js', new Date());

  gtag('config', 'UA-26211653-1');
</script>
<!-- End Google Analytics -->
<!-- Venatus Ad Manager - Install in <HEAD> of page -->
	<script src="https://hb.vntsm.com/v3/live/ad-manager.min.js" type="text/javascript" data-site-id="642aba63ec9a7b11c3c9c1be" data-mode="scan" async></script>
<!-- / Venatus Ad Manager -->

<style>
	@media (max-width:820px) {
		.battle {
			margin: 0 auto;
		}
		.battle-log {
			margin: 7px auto 0;
			max-width: 640px;
			height: 300px;
			position: static;
		}
	}
	.optgroup {
		display: inline-block;
		line-height: 22px;
		font-size: 10pt;
	}
	.optgroup .button {
		height: 25px;
		padding-top: 0;
		padding-bottom: 0;
	}
	.optgroup button.button {
		padding-left: 12px;
		padding-right: 12px;
	}
	.linklist {
		list-style: none;
		margin: 0.5em 0;
		padding: 0;
	}
	.linklist li {
		padding: 2px 0;
	}
	.sidebar {
		float: left;
		width: 320px;
	}
	.bar-wrapper {
		max-width: 1100px;
		margin: 0 auto;
	}
	.bar-wrapper.has-sidebar {
		max-width: 1430px;
	}
	.mainbar {
		margin: 0;
		padding-right: 1px;
	}
	.mainbar.has-sidebar {
		margin-left: 330px;
	}
	@media (min-width: 1511px) {
		.sidebar {
			width: 400px;
		}
		.bar-wrapper.has-sidebar {
			max-width: 1510px;
		}
		.mainbar.has-sidebar {
			margin-left: 410px;
		}
	}
	.section.first-section {
		margin-top: 9px;
	}
	.blocklink small {
		white-space: normal;
	}
	.button {
		vertical-align: middle;
	}
	.replay-controls {
		padding-top: 10px;
	}
	.replay-controls h1 {
		font-size: 16pt;
		font-weight: normal;
		color: #CCC;
	}
	.pagelink {
		text-align: center;
	}
	.pagelink a {
		width: 150px;
	}
	.textbox, .button {
		font-size: 11pt;
		vertical-align: middle;
	}
	@media (max-width: 450px) {
		.button {
			font-size: 9pt;
		}
	}
</style>

<div>

	<header>
		<div class="nav-wrapper"><ul class="nav">
			<li><a class="button nav-first" href="//pokemonshowdown.com/"><img src="//pokemonshowdown.com/images/pokemonshowdownbeta.png" srcset="//pokemonshowdown.com/images/pokemonshowdownbeta.png 1x, //pokemonshowdown.com/images/pokemonshowdownbeta@2x.png 2x" alt="Pok&eacute;mon Showdown" width="146" height="44" /> Home</a></li>
			<li><a class="button" href="//pokemonshowdown.com/dex/">Pok&eacute;dex</a></li>
			<li><a class="button cur" href="/">Replays</a></li>
			<li><a class="button" href="//pokemonshowdown.com/ladder/">Ladder</a></li>
			<li><a class="button nav-last" href="//pokemonshowdown.com/forums/">Forum</a></li>
			<li><a class="button greenbutton nav-first nav-last" href="//play.pokemonshowdown.com/">Play</a></li>
		</ul></div>
	</header>

	<div class="main" id="main">

		<noscript><section class="section">You need to enable JavaScript to use this page; sorry!</section></noscript>

	</div>

</div>

<script defer nomodule src="//play.pokemonshowdown.com/js/lib/ps-polyfill.js"></script>
<script defer src="//play.pokemonshowdown.com/js/lib/preact.min.js"></script>

<script defer src="//play.pokemonshowdown.com/config/config.js?2bddbc15"></script>
<script defer src="//play.pokemonshowdown.com/js/lib/jquery-1.11.0.min.js"></script>
<script defer src="//play.pokemonshowdown.com/js/lib/html-sanitizer-minified.js"></script>
<script defer src="//play.pokemonshowdown.com/js/battle-sound.js"></script>
<script defer src="//play.pokemonshowdown.com/js/battledata.js?0.7209276989879541"></script>
<script defer src="//play.pokemonshowdown.com/data/pokedex-mini.js?0.6111056340867951"></script>
<script defer src="//play.pokemonshowdown.com/data/pokedex-mini-bw.js?0.3532142036491459"></script>
<script defer src="//play.pokemonshowdown.com/data/graphics.js?0.24223875632456182"></script>
<script defer src="//play.pokemonshowdown.com/data/pokedex.js?0.38839984266356864"></script>
<script defer src="//play.pokemonshowdown.com/data/moves.js?0.21866028504024015"></script>
<script defer src="//play.pokemonshowdown.com/data/abilities.js?0.2005157953846628"></script>
<script defer src="//play.pokemonshowdown.com/data/items.js?0.9894211263848525"></script>
<script defer src="//play.pokemonshowdown.com/data/teambuilder-tables.js?0.6008791140282215"></script>
<script defer src="//play.pokemonshowdown.com/js/battle-tooltips.js?0.7580118955022959"></script>
<script defer src="//play.pokemonshowdown.com/js/battle.js?0.6057722274234274"></script>

<script defer src="js/utils.js?e31f9a17"></script>
<script defer src="js/replays-battle.js?7008c182"></script>

<!-- don't scrape this data! just add .json or .log after the URL!
Full API docs: https://github.com/smogon/pokemon-showdown-client/blob/master/WEB-API.md -->
<script type="text/plain" class="log" id="replaylog-smogtours-gen3ou-794583">
|inactive|Battle timer is ON: inactive players will automatically lose when time's up.
|t:|1728060993
|gametype|singles
|player|p1|ccczzx|266|
|player|p2|plznostep|steven|
|teamsize|p1|6
|teamsize|p2|6
|gen|3
|tier|[Gen 3] OU
|rule|Sleep Clause Mod: Limit one foe put to sleep
|rule|Switch Priority Clause Mod: Faster Pokémon switch first
|rule|Species Clause: Limit one of each Pokémon
|rule|OHKO Clause: OHKO moves are banned
|rule|Evasion Items Clause: Evasion items are banned
|rule|Evasion Moves Clause: Evasion moves are banned
|rule|Endless Battle Clause: Forcing endless battles is banned
|rule|HP Percentage Mod: HP is shown in percentages
|rule|One Boost Passer Clause: Limit one Baton Passer that has a way to boost its stats
|rule|Freeze Clause Mod: Limit one foe frozen
|
|t:|1728060993
|start
|switch|p1a: caprese|Raikou|100/100
|switch|p2a: Metagross|Metagross|100/100
|turn|1
|c|☆plznostep|glhf
|c|☆ccczzx|glhf
|inactive|plznostep has 270 seconds left.
|
|t:|1728061023
|move|p1a: caprese|Substitute|p1a: caprese
|-start|p1a: caprese|Substitute
|-damage|p1a: caprese|76/100
|move|p2a: Metagross|Earthquake|p1a: caprese
|-supereffective|p1a: caprese
|-end|p1a: caprese|Substitute
|
|-heal|p1a: caprese|82/100|[from] item: Leftovers
|upkeep
|turn|2
|
|t:|1728061040
|switch|p1a: margherita|Salamence, M|100/100
|-ability|p1a: margherita|Intimidate|boost
|-fail|p2a: Metagross|unboost|[from] ability: Clear Body|[of] p2a: Metagross
|move|p2a: Metagross|Earthquake|p1a: margherita
|-immune|p1a: margherita
|
|upkeep
|turn|3
|
|t:|1728061055
|switch|p2a: Suicune|Suicune, shiny|100/100
|move|p1a: margherita|Dragon Dance|p1a: margherita
|-boost|p1a: margherita|atk|1
|-boost|p1a: margherita|spe|1
|
|upkeep
|turn|4
|
|t:|1728061065
|switch|p1a: caprese|Raikou|82/100
|move|p2a: Suicune|Ice Beam|p1a: caprese
|-damage|p1a: caprese|53/100
|
|-heal|p1a: caprese|59/100|[from] item: Leftovers
|upkeep
|turn|5
|
|t:|1728061078
|switch|p2a: Snorlax|Snorlax, F|100/100
|move|p1a: caprese|Calm Mind|p1a: caprese
|-boost|p1a: caprese|spa|1
|-boost|p1a: caprese|spd|1
|
|-heal|p1a: caprese|65/100|[from] item: Leftovers
|upkeep
|turn|6
|
|t:|1728061082
|move|p1a: caprese|Thunderbolt|p2a: Snorlax
|-damage|p2a: Snorlax|57/100
|move|p2a: Snorlax|Body Slam|p1a: caprese
|-damage|p1a: caprese|10/100
|-status|p1a: caprese|par
|
|-heal|p2a: Snorlax|63/100|[from] item: Leftovers
|-heal|p1a: caprese|17/100 par|[from] item: Leftovers
|upkeep
|turn|7
|
|t:|1728061092
|move|p2a: Snorlax|Body Slam|p1a: caprese
|-damage|p1a: caprese|0 fnt
|faint|p1a: caprese
|
|t:|1728061103
|switch|p1a: margherita|Salamence, M|100/100
|-ability|p1a: margherita|Intimidate|boost
|-unboost|p2a: Snorlax|atk|1
|
|-heal|p2a: Snorlax|69/100|[from] item: Leftovers
|upkeep
|turn|8
|
|t:|1728061109
|switch|p2a: Suicune|Suicune, shiny|100/100
|move|p1a: margherita|Dragon Dance|p1a: margherita
|-boost|p1a: margherita|atk|1
|-boost|p1a: margherita|spe|1
|
|upkeep
|turn|9
|
|t:|1728061116
|switch|p1a: diavola|Jirachi|100/100
|move|p2a: Suicune|Ice Beam|p1a: diavola
|-resisted|p1a: diavola
|-damage|p1a: diavola|87/100
|
|-heal|p1a: diavola|93/100|[from] item: Leftovers
|upkeep
|turn|10
|
|t:|1728061128
|switch|p2a: Claydol|Claydol, shiny|100/100
|move|p1a: diavola|Fire Punch|p2a: Claydol
|-damage|p2a: Claydol|78/100
|
|-heal|p1a: diavola|99/100|[from] item: Leftovers
|-heal|p2a: Claydol|84/100|[from] item: Leftovers
|upkeep
|turn|11
|
|t:|1728061135
|switch|p1a: quattro stagioni|Metagross|100/100
|move|p2a: Claydol|Earthquake|p1a: quattro stagioni
|-supereffective|p1a: quattro stagioni
|-damage|p1a: quattro stagioni|43/100
|
|-heal|p2a: Claydol|90/100|[from] item: Leftovers
|-heal|p1a: quattro stagioni|49/100|[from] item: Leftovers
|upkeep
|turn|12
|c|☆ccczzx|misclick lol
|c|☆plznostep|oof
|
|t:|1728061160
|switch|p1a: margherita|Salamence, M|100/100
|-ability|p1a: margherita|Intimidate|boost
|-unboost|p2a: Claydol|atk|1
|move|p2a: Claydol|Earthquake|p1a: margherita
|-immune|p1a: margherita
|
|-heal|p2a: Claydol|96/100|[from] item: Leftovers
|upkeep
|turn|13
|
|t:|1728061169
|switch|p2a: Suicune|Suicune, shiny|100/100
|move|p1a: margherita|Hidden Power|p2a: Suicune
|-damage|p2a: Suicune|64/100
|
|-heal|p2a: Suicune|70/100|[from] item: Leftovers
|upkeep
|turn|14
|
|t:|1728061178
|switch|p1a: diavola|Jirachi|99/100
|move|p2a: Suicune|Hydro Pump|p1a: diavola|[miss]
|-miss|p2a: Suicune|p1a: diavola
|
|-heal|p1a: diavola|100/100|[from] item: Leftovers
|-heal|p2a: Suicune|76/100|[from] item: Leftovers
|upkeep
|turn|15
|
|t:|1728061199
|switch|p2a: Claydol|Claydol, shiny|96/100
|move|p1a: diavola|Hidden Power|p2a: Claydol
|-supereffective|p2a: Claydol
|-damage|p2a: Claydol|59/100
|
|-heal|p2a: Claydol|65/100|[from] item: Leftovers
|upkeep
|turn|16
|
|t:|1728061209
|switch|p1a: margherita|Salamence, M|100/100
|-ability|p1a: margherita|Intimidate|boost
|-unboost|p2a: Claydol|atk|1
|move|p2a: Claydol|Rock Slide|p1a: margherita|[miss]
|-miss|p2a: Claydol|p1a: margherita
|
|-heal|p2a: Claydol|71/100|[from] item: Leftovers
|upkeep
|turn|17
|c|☆ccczzx|chad rock slide doll
|
|t:|1728061231
|switch|p2a: Suicune|Suicune, shiny|76/100
|move|p1a: margherita|Hidden Power|p2a: Suicune
|-damage|p2a: Suicune|43/100
|
|-heal|p2a: Suicune|49/100|[from] item: Leftovers
|upkeep
|turn|18
|
|t:|1728061241
|switch|p1a: diavola|Jirachi|100/100
|move|p2a: Suicune|Ice Beam|p1a: diavola
|-resisted|p1a: diavola
|-damage|p1a: diavola|87/100
|
|-heal|p1a: diavola|93/100|[from] item: Leftovers
|-heal|p2a: Suicune|55/100|[from] item: Leftovers
|upkeep
|turn|19
|
|t:|1728061253
|switch|p2a: Claydol|Claydol, shiny|71/100
|move|p1a: diavola|Hidden Power|p2a: Claydol
|-supereffective|p2a: Claydol
|-damage|p2a: Claydol|28/100
|
|-heal|p1a: diavola|99/100|[from] item: Leftovers
|-heal|p2a: Claydol|34/100|[from] item: Leftovers
|upkeep
|turn|20
|
|t:|1728061262
|move|p1a: diavola|Hidden Power|p2a: Claydol
|-supereffective|p2a: Claydol
|-damage|p2a: Claydol|0 fnt
|faint|p2a: Claydol
|
|t:|1728061267
|switch|p2a: Metagross|Metagross|100/100
|
|-heal|p1a: diavola|100/100|[from] item: Leftovers
|upkeep
|turn|21
|
|t:|1728061278
|switch|p1a: margherita|Salamence, M|100/100
|-ability|p1a: margherita|Intimidate|boost
|-fail|p2a: Metagross|unboost|[from] ability: Clear Body|[of] p2a: Metagross
|move|p2a: Metagross|Earthquake|p1a: margherita
|-immune|p1a: margherita
|
|upkeep
|turn|22
|
|t:|1728061291
|switch|p2a: Snorlax|Snorlax, F|69/100
|move|p1a: margherita|Dragon Dance|p1a: margherita
|-boost|p1a: margherita|atk|1
|-boost|p1a: margherita|spe|1
|
|-heal|p2a: Snorlax|76/100|[from] item: Leftovers
|upkeep
|turn|23
|
|t:|1728061296
|move|p1a: margherita|Brick Break|p2a: Snorlax
|-supereffective|p2a: Snorlax
|-damage|p2a: Snorlax|0 fnt
|faint|p2a: Snorlax
|
|t:|1728061298
|switch|p2a: Suicune|Suicune, shiny|55/100
|
|-heal|p2a: Suicune|61/100|[from] item: Leftovers
|upkeep
|turn|24
|
|t:|1728061309
|switch|p1a: diavola|Jirachi|100/100
|move|p2a: Suicune|Ice Beam|p1a: diavola
|-resisted|p1a: diavola
|-damage|p1a: diavola|88/100
|
|-heal|p1a: diavola|94/100|[from] item: Leftovers
|-heal|p2a: Suicune|67/100|[from] item: Leftovers
|upkeep
|turn|25
|c|☆ccczzx|one of these days youll get the freeze
|
|t:|1728061327
|move|p1a: diavola|Fire Punch|p2a: Suicune
|-resisted|p2a: Suicune
|-damage|p2a: Suicune|58/100
|move|p2a: Suicune|Calm Mind|p2a: Suicune
|-boost|p2a: Suicune|spa|1
|-boost|p2a: Suicune|spd|1
|
|-heal|p1a: diavola|99/100|[from] item: Leftovers
|-heal|p2a: Suicune|64/100|[from] item: Leftovers
|upkeep
|turn|26
|
|t:|1728061333
|move|p1a: diavola|Calm Mind|p1a: diavola
|-boost|p1a: diavola|spa|1
|-boost|p1a: diavola|spd|1
|move|p2a: Suicune|Hydro Pump|p1a: diavola
|-damage|p1a: diavola|44/100
|
|-heal|p1a: diavola|50/100|[from] item: Leftovers
|-heal|p2a: Suicune|70/100|[from] item: Leftovers
|upkeep
|turn|27
|
|t:|1728061344
|move|p1a: diavola|Hidden Power|p2a: Suicune
|-supereffective|p2a: Suicune
|-damage|p2a: Suicune|37/100
|move|p2a: Suicune|Roar|p1a: diavola
|drag|p1a: ai funghi|Dugtrio, F|100/100
|
|-heal|p2a: Suicune|43/100|[from] item: Leftovers
|upkeep
|turn|28
|
|t:|1728061351
|move|p1a: ai funghi|Earthquake|p2a: Suicune
|-damage|p2a: Suicune|0 fnt
|faint|p2a: Suicune
|
|t:|1728061355
|switch|p2a: Salamence|Salamence, F|100/100
|-ability|p2a: Salamence|Intimidate|boost
|-unboost|p1a: ai funghi|atk|1
|
|upkeep
|turn|29
|
|t:|1728061362
|switch|p1a: margherita|Salamence, M|100/100
|-ability|p1a: margherita|Intimidate|boost
|-unboost|p2a: Salamence|atk|1
|move|p2a: Salamence|Dragon Dance|p2a: Salamence
|-boost|p2a: Salamence|atk|1
|-boost|p2a: Salamence|spe|1
|
|upkeep
|turn|30
|
|t:|1728061371
|move|p2a: Salamence|Dragon Dance|p2a: Salamence
|-boost|p2a: Salamence|atk|1
|-boost|p2a: Salamence|spe|1
|move|p1a: margherita|Rock Slide|p2a: Salamence
|-supereffective|p2a: Salamence
|-damage|p2a: Salamence|28/100
|
|-heal|p2a: Salamence|34/100|[from] item: Leftovers
|upkeep
|turn|31
|
|t:|1728061378
|move|p2a: Salamence|Rock Slide|p1a: margherita
|-supereffective|p1a: margherita
|-damage|p1a: margherita|0 fnt
|faint|p1a: margherita
|c|☆ccczzx|guys, i think its joever
|inactive|ccczzx has 270 seconds left.
|
|t:|1728061422
|switch|p1a: acciughe|Aerodactyl, M|100/100
|
|-heal|p2a: Salamence|40/100|[from] item: Leftovers
|upkeep
|turn|32
|c|☆plznostep|who knows 
|
|t:|1728061432
|move|p2a: Salamence|Rock Slide|p1a: acciughe
|-supereffective|p1a: acciughe
|-damage|p1a: acciughe|0 fnt
|faint|p1a: acciughe
|c|☆ccczzx|yup, it is
|c|☆ccczzx|fuck
|c|☆ccczzx|unless you somehow dont have eq
|
|t:|1728061454
|switch|p1a: diavola|Jirachi|50/100
|
|-heal|p2a: Salamence|46/100|[from] item: Leftovers
|-heal|p1a: diavola|56/100|[from] item: Leftovers
|upkeep
|turn|33
|c|☆plznostep|lets find out
|
|t:|1728061457
|move|p2a: Salamence|Earthquake|p1a: diavola
|-supereffective|p1a: diavola
|-damage|p1a: diavola|0 fnt
|faint|p1a: diavola
|c|☆ccczzx|gg
|c|☆plznostep|gg
|
|t:|1728061462
|switch|p1a: ai funghi|Dugtrio, F|100/100
|
|-heal|p2a: Salamence|52/100|[from] item: Leftovers
|upkeep
|turn|34
|
|t:|1728061466
|move|p2a: Salamence|Hidden Power|p1a: ai funghi
|-crit|p1a: ai funghi
|-damage|p1a: ai funghi|0 fnt
|faint|p1a: ai funghi
|
|t:|1728061469
|switch|p1a: quattro stagioni|Metagross|49/100
|
|-heal|p2a: Salamence|58/100|[from] item: Leftovers
|-heal|p1a: quattro stagioni|55/100|[from] item: Leftovers
|upkeep
|turn|35
|
|t:|1728061474
|move|p2a: Salamence|Earthquake|p1a: quattro stagioni
|-supereffective|p1a: quattro stagioni
|-damage|p1a: quattro stagioni|0 fnt
|faint|p1a: quattro stagioni
|
|win|plznostep

</script>
<script type="application/json" class="data" id="replaydata-smogtours-gen3ou-794583">
{"id":"smogtours-gen3ou-794583","format":"[Gen 3] OU","players":["ccczzx","plznostep"],"uploadtime":1728061474,"views":97,"formatid":"gen3ou","rating":null,"private":0,"password":null}
</script>

<script defer src="js/replays.js?9d40a366"></script>
