<!DOCTYPE html>
<meta charset="utf-8" />
<meta name="viewport" content="width=device-width" />

<title>[Gen 3] OU: kfz vs. Buzzed27 - Replays - Pok&eacute;mon Showdown!</title>

<meta name="description" content="Watch a replay of a Pok&eacute;mon battle between kfz and Buzzed27! Format: [Gen 3] OU; Date: Oct 24, 2024" />
<!--

Hey, you! Looking in the source for the replay log?

You can find them in JSON format, just add `.json` at the end of a replay URL.

https://replay.pokemonshowdown.com/gen7randomdoublesbattle-865046831.json

Or, if you only need the log itself, add `.log` instead:

https://replay.pokemonshowdown.com/gen7randomdoublesbattle-865046831.log

-->

<link rel="stylesheet" href="//pokemonshowdown.com/style/global.css?0.023195364461161105" />
<link rel="stylesheet" href="//play.pokemonshowdown.com/style/font-awesome.css?0.13261647063804238" />
<link rel="stylesheet" href="//play.pokemonshowdown.com/style/battle.css?0.8753245789963631" />
<link rel="stylesheet" href="//play.pokemonshowdown.com/style/utilichart.css?0.8627959624976733" />

<!-- Global site tag (gtag.js) - Google Analytics -->
<script async src="https://www.googletagmanager.com/gtag/js?id=UA-26211653-1"></script>
<script>
  window.dataLayer = window.dataLayer || [];
  function gtag(){dataLayer.push(arguments);}
  gtag('js', new Date());

  gtag('config', 'UA-26211653-1');
</script>
<!-- End Google Analytics -->
<!-- Venatus Ad Manager - Install in <HEAD> of page -->
	<script src="https://hb.vntsm.com/v3/live/ad-manager.min.js" type="text/javascript" data-site-id="642aba63ec9a7b11c3c9c1be" data-mode="scan" async></script>
<!-- / Venatus Ad Manager -->

<style>
	@media (max-width:820px) {
		.battle {
			margin: 0 auto;
		}
		.battle-log {
			margin: 7px auto 0;
			max-width: 640px;
			height: 300px;
			position: static;
		}
	}
	.optgroup {
		display: inline-block;
		line-height: 22px;
		font-size: 10pt;
	}
	.optgroup .button {
		height: 25px;
		padding-top: 0;
		padding-bottom: 0;
	}
	.optgroup button.button {
		padding-left: 12px;
		padding-right: 12px;
	}
	.linklist {
		list-style: none;
		margin: 0.5em 0;
		padding: 0;
	}
	.linklist li {
		padding: 2px 0;
	}
	.sidebar {
		float: left;
		width: 320px;
	}
	.bar-wrapper {
		max-width: 1100px;
		margin: 0 auto;
	}
	.bar-wrapper.has-sidebar {
		max-width: 1430px;
	}
	.mainbar {
		margin: 0;
		padding-right: 1px;
	}
	.mainbar.has-sidebar {
		margin-left: 330px;
	}
	@media (min-width: 1511px) {
		.sidebar {
			width: 400px;
		}
		.bar-wrapper.has-sidebar {
			max-width: 1510px;
		}
		.mainbar.has-sidebar {
			margin-left: 410px;
		}
	}
	.section.first-section {
		margin-top: 9px;
	}
	.blocklink small {
		white-space: normal;
	}
	.button {
		vertical-align: middle;
	}
	.replay-controls {
		padding-top: 10px;
	}
	.replay-controls h1 {
		font-size: 16pt;
		font-weight: normal;
		color: #CCC;
	}
	.pagelink {
		text-align: center;
	}
	.pagelink a {
		width: 150px;
	}
	.textbox, .button {
		font-size: 11pt;
		vertical-align: middle;
	}
	@media (max-width: 450px) {
		.button {
			font-size: 9pt;
		}
	}
</style>

<div>

	<header>
		<div class="nav-wrapper"><ul class="nav">
			<li><a class="button nav-first" href="//pokemonshowdown.com/"><img src="//pokemonshowdown.com/images/pokemonshowdownbeta.png" srcset="//pokemonshowdown.com/images/pokemonshowdownbeta.png 1x, //pokemonshowdown.com/images/pokemonshowdownbeta@2x.png 2x" alt="Pok&eacute;mon Showdown" width="146" height="44" /> Home</a></li>
			<li><a class="button" href="//pokemonshowdown.com/dex/">Pok&eacute;dex</a></li>
			<li><a class="button cur" href="/">Replays</a></li>
			<li><a class="button" href="//pokemonshowdown.com/ladder/">Ladder</a></li>
			<li><a class="button nav-last" href="//pokemonshowdown.com/forums/">Forum</a></li>
			<li><a class="button greenbutton nav-first nav-last" href="//play.pokemonshowdown.com/">Play</a></li>
		</ul></div>
	</header>

	<div class="main" id="main">

		<noscript><section class="section">You need to enable JavaScript to use this page; sorry!</section></noscript>

	</div>

</div>

<script defer nomodule src="//play.pokemonshowdown.com/js/lib/ps-polyfill.js"></script>
<script defer src="//play.pokemonshowdown.com/js/lib/preact.min.js"></script>

<script defer src="//play.pokemonshowdown.com/config/config.js?2bddbc15"></script>
<script defer src="//play.pokemonshowdown.com/js/lib/jquery-1.11.0.min.js"></script>
<script defer src="//play.pokemonshowdown.com/js/lib/html-sanitizer-minified.js"></script>
<script defer src="//play.pokemonshowdown.com/js/battle-sound.js"></script>
<script defer src="//play.pokemonshowdown.com/js/battledata.js?0.7209276989879541"></script>
<script defer src="//play.pokemonshowdown.com/data/pokedex-mini.js?0.6111056340867951"></script>
<script defer src="//play.pokemonshowdown.com/data/pokedex-mini-bw.js?0.3532142036491459"></script>
<script defer src="//play.pokemonshowdown.com/data/graphics.js?0.24223875632456182"></script>
<script defer src="//play.pokemonshowdown.com/data/pokedex.js?0.38839984266356864"></script>
<script defer src="//play.pokemonshowdown.com/data/moves.js?0.21866028504024015"></script>
<script defer src="//play.pokemonshowdown.com/data/abilities.js?0.2005157953846628"></script>
<script defer src="//play.pokemonshowdown.com/data/items.js?0.9894211263848525"></script>
<script defer src="//play.pokemonshowdown.com/data/teambuilder-tables.js?0.6008791140282215"></script>
<script defer src="//play.pokemonshowdown.com/js/battle-tooltips.js?0.7580118955022959"></script>
<script defer src="//play.pokemonshowdown.com/js/battle.js?0.6057722274234274"></script>

<script defer src="js/utils.js?e31f9a17"></script>
<script defer src="js/replays-battle.js?7008c182"></script>

<!-- don't scrape this data! just add .json or .log after the URL!
Full API docs: https://github.com/smogon/pokemon-showdown-client/blob/master/WEB-API.md -->
<script type="text/plain" class="log" id="replaylog-smogtours-gen3ou-801493">
|inactive|Battle timer is ON: inactive players will automatically lose when time's up.
|t:|1729733486
|gametype|singles
|player|p1|kfz|1|
|player|p2|Buzzed27|clay|
|teamsize|p1|6
|teamsize|p2|6
|gen|3
|tier|[Gen 3] OU
|rule|Sleep Clause Mod: Limit one foe put to sleep
|rule|Switch Priority Clause Mod: Faster Pokémon switch first
|rule|Species Clause: Limit one of each Pokémon
|rule|OHKO Clause: OHKO moves are banned
|rule|Evasion Items Clause: Evasion items are banned
|rule|Evasion Moves Clause: Evasion moves are banned
|rule|Endless Battle Clause: Forcing endless battles is banned
|rule|HP Percentage Mod: HP is shown in percentages
|rule|One Boost Passer Clause: Limit one Baton Passer that has a way to boost its stats
|rule|Freeze Clause Mod: Limit one foe frozen
|
|t:|1729733486
|start
|switch|p1a: Medicham|Medicham, M|100/100
|switch|p2a: Weezing|Weezing, F|100/100
|turn|1
|c|☆Buzzed27|glhf
|c|☆kfz|glhf
|
|t:|1729733513
|switch|p1a: Moltres|Moltres|100/100
|move|p2a: Weezing|Will-O-Wisp|p1a: Moltres
|-immune|p1a: Moltres
|
|upkeep
|turn|2
|c|+AC77|buzzed bringing the heat you love to see it
|inactive|kfz has 270 seconds left.
|inactive|Buzzed27 has 270 seconds left.
|
|t:|1729733559
|switch|p2a: Snorlax|Snorlax, M|100/100
|move|p1a: Moltres|Roar|p2a: Snorlax
|drag|p2a: Celebi|Celebi|100/100
|
|upkeep
|turn|3
|
|t:|1729733586
|switch|p2a: Snorlax|Snorlax, M|100/100
|move|p1a: Moltres|Roar|p2a: Snorlax
|drag|p2a: Swampert|Swampert, F|100/100
|
|upkeep
|turn|4
|inactive|kfz has 240 seconds left.
|
|t:|1729733609
|switch|p1a: Butterfree|Butterfree, M|100/100
|switch|p2a: Snorlax|Snorlax, M|100/100
|
|upkeep
|turn|5
|inactive|kfz has 240 seconds left.
|inactive|Buzzed27 has 270 seconds left.
|
|t:|1729733635
|move|p1a: Butterfree|Sleep Powder|p2a: Snorlax
|-status|p2a: Snorlax|slp|[from] move: Sleep Powder
|cant|p2a: Snorlax|slp
|
|upkeep
|turn|6
|inactive|kfz has 240 seconds left.
|
|t:|1729733650
|switch|p1a: Medicham|Medicham, M|100/100
|switch|p2a: Weezing|Weezing, F|100/100
|
|upkeep
|turn|7
|inactive|kfz has 240 seconds left.
|
|t:|1729733666
|switch|p1a: Moltres|Moltres|100/100
|move|p2a: Weezing|Sludge Bomb|p1a: Moltres
|-damage|p1a: Moltres|65/100
|-status|p1a: Moltres|psn
|
|-heal|p1a: Moltres|71/100 psn|[from] item: Leftovers
|-damage|p1a: Moltres|58/100 psn|[from] psn
|upkeep
|turn|8
|inactive|kfz has 240 seconds left.
|
|t:|1729733684
|switch|p2a: Umbreon|Umbreon, F|100/100
|move|p1a: Moltres|Overheat|p2a: Umbreon
|-damage|p2a: Umbreon|56/100
|-unboost|p1a: Moltres|spa|2
|
|-heal|p1a: Moltres|65/100 psn|[from] item: Leftovers
|-damage|p1a: Moltres|52/100 psn|[from] psn
|-heal|p2a: Umbreon|62/100|[from] item: Leftovers
|upkeep
|turn|9
|inactive|kfz has 240 seconds left.
|inactive|Buzzed27 has 270 seconds left.
|
|t:|1729733697
|move|p2a: Umbreon|Toxic||[still]
|-fail|p2a: Umbreon
|move|p1a: Moltres|Roar|p2a: Umbreon
|drag|p2a: Weezing|Weezing, F|100/100
|
|-heal|p1a: Moltres|58/100 psn|[from] item: Leftovers
|-damage|p1a: Moltres|46/100 psn|[from] psn
|upkeep
|turn|10
|inactive|kfz has 240 seconds left.
|inactive|Buzzed27 has 270 seconds left.
|
|t:|1729733706
|switch|p1a: Swampert|Swampert, M|100/100
|move|p2a: Weezing|Sludge Bomb|p1a: Swampert
|-resisted|p1a: Swampert
|-damage|p1a: Swampert|91/100
|
|-heal|p1a: Swampert|97/100|[from] item: Leftovers
|upkeep
|turn|11
|
|t:|1729733715
|move|p2a: Weezing|Will-O-Wisp|p1a: Swampert
|-status|p1a: Swampert|brn
|move|p1a: Swampert|Hydro Pump|p2a: Weezing
|-crit|p2a: Weezing
|-damage|p2a: Weezing|6/100
|
|-heal|p2a: Weezing|12/100|[from] item: Leftovers
|-heal|p1a: Swampert|100/100 brn|[from] item: Leftovers
|-damage|p1a: Swampert|88/100 brn|[from] brn
|upkeep
|turn|12
|inactive|kfz has 240 seconds left.
|
|t:|1729733737
|switch|p2a: Umbreon|Umbreon, F|62/100
|switch|p1a: Moltres|Moltres|46/100 psn
|
|-heal|p1a: Moltres|52/100 psn|[from] item: Leftovers
|-damage|p1a: Moltres|40/100 psn|[from] psn
|-heal|p2a: Umbreon|68/100|[from] item: Leftovers
|upkeep
|turn|13
|
|t:|1729733742
|move|p1a: Moltres|Overheat|p2a: Umbreon
|-damage|p2a: Umbreon|21/100
|-unboost|p1a: Moltres|spa|2
|move|p2a: Umbreon|Wish|p2a: Umbreon
|
|-heal|p1a: Moltres|46/100 psn|[from] item: Leftovers
|-damage|p1a: Moltres|34/100 psn|[from] psn
|-heal|p2a: Umbreon|27/100|[from] item: Leftovers
|upkeep
|turn|14
|
|t:|1729733750
|move|p2a: Umbreon|Protect|p2a: Umbreon
|-singleturn|p2a: Umbreon|Protect
|move|p1a: Moltres|Overheat|p2a: Umbreon
|-activate|p2a: Umbreon|Protect
|
|-heal|p2a: Umbreon|77/100|[from] move: Wish|[wisher] Umbreon
|-heal|p1a: Moltres|40/100 psn|[from] item: Leftovers
|-damage|p1a: Moltres|27/100 psn|[from] psn
|-heal|p2a: Umbreon|83/100|[from] item: Leftovers
|upkeep
|turn|15
|
|t:|1729733759
|switch|p1a: Medicham|Medicham, M|100/100
|move|p2a: Umbreon|Wish|p2a: Umbreon
|
|-heal|p2a: Umbreon|90/100|[from] item: Leftovers
|upkeep
|turn|16
|
|t:|1729733773
|move|p2a: Umbreon|Protect|p2a: Umbreon
|-singleturn|p2a: Umbreon|Protect
|move|p1a: Medicham|Shadow Ball|p2a: Umbreon
|-activate|p2a: Umbreon|Protect
|
|-heal|p2a: Umbreon|100/100|[from] move: Wish|[wisher] Umbreon
|upkeep
|turn|17
|
|t:|1729733781
|move|p1a: Medicham|Shadow Ball|p2a: Umbreon
|-resisted|p2a: Umbreon
|-damage|p2a: Umbreon|80/100
|move|p2a: Umbreon|Toxic|p1a: Medicham
|-status|p1a: Medicham|tox
|
|-damage|p1a: Medicham|94/100 tox|[from] psn
|-heal|p2a: Umbreon|86/100|[from] item: Leftovers
|upkeep
|turn|18
|
|t:|1729733796
|switch|p1a: Swampert|Swampert, M|88/100 brn
|move|p2a: Umbreon|Toxic||[still]
|-fail|p2a: Umbreon
|
|-heal|p2a: Umbreon|92/100|[from] item: Leftovers
|-heal|p1a: Swampert|94/100 brn|[from] item: Leftovers
|-damage|p1a: Swampert|82/100 brn|[from] brn
|upkeep
|turn|19
|
|t:|1729733802
|move|p2a: Umbreon|Wish|p2a: Umbreon
|move|p1a: Swampert|Hydro Pump|p2a: Umbreon
|-damage|p2a: Umbreon|69/100
|
|-heal|p2a: Umbreon|75/100|[from] item: Leftovers
|-heal|p1a: Swampert|88/100 brn|[from] item: Leftovers
|-damage|p1a: Swampert|76/100 brn|[from] brn
|upkeep
|turn|20
|
|t:|1729733806
|-activate|p1a: Swampert|move: Pursuit
|move|p2a: Umbreon|Pursuit|p1a: Swampert|[from]Pursuit
|-damage|p1a: Swampert|54/100 brn
|switch|p1a: Medicham|Medicham, M|94/100 tox
|
|-heal|p2a: Umbreon|100/100|[from] move: Wish|[wisher] Umbreon
|-damage|p1a: Medicham|88/100 tox|[from] psn
|upkeep
|turn|21
|
|t:|1729733820
|move|p2a: Umbreon|Protect|p2a: Umbreon
|-singleturn|p2a: Umbreon|Protect
|move|p1a: Medicham|Shadow Ball|p2a: Umbreon
|-activate|p2a: Umbreon|Protect
|
|-damage|p1a: Medicham|76/100 tox|[from] psn
|upkeep
|turn|22
|
|t:|1729733826
|move|p1a: Medicham|Shadow Ball|p2a: Umbreon
|-resisted|p2a: Umbreon
|-damage|p2a: Umbreon|79/100
|move|p2a: Umbreon|Pursuit|p1a: Medicham
|-damage|p1a: Medicham|56/100 tox
|
|-damage|p1a: Medicham|37/100 tox|[from] psn
|-heal|p2a: Umbreon|85/100|[from] item: Leftovers
|upkeep
|turn|23
|
|t:|1729733840
|-activate|p1a: Medicham|move: Pursuit
|move|p2a: Umbreon|Pursuit|p1a: Medicham|[from]Pursuit
|-damage|p1a: Medicham|0 fnt
|faint|p1a: Medicham
|-hint|Previously chosen switches continue in Gen 2-4 after a Pursuit target faints.
|switch|p1a: Swampert|Swampert, M|54/100 brn
|
|-heal|p2a: Umbreon|91/100|[from] item: Leftovers
|-heal|p1a: Swampert|61/100 brn|[from] item: Leftovers
|-damage|p1a: Swampert|48/100 brn|[from] brn
|upkeep
|turn|24
|
|t:|1729733844
|move|p2a: Umbreon|Protect|p2a: Umbreon
|-singleturn|p2a: Umbreon|Protect
|move|p1a: Swampert|Earthquake|p2a: Umbreon
|-activate|p2a: Umbreon|Protect
|
|-heal|p2a: Umbreon|97/100|[from] item: Leftovers
|-heal|p1a: Swampert|54/100 brn|[from] item: Leftovers
|-damage|p1a: Swampert|42/100 brn|[from] brn
|upkeep
|turn|25
|
|t:|1729733848
|move|p2a: Umbreon|Wish|p2a: Umbreon
|move|p1a: Swampert|Hydro Pump|p2a: Umbreon
|-damage|p2a: Umbreon|76/100
|
|-heal|p2a: Umbreon|82/100|[from] item: Leftovers
|-heal|p1a: Swampert|48/100 brn|[from] item: Leftovers
|-damage|p1a: Swampert|36/100 brn|[from] brn
|upkeep
|turn|26
|
|t:|1729733866
|switch|p2a: Weezing|Weezing, F|12/100
|move|p1a: Swampert|Protect||[still]
|-fail|p1a: Swampert
|
|-heal|p2a: Weezing|62/100|[from] move: Wish|[wisher] Umbreon
|-heal|p2a: Weezing|68/100|[from] item: Leftovers
|-heal|p1a: Swampert|42/100 brn|[from] item: Leftovers
|-damage|p1a: Swampert|30/100 brn|[from] brn
|upkeep
|turn|27
|
|t:|1729733872
|switch|p2a: Umbreon|Umbreon, F|82/100
|move|p1a: Swampert|Hydro Pump|p2a: Umbreon
|-damage|p2a: Umbreon|48/100
|
|-heal|p2a: Umbreon|55/100|[from] item: Leftovers
|-heal|p1a: Swampert|36/100 brn|[from] item: Leftovers
|-damage|p1a: Swampert|23/100 brn|[from] brn
|upkeep
|turn|28
|
|t:|1729733876
|switch|p1a: Banette|Banette, F|100/100
|move|p2a: Umbreon|Wish|p2a: Umbreon
|
|-heal|p2a: Umbreon|61/100|[from] item: Leftovers
|upkeep
|turn|29
|
|t:|1729733903
|move|p1a: Banette|Knock Off|p2a: Umbreon
|-resisted|p2a: Umbreon
|-damage|p2a: Umbreon|60/100
|-enditem|p2a: Umbreon|Leftovers|[from] move: Knock Off|[of] p1a: Banette
|-hint|In Gens 3-4, Knock Off only makes the target's item unusable; it cannot obtain a new item.
|move|p2a: Umbreon|Toxic|p1a: Banette
|-status|p1a: Banette|tox
|-enditem|p1a: Banette|Lum Berry|[eat]
|-curestatus|p1a: Banette|tox|[msg]
|
|-heal|p2a: Umbreon|100/100|[from] move: Wish|[wisher] Umbreon
|upkeep
|turn|30
|
|t:|1729733917
|move|p1a: Banette|Hidden Power|p2a: Umbreon
|-supereffective|p2a: Umbreon
|-damage|p2a: Umbreon|58/100
|move|p2a: Umbreon|Toxic|p1a: Banette
|-status|p1a: Banette|tox
|
|-damage|p1a: Banette|94/100 tox|[from] psn
|upkeep
|turn|31
|
|t:|1729733922
|switch|p1a: Swampert|Swampert, M|23/100 brn
|move|p2a: Umbreon|Protect||[still]
|-fail|p2a: Umbreon
|
|-heal|p1a: Swampert|30/100 brn|[from] item: Leftovers
|-damage|p1a: Swampert|17/100 brn|[from] brn
|upkeep
|turn|32
|
|t:|1729733927
|move|p2a: Umbreon|Wish|p2a: Umbreon
|move|p1a: Swampert|Earthquake|p2a: Umbreon
|-damage|p2a: Umbreon|42/100
|
|-heal|p1a: Swampert|23/100 brn|[from] item: Leftovers
|-damage|p1a: Swampert|11/100 brn|[from] brn
|upkeep
|turn|33
|
|t:|1729733929
|move|p2a: Umbreon|Protect|p2a: Umbreon
|-singleturn|p2a: Umbreon|Protect
|move|p1a: Swampert|Earthquake|p2a: Umbreon
|-activate|p2a: Umbreon|Protect
|
|-heal|p2a: Umbreon|92/100|[from] move: Wish|[wisher] Umbreon
|-heal|p1a: Swampert|17/100 brn|[from] item: Leftovers
|-damage|p1a: Swampert|5/100 brn|[from] brn
|upkeep
|turn|34
|
|t:|1729733942
|move|p2a: Umbreon|Wish|p2a: Umbreon
|move|p1a: Swampert|Hydro Pump|p2a: Umbreon
|-damage|p2a: Umbreon|61/100
|
|-heal|p1a: Swampert|11/100 brn|[from] item: Leftovers
|-damage|p1a: Swampert|0 fnt|[from] brn
|faint|p1a: Swampert
|upkeep
|
|t:|1729733950
|switch|p1a: Banette|Banette, F|94/100 tox
|turn|35
|
|t:|1729733974
|-activate|p1a: Banette|move: Pursuit
|move|p2a: Umbreon|Pursuit|p1a: Banette|[from]Pursuit
|-supereffective|p1a: Banette
|-damage|p1a: Banette|16/100 tox
|switch|p1a: Moltres|Moltres|27/100 psn
|
|-heal|p2a: Umbreon|100/100|[from] move: Wish|[wisher] Umbreon
|-heal|p1a: Moltres|34/100 psn|[from] item: Leftovers
|-damage|p1a: Moltres|21/100 psn|[from] psn
|upkeep
|turn|36
|
|t:|1729733991
|move|p2a: Umbreon|Protect|p2a: Umbreon
|-singleturn|p2a: Umbreon|Protect
|move|p1a: Moltres|Roar|p2a: Umbreon
|-activate|p2a: Umbreon|Protect
|
|-heal|p1a: Moltres|27/100 psn|[from] item: Leftovers
|-damage|p1a: Moltres|15/100 psn|[from] psn
|upkeep
|turn|37
|
|t:|1729733995
|move|p2a: Umbreon|Pursuit|p1a: Moltres
|-damage|p1a: Moltres|0 fnt
|faint|p1a: Moltres
|inactive|kfz has 270 seconds left.
|c|☆kfz|i got tit
|-message|kfz forfeited.
|
|win|Buzzed27
|player|p1|
|c|☆Buzzed27|GG

</script>
<script type="application/json" class="data" id="replaydata-smogtours-gen3ou-801493">
{"id":"smogtours-gen3ou-801493","format":"[Gen 3] OU","players":["kfz","Buzzed27"],"uploadtime":1729734028,"views":150,"formatid":"gen3ou","rating":null,"private":0,"password":null}
</script>

<script defer src="js/replays.js?9d40a366"></script>
