<!DOCTYPE html>
<meta charset="utf-8" />
<meta name="viewport" content="width=device-width" />

<title>[Gen 3] OU: Rovels vs. melninja - Replays - Pok&eacute;mon Showdown!</title>

<meta name="description" content="Watch a replay of a Pok&eacute;mon battle between Rovels and melninja! Format: [Gen 3] OU; Date: Oct 2, 2024" />
<!--

Hey, you! Looking in the source for the replay log?

You can find them in JSON format, just add `.json` at the end of a replay URL.

https://replay.pokemonshowdown.com/gen7randomdoublesbattle-865046831.json

Or, if you only need the log itself, add `.log` instead:

https://replay.pokemonshowdown.com/gen7randomdoublesbattle-865046831.log

-->

<link rel="stylesheet" href="//pokemonshowdown.com/style/global.css?0.767286132409787" />
<link rel="stylesheet" href="//play.pokemonshowdown.com/style/font-awesome.css?0.9266228007934947" />
<link rel="stylesheet" href="//play.pokemonshowdown.com/style/battle.css?0.7924700842790926" />
<link rel="stylesheet" href="//play.pokemonshowdown.com/style/utilichart.css?0.8777417872839479" />

<!-- Global site tag (gtag.js) - Google Analytics -->
<script async src="https://www.googletagmanager.com/gtag/js?id=UA-26211653-1"></script>
<script>
  window.dataLayer = window.dataLayer || [];
  function gtag(){dataLayer.push(arguments);}
  gtag('js', new Date());

  gtag('config', 'UA-26211653-1');
</script>
<!-- End Google Analytics -->
<!-- Venatus Ad Manager - Install in <HEAD> of page -->
	<script src="https://hb.vntsm.com/v3/live/ad-manager.min.js" type="text/javascript" data-site-id="642aba63ec9a7b11c3c9c1be" data-mode="scan" async></script>
<!-- / Venatus Ad Manager -->

<style>
	@media (max-width:820px) {
		.battle {
			margin: 0 auto;
		}
		.battle-log {
			margin: 7px auto 0;
			max-width: 640px;
			height: 300px;
			position: static;
		}
	}
	.optgroup {
		display: inline-block;
		line-height: 22px;
		font-size: 10pt;
	}
	.optgroup .button {
		height: 25px;
		padding-top: 0;
		padding-bottom: 0;
	}
	.optgroup button.button {
		padding-left: 12px;
		padding-right: 12px;
	}
	.linklist {
		list-style: none;
		margin: 0.5em 0;
		padding: 0;
	}
	.linklist li {
		padding: 2px 0;
	}
	.sidebar {
		float: left;
		width: 320px;
	}
	.bar-wrapper {
		max-width: 1100px;
		margin: 0 auto;
	}
	.bar-wrapper.has-sidebar {
		max-width: 1430px;
	}
	.mainbar {
		margin: 0;
		padding-right: 1px;
	}
	.mainbar.has-sidebar {
		margin-left: 330px;
	}
	@media (min-width: 1511px) {
		.sidebar {
			width: 400px;
		}
		.bar-wrapper.has-sidebar {
			max-width: 1510px;
		}
		.mainbar.has-sidebar {
			margin-left: 410px;
		}
	}
	.section.first-section {
		margin-top: 9px;
	}
	.blocklink small {
		white-space: normal;
	}
	.button {
		vertical-align: middle;
	}
	.replay-controls {
		padding-top: 10px;
	}
	.replay-controls h1 {
		font-size: 16pt;
		font-weight: normal;
		color: #CCC;
	}
	.pagelink {
		text-align: center;
	}
	.pagelink a {
		width: 150px;
	}
	.textbox, .button {
		font-size: 11pt;
		vertical-align: middle;
	}
	@media (max-width: 450px) {
		.button {
			font-size: 9pt;
		}
	}
</style>

<div>

	<header>
		<div class="nav-wrapper"><ul class="nav">
			<li><a class="button nav-first" href="//pokemonshowdown.com/"><img src="//pokemonshowdown.com/images/pokemonshowdownbeta.png" srcset="//pokemonshowdown.com/images/pokemonshowdownbeta.png 1x, //pokemonshowdown.com/images/pokemonshowdownbeta@2x.png 2x" alt="Pok&eacute;mon Showdown" width="146" height="44" /> Home</a></li>
			<li><a class="button" href="//pokemonshowdown.com/dex/">Pok&eacute;dex</a></li>
			<li><a class="button cur" href="/">Replays</a></li>
			<li><a class="button" href="//pokemonshowdown.com/ladder/">Ladder</a></li>
			<li><a class="button nav-last" href="//pokemonshowdown.com/forums/">Forum</a></li>
			<li><a class="button greenbutton nav-first nav-last" href="//play.pokemonshowdown.com/">Play</a></li>
		</ul></div>
	</header>

	<div class="main" id="main">

		<noscript><section class="section">You need to enable JavaScript to use this page; sorry!</section></noscript>

	</div>

</div>

<script defer nomodule src="//play.pokemonshowdown.com/js/lib/ps-polyfill.js"></script>
<script defer src="//play.pokemonshowdown.com/js/lib/preact.min.js"></script>

<script defer src="//play.pokemonshowdown.com/config/config.js?6dec07f6"></script>
<script defer src="//play.pokemonshowdown.com/js/lib/jquery-1.11.0.min.js"></script>
<script defer src="//play.pokemonshowdown.com/js/lib/html-sanitizer-minified.js"></script>
<script defer src="//play.pokemonshowdown.com/js/battle-sound.js"></script>
<script defer src="//play.pokemonshowdown.com/js/battledata.js?0.6315294753075389"></script>
<script defer src="//play.pokemonshowdown.com/data/pokedex-mini.js?0.7603743185311358"></script>
<script defer src="//play.pokemonshowdown.com/data/pokedex-mini-bw.js?0.030888842834281283"></script>
<script defer src="//play.pokemonshowdown.com/data/graphics.js?0.05593094747507488"></script>
<script defer src="//play.pokemonshowdown.com/data/pokedex.js?0.47064822249611904"></script>
<script defer src="//play.pokemonshowdown.com/data/moves.js?0.8583693120512459"></script>
<script defer src="//play.pokemonshowdown.com/data/abilities.js?0.16017181182386842"></script>
<script defer src="//play.pokemonshowdown.com/data/items.js?0.4163379185673943"></script>
<script defer src="//play.pokemonshowdown.com/data/teambuilder-tables.js?0.31075597372830477"></script>
<script defer src="//play.pokemonshowdown.com/js/battle-tooltips.js?0.6536193500708172"></script>
<script defer src="//play.pokemonshowdown.com/js/battle.js?0.1916591943277901"></script>

<script defer src="js/utils.js?e31f9a17"></script>
<script defer src="js/replays-battle.js?7008c182"></script>

<!-- don't scrape this data! just add .json or .log after the URL!
Full API docs: https://github.com/smogon/pokemon-showdown-client/blob/master/WEB-API.md -->
<script type="text/plain" class="log" id="replaylog-smogtours-gen3ou-794039">
|inactive|Battle timer is ON: inactive players will automatically lose when time's up.
|t:|1727901212
|gametype|singles
|player|p1|Rovels|artist|
|player|p2|melninja|colress|
|teamsize|p1|6
|teamsize|p2|6
|gen|3
|tier|[Gen 3] OU
|rule|Sleep Clause Mod: Limit one foe put to sleep
|rule|Switch Priority Clause Mod: Faster Pokémon switch first
|rule|Species Clause: Limit one of each Pokémon
|rule|OHKO Clause: OHKO moves are banned
|rule|Evasion Items Clause: Evasion items are banned
|rule|Evasion Moves Clause: Evasion moves are banned
|rule|Endless Battle Clause: Forcing endless battles is banned
|rule|HP Percentage Mod: HP is shown in percentages
|rule|One Boost Passer Clause: Limit one Baton Passer that has a way to boost its stats
|rule|Freeze Clause Mod: Limit one foe frozen
|
|t:|1727901212
|start
|switch|p1a: Reginald|Regirock|100/100
|switch|p2a: Hariyama|Hariyama, M, shiny|100/100
|turn|1
|c|☆Rovels|++
|
|t:|1727901235
|switch|p1a: Salamence|Salamence, M|100/100
|-ability|p1a: Salamence|Intimidate|boost
|-unboost|p2a: Hariyama|atk|1
|switch|p2a: Swampert|Swampert, M|100/100
|
|upkeep
|turn|2
|
|t:|1727901261
|switch|p1a: Mr. Puff|Snorlax, M|100/100
|move|p2a: Swampert|Hydro Pump|p1a: Mr. Puff
|-damage|p1a: Mr. Puff|79/100
|
|-heal|p1a: Mr. Puff|85/100|[from] item: Leftovers
|upkeep
|turn|3
|inactive|melninja has 270 seconds left.
|
|t:|1727901292
|switch|p2a: Gengar|Gengar, M|100/100
|move|p1a: Mr. Puff|Curse|p1a: Mr. Puff
|-unboost|p1a: Mr. Puff|spe|1
|-boost|p1a: Mr. Puff|atk|1
|-boost|p1a: Mr. Puff|def|1
|
|-heal|p1a: Mr. Puff|91/100|[from] item: Leftovers
|upkeep
|turn|4
|
|t:|1727901298
|move|p2a: Gengar|Will-O-Wisp|p1a: Mr. Puff
|-status|p1a: Mr. Puff|brn
|move|p1a: Mr. Puff|Shadow Ball|p2a: Gengar
|-supereffective|p2a: Gengar
|-damage|p2a: Gengar|34/100
|
|-heal|p2a: Gengar|40/100|[from] item: Leftovers
|-heal|p1a: Mr. Puff|98/100 brn|[from] item: Leftovers
|-damage|p1a: Mr. Puff|85/100 brn|[from] brn
|upkeep
|turn|5
|inactive|melninja has 270 seconds left.
|
|t:|1727901313
|switch|p2a: Forretress|Forretress, F|100/100
|move|p1a: Mr. Puff|Curse|p1a: Mr. Puff
|-unboost|p1a: Mr. Puff|spe|1
|-boost|p1a: Mr. Puff|atk|1
|-boost|p1a: Mr. Puff|def|1
|
|-heal|p1a: Mr. Puff|91/100 brn|[from] item: Leftovers
|-damage|p1a: Mr. Puff|79/100 brn|[from] brn
|upkeep
|turn|6
|inactive|melninja has 270 seconds left.
|inactive|Rovels has 270 seconds left.
|
|t:|1727901345
|move|p2a: Forretress|Spikes|p1a: Mr. Puff
|-sidestart|p1: Rovels|Spikes
|move|p1a: Mr. Puff|Self-Destruct|p2a: Forretress
|-resisted|p2a: Forretress
|-damage|p2a: Forretress|30/100
|faint|p1a: Mr. Puff
|inactive|Rovels has 270 seconds left.
|
|t:|1727901360
|switch|p1a: Magneton|Magneton|100/100
|-damage|p1a: Magneton|88/100|[from] Spikes
|
|-heal|p2a: Forretress|36/100|[from] item: Leftovers
|upkeep
|turn|7
|
|t:|1727901366
|move|p1a: Magneton|Thunderbolt|p2a: Forretress
|-damage|p2a: Forretress|0 fnt
|faint|p2a: Forretress
|
|t:|1727901369
|switch|p2a: Blissey|Blissey, F|100/100
|
|upkeep
|turn|8
|inactive|Rovels has 270 seconds left.
|
|t:|1727901390
|switch|p1a: Jirachi tm|Metagross|100/100
|-damage|p1a: Jirachi tm|88/100|[from] Spikes
|move|p2a: Blissey|Fire Blast|p1a: Jirachi tm|[miss]
|-miss|p2a: Blissey|p1a: Jirachi tm
|
|-heal|p1a: Jirachi tm|94/100|[from] item: Leftovers
|upkeep
|turn|9
|inactive|Rovels has 270 seconds left.
|
|t:|1727901405
|switch|p1a: Reginald|Regirock|100/100
|-damage|p1a: Reginald|88/100|[from] Spikes
|switch|p2a: Swampert|Swampert, M|100/100
|
|-heal|p1a: Reginald|94/100|[from] item: Leftovers
|upkeep
|turn|10
|inactive|Rovels has 270 seconds left.
|
|t:|1727901431
|switch|p1a: Jirachi tm|Metagross|94/100
|-damage|p1a: Jirachi tm|82/100|[from] Spikes
|move|p2a: Swampert|Protect||[still]
|-fail|p2a: Swampert
|
|-heal|p1a: Jirachi tm|88/100|[from] item: Leftovers
|upkeep
|turn|11
|
|t:|1727901449
|move|p2a: Swampert|Protect|p2a: Swampert
|-singleturn|p2a: Swampert|Protect
|move|p1a: Jirachi tm|Meteor Mash|p2a: Swampert|[miss]
|-miss|p1a: Jirachi tm|p2a: Swampert
|
|-heal|p1a: Jirachi tm|94/100|[from] item: Leftovers
|upkeep
|turn|12
|
|t:|1727901473
|switch|p2a: Gengar|Gengar, M|40/100
|move|p1a: Jirachi tm|Meteor Mash|p2a: Gengar
|-damage|p2a: Gengar|0 fnt
|faint|p2a: Gengar
|
|t:|1727901479
|switch|p2a: Swampert|Swampert, M|100/100
|
|-heal|p1a: Jirachi tm|99/100|[from] item: Leftovers
|upkeep
|turn|13
|
|t:|1727901487
|move|p1a: Jirachi tm|Meteor Mash|p2a: Swampert
|-resisted|p2a: Swampert
|-damage|p2a: Swampert|80/100
|-boost|p1a: Jirachi tm|atk|1
|move|p2a: Swampert|Earthquake|p1a: Jirachi tm
|-supereffective|p1a: Jirachi tm
|-damage|p1a: Jirachi tm|39/100
|
|-heal|p1a: Jirachi tm|45/100|[from] item: Leftovers
|-heal|p2a: Swampert|86/100|[from] item: Leftovers
|upkeep
|turn|14
|inactive|Rovels has 270 seconds left.
|
|t:|1727901512
|switch|p1a: Magneton|Magneton|88/100
|-damage|p1a: Magneton|76/100|[from] Spikes
|move|p2a: Swampert|Protect||[still]
|-fail|p2a: Swampert
|
|-heal|p2a: Swampert|92/100|[from] item: Leftovers
|upkeep
|turn|15
|
|t:|1727901519
|move|p2a: Swampert|Protect|p2a: Swampert
|-singleturn|p2a: Swampert|Protect
|move|p1a: Magneton|Substitute|p1a: Magneton
|-start|p1a: Magneton|Substitute
|-damage|p1a: Magneton|51/100
|
|-heal|p2a: Swampert|98/100|[from] item: Leftovers
|upkeep
|turn|16
|
|t:|1727901525
|switch|p2a: Blissey|Blissey, F|100/100
|move|p1a: Magneton|Hidden Power|p2a: Blissey
|-damage|p2a: Blissey|90/100
|
|-heal|p2a: Blissey|96/100|[from] item: Leftovers
|upkeep
|turn|17
|inactive|Rovels has 270 seconds left.
|
|t:|1727901536
|switch|p1a: Reginald|Regirock|94/100
|-damage|p1a: Reginald|82/100|[from] Spikes
|move|p2a: Blissey|Fire Blast|p1a: Reginald
|-resisted|p1a: Reginald
|-damage|p1a: Reginald|68/100
|
|-heal|p2a: Blissey|100/100|[from] item: Leftovers
|-heal|p1a: Reginald|74/100|[from] item: Leftovers
|upkeep
|turn|18
|
|t:|1727901548
|move|p2a: Blissey|Toxic|p1a: Reginald
|-status|p1a: Reginald|tox
|move|p1a: Reginald|Explosion|p2a: Blissey
|-crit|p2a: Blissey
|-damage|p2a: Blissey|0 fnt
|faint|p1a: Reginald
|faint|p2a: Blissey
|
|t:|1727901560
|switch|p2a: Swampert|Swampert, M|98/100
|switch|p1a: Salamence|Salamence, M|100/100
|-ability|p1a: Salamence|Intimidate|boost
|-unboost|p2a: Swampert|atk|1
|
|-heal|p2a: Swampert|100/100|[from] item: Leftovers
|upkeep
|turn|19
|
|t:|1727901569
|move|p1a: Salamence|Earthquake|p2a: Swampert
|-damage|p2a: Swampert|76/100
|move|p2a: Swampert|Ice Beam|p1a: Salamence
|-supereffective|p1a: Salamence
|-damage|p1a: Salamence|13/100
|
|-heal|p1a: Salamence|19/100|[from] item: Leftovers
|-heal|p2a: Swampert|82/100|[from] item: Leftovers
|upkeep
|turn|20
|
|t:|1727901585
|move|p1a: Salamence|Rock Slide|p2a: Swampert
|-resisted|p2a: Swampert
|-damage|p2a: Swampert|72/100
|move|p2a: Swampert|Ice Beam|p1a: Salamence
|-supereffective|p1a: Salamence
|-damage|p1a: Salamence|0 fnt
|faint|p1a: Salamence
|
|t:|1727901593
|switch|p1a: Magneton|Magneton|51/100
|-damage|p1a: Magneton|38/100|[from] Spikes
|
|-heal|p2a: Swampert|79/100|[from] item: Leftovers
|upkeep
|turn|21
|
|t:|1727901602
|switch|p2a: Hariyama|Hariyama, M, shiny|100/100
|move|p1a: Magneton|Substitute|p1a: Magneton
|-start|p1a: Magneton|Substitute
|-damage|p1a: Magneton|13/100
|
|-enditem|p1a: Magneton|Salac Berry|[eat]
|-boost|p1a: Magneton|spe|1|[from] item: Salac Berry
|upkeep
|turn|22
|
|t:|1727901609
|move|p1a: Magneton|Thunderbolt|p2a: Hariyama
|-damage|p2a: Hariyama|54/100
|move|p2a: Hariyama|Cross Chop|p1a: Magneton
|-supereffective|p1a: Magneton
|-end|p1a: Magneton|Substitute
|
|-heal|p2a: Hariyama|60/100|[from] item: Leftovers
|upkeep
|turn|23
|
|t:|1727901615
|move|p1a: Magneton|Thunderbolt|p2a: Hariyama
|-damage|p2a: Hariyama|11/100
|move|p2a: Hariyama|Cross Chop|p1a: Magneton
|-supereffective|p1a: Magneton
|-damage|p1a: Magneton|0 fnt
|faint|p1a: Magneton
|
|t:|1727901620
|switch|p1a: Jirachi tm|Metagross|45/100
|-damage|p1a: Jirachi tm|32/100|[from] Spikes
|
|-heal|p1a: Jirachi tm|38/100|[from] item: Leftovers
|-heal|p2a: Hariyama|17/100|[from] item: Leftovers
|upkeep
|turn|24
|
|t:|1727901649
|move|p1a: Jirachi tm|Meteor Mash|p2a: Hariyama|[miss]
|-miss|p1a: Jirachi tm|p2a: Hariyama
|move|p2a: Hariyama|Cross Chop|p1a: Jirachi tm
|-damage|p1a: Jirachi tm|0 fnt
|faint|p1a: Jirachi tm
|
|t:|1727901655
|switch|p1a: Kuebiko|Suicune|100/100
|-damage|p1a: Kuebiko|88/100|[from] Spikes
|
|-heal|p1a: Kuebiko|94/100|[from] item: Leftovers
|-heal|p2a: Hariyama|23/100|[from] item: Leftovers
|upkeep
|turn|25
|
|t:|1727901661
|move|p1a: Kuebiko|Surf|p2a: Hariyama
|-damage|p2a: Hariyama|0 fnt
|faint|p2a: Hariyama
|
|t:|1727901669
|switch|p2a: Tyranitar|Tyranitar, M|100/100
|-weather|Sandstorm|[from] ability: Sand Stream|[of] p2a: Tyranitar
|
|-weather|Sandstorm|[upkeep]
|-damage|p1a: Kuebiko|88/100|[from] Sandstorm
|-heal|p1a: Kuebiko|94/100|[from] item: Leftovers
|upkeep
|turn|26
|
|t:|1727901688
|move|p1a: Kuebiko|Calm Mind|p1a: Kuebiko
|-boost|p1a: Kuebiko|spa|1
|-boost|p1a: Kuebiko|spd|1
|move|p2a: Tyranitar|Crunch|p1a: Kuebiko
|-damage|p1a: Kuebiko|74/100
|
|-weather|Sandstorm|[upkeep]
|-damage|p1a: Kuebiko|68/100|[from] Sandstorm
|-heal|p1a: Kuebiko|74/100|[from] item: Leftovers
|upkeep
|turn|27
|
|t:|1727901696
|move|p1a: Kuebiko|Calm Mind|p1a: Kuebiko
|-boost|p1a: Kuebiko|spa|1
|-boost|p1a: Kuebiko|spd|1
|move|p2a: Tyranitar|Crunch|p1a: Kuebiko
|-damage|p1a: Kuebiko|61/100
|
|-weather|Sandstorm|[upkeep]
|-damage|p1a: Kuebiko|54/100|[from] Sandstorm
|-heal|p1a: Kuebiko|61/100|[from] item: Leftovers
|upkeep
|turn|28
|
|t:|1727901705
|move|p1a: Kuebiko|Calm Mind|p1a: Kuebiko
|-boost|p1a: Kuebiko|spa|1
|-boost|p1a: Kuebiko|spd|1
|move|p2a: Tyranitar|Crunch|p1a: Kuebiko
|-damage|p1a: Kuebiko|49/100
|
|-weather|Sandstorm|[upkeep]
|-damage|p1a: Kuebiko|42/100|[from] Sandstorm
|-heal|p1a: Kuebiko|49/100|[from] item: Leftovers
|upkeep
|turn|29
|
|t:|1727901711
|move|p1a: Kuebiko|Rest|p1a: Kuebiko
|-status|p1a: Kuebiko|slp|[from] move: Rest
|-heal|p1a: Kuebiko|100/100 slp|[silent]
|move|p2a: Tyranitar|Crunch|p1a: Kuebiko
|-damage|p1a: Kuebiko|90/100 slp
|
|-weather|Sandstorm|[upkeep]
|-damage|p1a: Kuebiko|84/100 slp|[from] Sandstorm
|-heal|p1a: Kuebiko|90/100 slp|[from] item: Leftovers
|upkeep
|turn|30
|
|t:|1727901714
|switch|p2a: Swampert|Swampert, M|79/100
|cant|p1a: Kuebiko|slp
|move|p1a: Kuebiko|Sleep Talk|p1a: Kuebiko
|move|p1a: Kuebiko|Rest|p1a: Kuebiko|[from]Sleep Talk
|
|-weather|Sandstorm|[upkeep]
|-damage|p1a: Kuebiko|84/100 slp|[from] Sandstorm
|-heal|p1a: Kuebiko|90/100 slp|[from] item: Leftovers
|-heal|p2a: Swampert|85/100|[from] item: Leftovers
|upkeep
|turn|31
|c|☆melninja|gg
|
|t:|1727901719
|cant|p1a: Kuebiko|slp
|move|p1a: Kuebiko|Sleep Talk|p1a: Kuebiko
|move|p1a: Kuebiko|Rest|p1a: Kuebiko|[from]Sleep Talk
|move|p2a: Swampert|Earthquake|p1a: Kuebiko
|-damage|p1a: Kuebiko|62/100 slp
|
|-weather|Sandstorm|[upkeep]
|-damage|p1a: Kuebiko|56/100 slp|[from] Sandstorm
|-heal|p1a: Kuebiko|62/100 slp|[from] item: Leftovers
|-heal|p2a: Swampert|91/100|[from] item: Leftovers
|upkeep
|turn|32
|
|t:|1727901726
|-curestatus|p1a: Kuebiko|slp|[msg]
|move|p1a: Kuebiko|Surf|p2a: Swampert
|-damage|p2a: Swampert|5/100
|move|p2a: Swampert|Earthquake|p1a: Kuebiko
|-damage|p1a: Kuebiko|34/100
|
|-weather|Sandstorm|[upkeep]
|-damage|p1a: Kuebiko|28/100|[from] Sandstorm
|-heal|p1a: Kuebiko|34/100|[from] item: Leftovers
|-heal|p2a: Swampert|12/100|[from] item: Leftovers
|upkeep
|turn|33
|
|t:|1727901732
|move|p1a: Kuebiko|Surf|p2a: Swampert
|-damage|p2a: Swampert|0 fnt
|faint|p2a: Swampert
|
|t:|1727901735
|switch|p2a: Tyranitar|Tyranitar, M|100/100
|
|-weather|Sandstorm|[upkeep]
|-damage|p1a: Kuebiko|28/100|[from] Sandstorm
|-heal|p1a: Kuebiko|34/100|[from] item: Leftovers
|upkeep
|turn|34
|
|t:|1727901741
|move|p1a: Kuebiko|Surf|p2a: Tyranitar
|-supereffective|p2a: Tyranitar
|-damage|p2a: Tyranitar|0 fnt
|faint|p2a: Tyranitar
|
|win|Rovels
|c|☆Rovels|Ggs
|c|☆Rovels|Do we need to put replay links in the tourny chat?
|player|p2|

</script>
<script type="application/json" class="data" id="replaydata-smogtours-gen3ou-794039">
{"id":"smogtours-gen3ou-794039","format":"[Gen 3] OU","players":["Rovels","melninja"],"uploadtime":1727901741,"views":134,"formatid":"gen3ou","rating":null,"private":0,"password":null}
</script>

<script defer src="js/replays.js?9d40a366"></script>
