<!DOCTYPE html>
<meta charset="utf-8" />
<meta name="viewport" content="width=device-width" />

<title>[Gen 3] OU: 100techs vs. SlamonBBQ - Replays - Pok&eacute;mon Showdown!</title>

<meta name="description" content="Watch a replay of a Pok&eacute;mon battle between 100techs and SlamonBBQ! Format: [Gen 3] OU; Date: Oct 14, 2024" />
<!--

Hey, you! Looking in the source for the replay log?

You can find them in JSON format, just add `.json` at the end of a replay URL.

https://replay.pokemonshowdown.com/gen7randomdoublesbattle-865046831.json

Or, if you only need the log itself, add `.log` instead:

https://replay.pokemonshowdown.com/gen7randomdoublesbattle-865046831.log

-->

<link rel="stylesheet" href="//pokemonshowdown.com/style/global.css?0.023195364461161105" />
<link rel="stylesheet" href="//play.pokemonshowdown.com/style/font-awesome.css?0.13261647063804238" />
<link rel="stylesheet" href="//play.pokemonshowdown.com/style/battle.css?0.8753245789963631" />
<link rel="stylesheet" href="//play.pokemonshowdown.com/style/utilichart.css?0.8627959624976733" />

<!-- Global site tag (gtag.js) - Google Analytics -->
<script async src="https://www.googletagmanager.com/gtag/js?id=UA-26211653-1"></script>
<script>
  window.dataLayer = window.dataLayer || [];
  function gtag(){dataLayer.push(arguments);}
  gtag('js', new Date());

  gtag('config', 'UA-26211653-1');
</script>
<!-- End Google Analytics -->
<!-- Venatus Ad Manager - Install in <HEAD> of page -->
	<script src="https://hb.vntsm.com/v3/live/ad-manager.min.js" type="text/javascript" data-site-id="642aba63ec9a7b11c3c9c1be" data-mode="scan" async></script>
<!-- / Venatus Ad Manager -->

<style>
	@media (max-width:820px) {
		.battle {
			margin: 0 auto;
		}
		.battle-log {
			margin: 7px auto 0;
			max-width: 640px;
			height: 300px;
			position: static;
		}
	}
	.optgroup {
		display: inline-block;
		line-height: 22px;
		font-size: 10pt;
	}
	.optgroup .button {
		height: 25px;
		padding-top: 0;
		padding-bottom: 0;
	}
	.optgroup button.button {
		padding-left: 12px;
		padding-right: 12px;
	}
	.linklist {
		list-style: none;
		margin: 0.5em 0;
		padding: 0;
	}
	.linklist li {
		padding: 2px 0;
	}
	.sidebar {
		float: left;
		width: 320px;
	}
	.bar-wrapper {
		max-width: 1100px;
		margin: 0 auto;
	}
	.bar-wrapper.has-sidebar {
		max-width: 1430px;
	}
	.mainbar {
		margin: 0;
		padding-right: 1px;
	}
	.mainbar.has-sidebar {
		margin-left: 330px;
	}
	@media (min-width: 1511px) {
		.sidebar {
			width: 400px;
		}
		.bar-wrapper.has-sidebar {
			max-width: 1510px;
		}
		.mainbar.has-sidebar {
			margin-left: 410px;
		}
	}
	.section.first-section {
		margin-top: 9px;
	}
	.blocklink small {
		white-space: normal;
	}
	.button {
		vertical-align: middle;
	}
	.replay-controls {
		padding-top: 10px;
	}
	.replay-controls h1 {
		font-size: 16pt;
		font-weight: normal;
		color: #CCC;
	}
	.pagelink {
		text-align: center;
	}
	.pagelink a {
		width: 150px;
	}
	.textbox, .button {
		font-size: 11pt;
		vertical-align: middle;
	}
	@media (max-width: 450px) {
		.button {
			font-size: 9pt;
		}
	}
</style>

<div>

	<header>
		<div class="nav-wrapper"><ul class="nav">
			<li><a class="button nav-first" href="//pokemonshowdown.com/"><img src="//pokemonshowdown.com/images/pokemonshowdownbeta.png" srcset="//pokemonshowdown.com/images/pokemonshowdownbeta.png 1x, //pokemonshowdown.com/images/pokemonshowdownbeta@2x.png 2x" alt="Pok&eacute;mon Showdown" width="146" height="44" /> Home</a></li>
			<li><a class="button" href="//pokemonshowdown.com/dex/">Pok&eacute;dex</a></li>
			<li><a class="button cur" href="/">Replays</a></li>
			<li><a class="button" href="//pokemonshowdown.com/ladder/">Ladder</a></li>
			<li><a class="button nav-last" href="//pokemonshowdown.com/forums/">Forum</a></li>
			<li><a class="button greenbutton nav-first nav-last" href="//play.pokemonshowdown.com/">Play</a></li>
		</ul></div>
	</header>

	<div class="main" id="main">

		<noscript><section class="section">You need to enable JavaScript to use this page; sorry!</section></noscript>

	</div>

</div>

<script defer nomodule src="//play.pokemonshowdown.com/js/lib/ps-polyfill.js"></script>
<script defer src="//play.pokemonshowdown.com/js/lib/preact.min.js"></script>

<script defer src="//play.pokemonshowdown.com/config/config.js?2bddbc15"></script>
<script defer src="//play.pokemonshowdown.com/js/lib/jquery-1.11.0.min.js"></script>
<script defer src="//play.pokemonshowdown.com/js/lib/html-sanitizer-minified.js"></script>
<script defer src="//play.pokemonshowdown.com/js/battle-sound.js"></script>
<script defer src="//play.pokemonshowdown.com/js/battledata.js?0.7209276989879541"></script>
<script defer src="//play.pokemonshowdown.com/data/pokedex-mini.js?0.6111056340867951"></script>
<script defer src="//play.pokemonshowdown.com/data/pokedex-mini-bw.js?0.3532142036491459"></script>
<script defer src="//play.pokemonshowdown.com/data/graphics.js?0.24223875632456182"></script>
<script defer src="//play.pokemonshowdown.com/data/pokedex.js?0.38839984266356864"></script>
<script defer src="//play.pokemonshowdown.com/data/moves.js?0.21866028504024015"></script>
<script defer src="//play.pokemonshowdown.com/data/abilities.js?0.2005157953846628"></script>
<script defer src="//play.pokemonshowdown.com/data/items.js?0.9894211263848525"></script>
<script defer src="//play.pokemonshowdown.com/data/teambuilder-tables.js?0.6008791140282215"></script>
<script defer src="//play.pokemonshowdown.com/js/battle-tooltips.js?0.7580118955022959"></script>
<script defer src="//play.pokemonshowdown.com/js/battle.js?0.6057722274234274"></script>

<script defer src="js/utils.js?e31f9a17"></script>
<script defer src="js/replays-battle.js?7008c182"></script>

<!-- don't scrape this data! just add .json or .log after the URL!
Full API docs: https://github.com/smogon/pokemon-showdown-client/blob/master/WEB-API.md -->
<script type="text/plain" class="log" id="replaylog-smogtours-gen3ou-798810">
|inactive|Battle timer is ON: inactive players will automatically lose when time's up.
|t:|1728944631
|gametype|singles
|player|p1|100techs|nurse|
|player|p2|SlamonBBQ|sage|
|teamsize|p1|6
|teamsize|p2|6
|gen|3
|tier|[Gen 3] OU
|rule|Sleep Clause Mod: Limit one foe put to sleep
|rule|Switch Priority Clause Mod: Faster Pokémon switch first
|rule|Species Clause: Limit one of each Pokémon
|rule|OHKO Clause: OHKO moves are banned
|rule|Evasion Items Clause: Evasion items are banned
|rule|Evasion Moves Clause: Evasion moves are banned
|rule|Endless Battle Clause: Forcing endless battles is banned
|rule|HP Percentage Mod: HP is shown in percentages
|rule|One Boost Passer Clause: Limit one Baton Passer that has a way to boost its stats
|rule|Freeze Clause Mod: Limit one foe frozen
|
|t:|1728944631
|start
|switch|p1a: Skarmory|Skarmory, F|100/100
|switch|p2a: Registeel|Registeel|100/100
|turn|1
|c|☆SlamonBBQ|glhf
|c|☆100techs|You too!
|
|t:|1728944646
|move|p1a: Skarmory|Spikes|p2a: Registeel
|-sidestart|p2: SlamonBBQ|Spikes
|move|p2a: Registeel|Thunder Wave|p1a: Skarmory
|-status|p1a: Skarmory|par
|
|upkeep
|turn|2
|
|t:|1728944653
|move|p2a: Registeel|Seismic Toss|p1a: Skarmory
|-damage|p1a: Skarmory|71/100 par
|move|p1a: Skarmory|Spikes|p2a: Registeel
|-sidestart|p2: SlamonBBQ|Spikes
|
|-heal|p1a: Skarmory|77/100 par|[from] item: Leftovers
|upkeep
|turn|3
|
|t:|1728944656
|move|p2a: Registeel|Seismic Toss|p1a: Skarmory
|-damage|p1a: Skarmory|47/100 par
|move|p1a: Skarmory|Spikes|p2a: Registeel
|-sidestart|p2: SlamonBBQ|Spikes
|
|-heal|p1a: Skarmory|53/100 par|[from] item: Leftovers
|upkeep
|turn|4
|
|t:|1728944659
|switch|p1a: Moltres|Moltres|100/100
|move|p2a: Registeel|Seismic Toss|p1a: Moltres
|-damage|p1a: Moltres|69/100
|
|-heal|p1a: Moltres|76/100|[from] item: Leftovers
|upkeep
|turn|5
|
|t:|1728944663
|switch|p2a: Blissey|Blissey, F|100/100
|-damage|p2a: Blissey|76/100|[from] Spikes
|move|p1a: Moltres|Will-O-Wisp|p2a: Blissey
|-status|p2a: Blissey|brn
|
|-heal|p1a: Moltres|82/100|[from] item: Leftovers
|-heal|p2a: Blissey|82/100 brn|[from] item: Leftovers
|-damage|p2a: Blissey|69/100 brn|[from] brn
|upkeep
|turn|6
|
|t:|1728944674
|move|p1a: Moltres|Fire Blast|p2a: Blissey
|-damage|p2a: Blissey|44/100 brn
|move|p2a: Blissey|Soft-Boiled|p2a: Blissey
|-heal|p2a: Blissey|94/100 brn
|
|-heal|p1a: Moltres|88/100|[from] item: Leftovers
|-heal|p2a: Blissey|99/100 brn|[from] item: Leftovers
|-damage|p2a: Blissey|87/100 brn|[from] brn
|upkeep
|turn|7
|
|t:|1728944684
|move|p2a: Blissey|Thunderbolt|p1a: Moltres
|-supereffective|p1a: Moltres
|-damage|p1a: Moltres|25/100
|move|p1a: Moltres|Roar|p2a: Blissey
|-curestatus|p2a: Blissey|brn|[from] ability: Natural Cure
|drag|p2a: Registeel|Registeel|100/100
|-damage|p2a: Registeel|75/100|[from] Spikes
|
|-heal|p1a: Moltres|31/100|[from] item: Leftovers
|-heal|p2a: Registeel|82/100|[from] item: Leftovers
|upkeep
|turn|8
|
|t:|1728944697
|switch|p1a: Flygon|Flygon, F|100/100
|switch|p2a: Blissey|Blissey, F|87/100
|-damage|p2a: Blissey|62/100|[from] Spikes
|
|-heal|p2a: Blissey|69/100|[from] item: Leftovers
|upkeep
|turn|9
|
|t:|1728944711
|move|p1a: Flygon|Earthquake|p2a: Blissey
|-damage|p2a: Blissey|35/100
|move|p2a: Blissey|Ice Beam|p1a: Flygon
|-supereffective|p1a: Flygon
|-damage|p1a: Flygon|0 fnt
|faint|p1a: Flygon
|
|t:|1728944735
|switch|p1a: Jirachi|Jirachi|100/100
|
|-heal|p2a: Blissey|41/100|[from] item: Leftovers
|upkeep
|turn|10
|
|t:|1728944742
|move|p1a: Jirachi|Calm Mind|p1a: Jirachi
|-boost|p1a: Jirachi|spa|1
|-boost|p1a: Jirachi|spd|1
|move|p2a: Blissey|Soft-Boiled|p2a: Blissey
|-heal|p2a: Blissey|91/100
|
|-heal|p2a: Blissey|97/100|[from] item: Leftovers
|upkeep
|turn|11
|
|t:|1728944768
|switch|p2a: Claydol|Claydol|100/100
|move|p1a: Jirachi|Wish|p1a: Jirachi
|
|upkeep
|turn|12
|
|t:|1728944782
|switch|p1a: Moltres|Moltres|31/100
|move|p2a: Claydol|Rapid Spin|p1a: Moltres
|-damage|p1a: Moltres|26/100
|-sideend|p2: SlamonBBQ|Spikes|[from] move: Rapid Spin|[of] p2a: Claydol
|
|-heal|p1a: Moltres|76/100|[from] move: Wish|[wisher] Jirachi
|-heal|p1a: Moltres|82/100|[from] item: Leftovers
|upkeep
|turn|13
|
|t:|1728944792
|switch|p2a: Blissey|Blissey, F|97/100
|move|p1a: Moltres|Hidden Power|p2a: Blissey
|-damage|p2a: Blissey|88/100
|
|-heal|p1a: Moltres|88/100|[from] item: Leftovers
|-heal|p2a: Blissey|94/100|[from] item: Leftovers
|upkeep
|turn|14
|inactive|SlamonBBQ has 270 seconds left.
|
|t:|1728944820
|switch|p1a: Jirachi|Jirachi|100/100
|move|p2a: Blissey|Thunderbolt|p1a: Jirachi
|-damage|p1a: Jirachi|78/100
|
|-heal|p1a: Jirachi|85/100|[from] item: Leftovers
|-heal|p2a: Blissey|99/100|[from] item: Leftovers
|upkeep
|turn|15
|inactive|SlamonBBQ has 270 seconds left.
|
|t:|1728944827
|switch|p2a: Registeel|Registeel|82/100
|move|p1a: Jirachi|Fire Punch|p2a: Registeel
|-supereffective|p2a: Registeel
|-damage|p2a: Registeel|64/100
|
|-heal|p1a: Jirachi|91/100|[from] item: Leftovers
|-heal|p2a: Registeel|70/100|[from] item: Leftovers
|upkeep
|turn|16
|
|t:|1728944836
|move|p1a: Jirachi|Wish|p1a: Jirachi
|move|p2a: Registeel|Thunder Wave|p1a: Jirachi
|-status|p1a: Jirachi|par
|
|-heal|p2a: Registeel|76/100|[from] item: Leftovers
|-heal|p1a: Jirachi|97/100 par|[from] item: Leftovers
|upkeep
|turn|17
|inactive|SlamonBBQ has 270 seconds left.
|
|t:|1728944860
|switch|p1a: Skarmory|Skarmory, F|53/100 par
|move|p2a: Registeel|Seismic Toss|p1a: Skarmory
|-damage|p1a: Skarmory|23/100 par
|
|-heal|p1a: Skarmory|73/100 par|[from] move: Wish|[wisher] Jirachi
|-heal|p2a: Registeel|82/100|[from] item: Leftovers
|-heal|p1a: Skarmory|79/100 par|[from] item: Leftovers
|upkeep
|turn|18
|inactive|SlamonBBQ has 270 seconds left.
|
|t:|1728944890
|switch|p2a: Skarmory|Skarmory, F|100/100
|move|p1a: Skarmory|Spikes|p2a: Skarmory
|-sidestart|p2: SlamonBBQ|Spikes
|
|-heal|p1a: Skarmory|85/100 par|[from] item: Leftovers
|upkeep
|turn|19
|
|t:|1728944902
|switch|p1a: Moltres|Moltres|88/100
|move|p2a: Skarmory|Spikes|p1a: Moltres
|-sidestart|p1: 100techs|Spikes
|
|-heal|p1a: Moltres|95/100|[from] item: Leftovers
|upkeep
|turn|20
|
|t:|1728944906
|switch|p2a: Blissey|Blissey, F|99/100
|-damage|p2a: Blissey|87/100|[from] Spikes
|move|p1a: Moltres|Roar|p2a: Blissey
|drag|p2a: Milotic|Milotic, F|100/100
|-damage|p2a: Milotic|88/100|[from] Spikes
|
|-heal|p1a: Moltres|100/100|[from] item: Leftovers
|-heal|p2a: Milotic|94/100|[from] item: Leftovers
|upkeep
|turn|21
|
|t:|1728944917
|move|p1a: Moltres|Hidden Power|p2a: Milotic
|-supereffective|p2a: Milotic
|-damage|p2a: Milotic|61/100
|move|p2a: Milotic|Surf|p1a: Moltres
|-supereffective|p1a: Moltres
|-damage|p1a: Moltres|20/100
|
|-heal|p1a: Moltres|26/100|[from] item: Leftovers
|-heal|p2a: Milotic|68/100|[from] item: Leftovers
|upkeep
|turn|22
|
|t:|1728944926
|switch|p1a: Jirachi|Jirachi|97/100 par
|-damage|p1a: Jirachi|85/100 par|[from] Spikes
|move|p2a: Milotic|Recover|p2a: Milotic
|-heal|p2a: Milotic|100/100
|
|-heal|p1a: Jirachi|91/100 par|[from] item: Leftovers
|upkeep
|turn|23
|
|t:|1728944943
|switch|p2a: Dugtrio|Dugtrio, F|100/100
|-damage|p2a: Dugtrio|88/100|[from] Spikes
|cant|p1a: Jirachi|par
|
|-heal|p1a: Jirachi|97/100 par|[from] item: Leftovers
|upkeep
|turn|24
|
|t:|1728944953
|move|p2a: Dugtrio|Earthquake|p1a: Jirachi
|-supereffective|p1a: Jirachi
|-damage|p1a: Jirachi|22/100 par
|move|p1a: Jirachi|Psychic|p2a: Dugtrio
|-damage|p2a: Dugtrio|16/100
|
|-heal|p1a: Jirachi|28/100 par|[from] item: Leftovers
|upkeep
|turn|25
|
|t:|1728944956
|move|p2a: Dugtrio|Earthquake|p1a: Jirachi
|-supereffective|p1a: Jirachi
|-damage|p1a: Jirachi|0 fnt
|faint|p1a: Jirachi
|
|t:|1728944963
|switch|p1a: Moltres|Moltres|26/100
|
|-heal|p1a: Moltres|32/100|[from] item: Leftovers
|upkeep
|turn|26
|
|t:|1728944970
|switch|p2a: Blissey|Blissey, F|87/100
|-damage|p2a: Blissey|75/100|[from] Spikes
|move|p1a: Moltres|Fire Blast|p2a: Blissey
|-damage|p2a: Blissey|51/100
|
|-heal|p1a: Moltres|39/100|[from] item: Leftovers
|-heal|p2a: Blissey|58/100|[from] item: Leftovers
|upkeep
|turn|27
|
|t:|1728944980
|move|p2a: Blissey|Soft-Boiled|p2a: Blissey
|-heal|p2a: Blissey|100/100
|move|p1a: Moltres|Roar|p2a: Blissey
|drag|p2a: Claydol|Claydol|100/100
|
|-heal|p1a: Moltres|45/100|[from] item: Leftovers
|upkeep
|turn|28
|
|t:|1728944987
|switch|p2a: Blissey|Blissey, F|100/100
|-damage|p2a: Blissey|88/100|[from] Spikes
|move|p1a: Moltres|Will-O-Wisp|p2a: Blissey
|-status|p2a: Blissey|brn
|
|-heal|p1a: Moltres|51/100|[from] item: Leftovers
|-heal|p2a: Blissey|94/100 brn|[from] item: Leftovers
|-damage|p2a: Blissey|82/100 brn|[from] brn
|upkeep
|turn|29
|
|t:|1728944992
|switch|p1a: Tyranitar|Tyranitar, M|100/100
|-damage|p1a: Tyranitar|88/100|[from] Spikes
|-weather|Sandstorm|[from] ability: Sand Stream|[of] p1a: Tyranitar
|move|p2a: Blissey|Thunderbolt|p1a: Tyranitar
|-damage|p1a: Tyranitar|66/100
|
|-weather|Sandstorm|[upkeep]
|-damage|p2a: Blissey|76/100 brn|[from] Sandstorm
|-heal|p1a: Tyranitar|72/100|[from] item: Leftovers
|-heal|p2a: Blissey|82/100 brn|[from] item: Leftovers
|-damage|p2a: Blissey|69/100 brn|[from] brn
|upkeep
|turn|30
|
|t:|1728945005
|-curestatus|p2a: Blissey|brn|[from] ability: Natural Cure
|switch|p2a: Registeel|Registeel|82/100
|-damage|p2a: Registeel|69/100|[from] Spikes
|move|p1a: Tyranitar|Dragon Dance|p1a: Tyranitar
|-boost|p1a: Tyranitar|atk|1
|-boost|p1a: Tyranitar|spe|1
|
|-weather|Sandstorm|[upkeep]
|-heal|p1a: Tyranitar|79/100|[from] item: Leftovers
|-heal|p2a: Registeel|75/100|[from] item: Leftovers
|upkeep
|turn|31
|
|t:|1728945013
|move|p1a: Tyranitar|Earthquake|p2a: Registeel
|-supereffective|p2a: Registeel
|-damage|p2a: Registeel|17/100
|move|p2a: Registeel|Thunder Wave|p1a: Tyranitar
|-status|p1a: Tyranitar|par
|
|-weather|Sandstorm|[upkeep]
|-heal|p2a: Registeel|23/100|[from] item: Leftovers
|-heal|p1a: Tyranitar|85/100 par|[from] item: Leftovers
|upkeep
|turn|32
|
|t:|1728945018
|move|p2a: Registeel|Explosion|p1a: Tyranitar
|-resisted|p1a: Tyranitar
|-damage|p1a: Tyranitar|47/100 par
|faint|p2a: Registeel
|
|t:|1728945021
|switch|p2a: Dugtrio|Dugtrio, F|16/100
|-damage|p2a: Dugtrio|4/100|[from] Spikes
|
|-weather|Sandstorm|[upkeep]
|-heal|p1a: Tyranitar|53/100 par|[from] item: Leftovers
|upkeep
|turn|33
|
|t:|1728945024
|move|p2a: Dugtrio|Earthquake|p1a: Tyranitar
|-supereffective|p1a: Tyranitar
|-damage|p1a: Tyranitar|0 fnt
|faint|p1a: Tyranitar
|
|t:|1728945029
|switch|p1a: Skarmory|Skarmory, F|85/100 par
|
|-weather|Sandstorm|[upkeep]
|-heal|p1a: Skarmory|91/100 par|[from] item: Leftovers
|upkeep
|turn|34
|
|t:|1728945039
|switch|p2a: Claydol|Claydol|100/100
|move|p1a: Skarmory|Roar|p2a: Claydol
|drag|p2a: Blissey|Blissey, F|69/100
|-damage|p2a: Blissey|57/100|[from] Spikes
|
|-weather|Sandstorm|[upkeep]
|-damage|p2a: Blissey|51/100|[from] Sandstorm
|-heal|p2a: Blissey|57/100|[from] item: Leftovers
|-heal|p1a: Skarmory|97/100 par|[from] item: Leftovers
|upkeep
|turn|35
|
|t:|1728945045
|move|p2a: Blissey|Soft-Boiled|p2a: Blissey
|-heal|p2a: Blissey|100/100
|cant|p1a: Skarmory|par
|
|-weather|Sandstorm|[upkeep]
|-damage|p2a: Blissey|94/100|[from] Sandstorm
|-heal|p2a: Blissey|100/100|[from] item: Leftovers
|-heal|p1a: Skarmory|100/100 par|[from] item: Leftovers
|upkeep
|turn|36
|
|t:|1728945049
|move|p2a: Blissey|Calm Mind|p2a: Blissey
|-boost|p2a: Blissey|spa|1
|-boost|p2a: Blissey|spd|1
|move|p1a: Skarmory|Toxic|p2a: Blissey
|-status|p2a: Blissey|tox
|
|-weather|Sandstorm|[upkeep]
|-damage|p2a: Blissey|94/100 tox|[from] Sandstorm
|-heal|p2a: Blissey|100/100 tox|[from] item: Leftovers
|-damage|p2a: Blissey|94/100 tox|[from] psn
|upkeep
|turn|37
|
|t:|1728945050
|move|p2a: Blissey|Thunderbolt|p1a: Skarmory
|-supereffective|p1a: Skarmory
|-damage|p1a: Skarmory|37/100 par
|move|p1a: Skarmory|Roar|p2a: Blissey
|-curestatus|p2a: Blissey|tox|[from] ability: Natural Cure
|drag|p2a: Dugtrio|Dugtrio, F|4/100
|-damage|p2a: Dugtrio|0 fnt|[from] Spikes
|faint|p2a: Dugtrio
|
|t:|1728945055
|switch|p2a: Blissey|Blissey, F|94/100
|-damage|p2a: Blissey|82/100|[from] Spikes
|
|-weather|Sandstorm|[upkeep]
|-damage|p2a: Blissey|76/100|[from] Sandstorm
|-heal|p2a: Blissey|82/100|[from] item: Leftovers
|-heal|p1a: Skarmory|43/100 par|[from] item: Leftovers
|upkeep
|turn|38
|
|t:|1728945060
|switch|p1a: Gengar|Gengar, F|100/100
|move|p2a: Blissey|Thunderbolt|p1a: Gengar
|-damage|p1a: Gengar|69/100
|
|-weather|Sandstorm|[upkeep]
|-damage|p1a: Gengar|62/100|[from] Sandstorm
|-damage|p2a: Blissey|76/100|[from] Sandstorm
|-heal|p1a: Gengar|69/100|[from] item: Leftovers
|-heal|p2a: Blissey|82/100|[from] item: Leftovers
|upkeep
|turn|39
|inactive|SlamonBBQ has 270 seconds left.
|
|t:|1728945092
|move|p1a: Gengar|Will-O-Wisp|p2a: Blissey
|-status|p2a: Blissey|brn
|move|p2a: Blissey|Calm Mind|p2a: Blissey
|-boost|p2a: Blissey|spa|1
|-boost|p2a: Blissey|spd|1
|
|-weather|Sandstorm|[upkeep]
|-damage|p1a: Gengar|62/100|[from] Sandstorm
|-damage|p2a: Blissey|76/100 brn|[from] Sandstorm
|-heal|p1a: Gengar|69/100|[from] item: Leftovers
|-heal|p2a: Blissey|82/100 brn|[from] item: Leftovers
|-damage|p2a: Blissey|69/100 brn|[from] brn
|upkeep
|turn|40
|
|t:|1728945102
|move|p1a: Gengar|Explosion|p2a: Blissey
|-damage|p2a: Blissey|0 fnt
|faint|p1a: Gengar
|faint|p2a: Blissey
|
|t:|1728945110
|switch|p1a: Skarmory|Skarmory, F|43/100 par
|switch|p2a: Milotic|Milotic, F|100/100
|-damage|p2a: Milotic|88/100|[from] Spikes
|
|-weather|Sandstorm|[upkeep]
|-damage|p2a: Milotic|82/100|[from] Sandstorm
|-heal|p2a: Milotic|88/100|[from] item: Leftovers
|-heal|p1a: Skarmory|49/100 par|[from] item: Leftovers
|upkeep
|turn|41
|
|t:|1728945113
|move|p2a: Milotic|Surf|p1a: Skarmory
|-damage|p1a: Skarmory|17/100 par
|move|p1a: Skarmory|Toxic|p2a: Milotic
|-status|p2a: Milotic|tox
|
|-weather|Sandstorm|[upkeep]
|-damage|p2a: Milotic|82/100 tox|[from] Sandstorm
|-heal|p2a: Milotic|88/100 tox|[from] item: Leftovers
|-damage|p2a: Milotic|82/100 tox|[from] psn
|-heal|p1a: Skarmory|23/100 par|[from] item: Leftovers
|upkeep
|turn|42
|
|t:|1728945117
|move|p1a: Skarmory|Protect|p1a: Skarmory
|-singleturn|p1a: Skarmory|Protect
|move|p2a: Milotic|Refresh|p2a: Milotic
|-curestatus|p2a: Milotic|tox|[msg]
|
|-weather|Sandstorm|[upkeep]
|-damage|p2a: Milotic|76/100|[from] Sandstorm
|-heal|p2a: Milotic|82/100|[from] item: Leftovers
|-heal|p1a: Skarmory|29/100 par|[from] item: Leftovers
|upkeep
|turn|43
|c|☆100techs|Nice
|
|t:|1728945131
|move|p2a: Milotic|Surf|p1a: Skarmory
|-damage|p1a: Skarmory|0 fnt
|faint|p1a: Skarmory
|
|t:|1728945134
|switch|p1a: Moltres|Moltres|51/100
|
|-weather|Sandstorm|[upkeep]
|-damage|p1a: Moltres|45/100|[from] Sandstorm
|-damage|p2a: Milotic|76/100|[from] Sandstorm
|-heal|p1a: Moltres|51/100|[from] item: Leftovers
|-heal|p2a: Milotic|82/100|[from] item: Leftovers
|upkeep
|turn|44
|
|t:|1728945136
|move|p2a: Milotic|Surf|p1a: Moltres
|-supereffective|p1a: Moltres
|-damage|p1a: Moltres|0 fnt
|faint|p1a: Moltres
|
|win|SlamonBBQ
|c|☆SlamonBBQ|gg
|c|☆100techs|gg
|player|p1|
|player|p2|
|player|p2|SlamonBBQ|sage|

</script>
<script type="application/json" class="data" id="replaydata-smogtours-gen3ou-798810">
{"id":"smogtours-gen3ou-798810","format":"[Gen 3] OU","players":["100techs","SlamonBBQ"],"uploadtime":1728945136,"views":114,"formatid":"gen3ou","rating":null,"private":0,"password":null}
</script>

<script defer src="js/replays.js?9d40a366"></script>
