<!DOCTYPE html>
<meta charset="utf-8" />
<meta name="viewport" content="width=device-width" />

<title>[Gen 3] OU: G3neralR3van vs. Yallen - Replays - Pok&eacute;mon Showdown!</title>

<meta name="description" content="Watch a replay of a Pok&eacute;mon battle between G3neralR3van and Yallen! Format: [Gen 3] OU; Date: Nov 4, 2024" />
<!--

Hey, you! Looking in the source for the replay log?

You can find them in JSON format, just add `.json` at the end of a replay URL.

https://replay.pokemonshowdown.com/gen7randomdoublesbattle-865046831.json

Or, if you only need the log itself, add `.log` instead:

https://replay.pokemonshowdown.com/gen7randomdoublesbattle-865046831.log

-->

<link rel="stylesheet" href="//pokemonshowdown.com/style/global.css?0.023195364461161105" />
<link rel="stylesheet" href="//play.pokemonshowdown.com/style/font-awesome.css?0.13261647063804238" />
<link rel="stylesheet" href="//play.pokemonshowdown.com/style/battle.css?0.8753245789963631" />
<link rel="stylesheet" href="//play.pokemonshowdown.com/style/utilichart.css?0.8627959624976733" />

<!-- Global site tag (gtag.js) - Google Analytics -->
<script async src="https://www.googletagmanager.com/gtag/js?id=UA-26211653-1"></script>
<script>
  window.dataLayer = window.dataLayer || [];
  function gtag(){dataLayer.push(arguments);}
  gtag('js', new Date());

  gtag('config', 'UA-26211653-1');
</script>
<!-- End Google Analytics -->
<!-- Venatus Ad Manager - Install in <HEAD> of page -->
	<script src="https://hb.vntsm.com/v3/live/ad-manager.min.js" type="text/javascript" data-site-id="642aba63ec9a7b11c3c9c1be" data-mode="scan" async></script>
<!-- / Venatus Ad Manager -->

<style>
	@media (max-width:820px) {
		.battle {
			margin: 0 auto;
		}
		.battle-log {
			margin: 7px auto 0;
			max-width: 640px;
			height: 300px;
			position: static;
		}
	}
	.optgroup {
		display: inline-block;
		line-height: 22px;
		font-size: 10pt;
	}
	.optgroup .button {
		height: 25px;
		padding-top: 0;
		padding-bottom: 0;
	}
	.optgroup button.button {
		padding-left: 12px;
		padding-right: 12px;
	}
	.linklist {
		list-style: none;
		margin: 0.5em 0;
		padding: 0;
	}
	.linklist li {
		padding: 2px 0;
	}
	.sidebar {
		float: left;
		width: 320px;
	}
	.bar-wrapper {
		max-width: 1100px;
		margin: 0 auto;
	}
	.bar-wrapper.has-sidebar {
		max-width: 1430px;
	}
	.mainbar {
		margin: 0;
		padding-right: 1px;
	}
	.mainbar.has-sidebar {
		margin-left: 330px;
	}
	@media (min-width: 1511px) {
		.sidebar {
			width: 400px;
		}
		.bar-wrapper.has-sidebar {
			max-width: 1510px;
		}
		.mainbar.has-sidebar {
			margin-left: 410px;
		}
	}
	.section.first-section {
		margin-top: 9px;
	}
	.blocklink small {
		white-space: normal;
	}
	.button {
		vertical-align: middle;
	}
	.replay-controls {
		padding-top: 10px;
	}
	.replay-controls h1 {
		font-size: 16pt;
		font-weight: normal;
		color: #CCC;
	}
	.pagelink {
		text-align: center;
	}
	.pagelink a {
		width: 150px;
	}
	.textbox, .button {
		font-size: 11pt;
		vertical-align: middle;
	}
	@media (max-width: 450px) {
		.button {
			font-size: 9pt;
		}
	}
</style>

<div>

	<header>
		<div class="nav-wrapper"><ul class="nav">
			<li><a class="button nav-first" href="//pokemonshowdown.com/"><img src="//pokemonshowdown.com/images/pokemonshowdownbeta.png" srcset="//pokemonshowdown.com/images/pokemonshowdownbeta.png 1x, //pokemonshowdown.com/images/pokemonshowdownbeta@2x.png 2x" alt="Pok&eacute;mon Showdown" width="146" height="44" /> Home</a></li>
			<li><a class="button" href="//pokemonshowdown.com/dex/">Pok&eacute;dex</a></li>
			<li><a class="button cur" href="/">Replays</a></li>
			<li><a class="button" href="//pokemonshowdown.com/ladder/">Ladder</a></li>
			<li><a class="button nav-last" href="//pokemonshowdown.com/forums/">Forum</a></li>
			<li><a class="button greenbutton nav-first nav-last" href="//play.pokemonshowdown.com/">Play</a></li>
		</ul></div>
	</header>

	<div class="main" id="main">

		<noscript><section class="section">You need to enable JavaScript to use this page; sorry!</section></noscript>

	</div>

</div>

<script defer nomodule src="//play.pokemonshowdown.com/js/lib/ps-polyfill.js"></script>
<script defer src="//play.pokemonshowdown.com/js/lib/preact.min.js"></script>

<script defer src="//play.pokemonshowdown.com/config/config.js?2bddbc15"></script>
<script defer src="//play.pokemonshowdown.com/js/lib/jquery-1.11.0.min.js"></script>
<script defer src="//play.pokemonshowdown.com/js/lib/html-sanitizer-minified.js"></script>
<script defer src="//play.pokemonshowdown.com/js/battle-sound.js"></script>
<script defer src="//play.pokemonshowdown.com/js/battledata.js?0.7209276989879541"></script>
<script defer src="//play.pokemonshowdown.com/data/pokedex-mini.js?0.6111056340867951"></script>
<script defer src="//play.pokemonshowdown.com/data/pokedex-mini-bw.js?0.3532142036491459"></script>
<script defer src="//play.pokemonshowdown.com/data/graphics.js?0.24223875632456182"></script>
<script defer src="//play.pokemonshowdown.com/data/pokedex.js?0.38839984266356864"></script>
<script defer src="//play.pokemonshowdown.com/data/moves.js?0.21866028504024015"></script>
<script defer src="//play.pokemonshowdown.com/data/abilities.js?0.2005157953846628"></script>
<script defer src="//play.pokemonshowdown.com/data/items.js?0.9894211263848525"></script>
<script defer src="//play.pokemonshowdown.com/data/teambuilder-tables.js?0.6008791140282215"></script>
<script defer src="//play.pokemonshowdown.com/js/battle-tooltips.js?0.7580118955022959"></script>
<script defer src="//play.pokemonshowdown.com/js/battle.js?0.6057722274234274"></script>

<script defer src="js/utils.js?e31f9a17"></script>
<script defer src="js/replays-battle.js?7008c182"></script>

<!-- don't scrape this data! just add .json or .log after the URL!
Full API docs: https://github.com/smogon/pokemon-showdown-client/blob/master/WEB-API.md -->
<script type="text/plain" class="log" id="replaylog-smogtours-gen3ou-804717">
|inactive|Battle timer is ON: inactive players will automatically lose when time's up.
|t:|1730685446
|gametype|singles
|player|p1|G3neralR3van|volkner|
|player|p2|Yallen|266|
|teamsize|p1|6
|teamsize|p2|6
|gen|3
|tier|[Gen 3] OU
|rule|Sleep Clause Mod: Limit one foe put to sleep
|rule|Switch Priority Clause Mod: Faster Pokémon switch first
|rule|Species Clause: Limit one of each Pokémon
|rule|OHKO Clause: OHKO moves are banned
|rule|Evasion Items Clause: Evasion items are banned
|rule|Evasion Moves Clause: Evasion moves are banned
|rule|Endless Battle Clause: Forcing endless battles is banned
|rule|HP Percentage Mod: HP is shown in percentages
|rule|One Boost Passer Clause: Limit one Baton Passer that has a way to boost its stats
|rule|Freeze Clause Mod: Limit one foe frozen
|
|t:|1730685446
|start
|switch|p1a: Hariyama|Hariyama, F|100/100
|switch|p2a: Tyranitar|Tyranitar, M|100/100
|-weather|Sandstorm|[from] ability: Sand Stream|[of] p2a: Tyranitar
|turn|1
|c|☆G3neralR3van|gl!
|c|☆Yallen|gl hf!
|
|t:|1730685464
|switch|p2a: Salamence|Salamence, M|100/100
|-ability|p2a: Salamence|Intimidate|boost
|-unboost|p1a: Hariyama|atk|1
|move|p1a: Hariyama|Knock Off|p2a: Salamence
|-damage|p2a: Salamence|98/100
|-enditem|p2a: Salamence|Leftovers|[from] move: Knock Off|[of] p1a: Hariyama
|-hint|In Gens 3-4, Knock Off only makes the target's item unusable; it cannot obtain a new item.
|
|-weather|Sandstorm|[upkeep]
|-damage|p2a: Salamence|92/100|[from] Sandstorm
|-damage|p1a: Hariyama|94/100|[from] Sandstorm
|-heal|p1a: Hariyama|100/100|[from] item: Leftovers
|upkeep
|turn|2
|inactive|Yallen has 270 seconds left.
|
|t:|1730685494
|switch|p2a: Milotic|Milotic, F|100/100
|switch|p1a: Blissey|Blissey, F|100/100
|
|-weather|Sandstorm|[upkeep]
|-damage|p2a: Milotic|94/100|[from] Sandstorm
|-damage|p1a: Blissey|94/100|[from] Sandstorm
|-heal|p2a: Milotic|100/100|[from] item: Leftovers
|-heal|p1a: Blissey|100/100|[from] item: Leftovers
|upkeep
|turn|3
|inactive|Yallen has 270 seconds left.
|
|t:|1730685511
|move|p2a: Milotic|Toxic|p1a: Blissey
|-status|p1a: Blissey|tox
|move|p1a: Blissey|Seismic Toss|p2a: Milotic
|-damage|p2a: Milotic|75/100
|
|-weather|Sandstorm|[upkeep]
|-damage|p2a: Milotic|69/100|[from] Sandstorm
|-damage|p1a: Blissey|94/100 tox|[from] Sandstorm
|-heal|p2a: Milotic|75/100|[from] item: Leftovers
|-heal|p1a: Blissey|100/100 tox|[from] item: Leftovers
|-damage|p1a: Blissey|94/100 tox|[from] psn
|upkeep
|turn|4
|inactive|Yallen has 270 seconds left.
|
|t:|1730685536
|switch|p2a: Snorlax|Snorlax, M|100/100
|-curestatus|p1a: Blissey|tox|[from] ability: Natural Cure
|switch|p1a: Starmie|Starmie|100/100
|
|-weather|Sandstorm|[upkeep]
|-damage|p1a: Starmie|94/100|[from] Sandstorm
|-damage|p2a: Snorlax|94/100|[from] Sandstorm
|-heal|p1a: Starmie|100/100|[from] item: Leftovers
|-heal|p2a: Snorlax|100/100|[from] item: Leftovers
|upkeep
|turn|5
|
|t:|1730685549
|switch|p1a: Hariyama|Hariyama, F|100/100
|move|p2a: Snorlax|Curse|p2a: Snorlax
|-unboost|p2a: Snorlax|spe|1
|-boost|p2a: Snorlax|atk|1
|-boost|p2a: Snorlax|def|1
|
|-weather|Sandstorm|[upkeep]
|-damage|p1a: Hariyama|94/100|[from] Sandstorm
|-damage|p2a: Snorlax|94/100|[from] Sandstorm
|-heal|p1a: Hariyama|100/100|[from] item: Leftovers
|-heal|p2a: Snorlax|100/100|[from] item: Leftovers
|upkeep
|turn|6
|
|t:|1730685565
|move|p1a: Hariyama|Knock Off|p2a: Snorlax
|-damage|p2a: Snorlax|99/100
|-enditem|p2a: Snorlax|Leftovers|[from] move: Knock Off|[of] p1a: Hariyama
|move|p2a: Snorlax|Self-Destruct|p1a: Hariyama
|-damage|p1a: Hariyama|0 fnt
|faint|p2a: Snorlax
|faint|p1a: Hariyama
|inactive|Yallen has 240 seconds left.
|
|t:|1730685594
|switch|p1a: Blissey|Blissey, F|94/100
|switch|p2a: Milotic|Milotic, F|75/100
|
|-weather|Sandstorm|[upkeep]
|-damage|p2a: Milotic|69/100|[from] Sandstorm
|-damage|p1a: Blissey|88/100|[from] Sandstorm
|-heal|p2a: Milotic|75/100|[from] item: Leftovers
|-heal|p1a: Blissey|94/100|[from] item: Leftovers
|upkeep
|turn|7
|
|t:|1730685603
|move|p2a: Milotic|Toxic|p1a: Blissey
|-status|p1a: Blissey|tox
|move|p1a: Blissey|Seismic Toss|p2a: Milotic
|-damage|p2a: Milotic|50/100
|
|-weather|Sandstorm|[upkeep]
|-damage|p2a: Milotic|44/100|[from] Sandstorm
|-damage|p1a: Blissey|88/100 tox|[from] Sandstorm
|-heal|p2a: Milotic|50/100|[from] item: Leftovers
|-heal|p1a: Blissey|94/100 tox|[from] item: Leftovers
|-damage|p1a: Blissey|88/100 tox|[from] psn
|upkeep
|turn|8
|inactive|Yallen has 240 seconds left.
|
|t:|1730685614
|-curestatus|p1a: Blissey|tox|[from] ability: Natural Cure
|switch|p1a: Starmie|Starmie|100/100
|move|p2a: Milotic|Recover|p2a: Milotic
|-heal|p2a: Milotic|99/100
|
|-weather|Sandstorm|[upkeep]
|-damage|p1a: Starmie|94/100|[from] Sandstorm
|-damage|p2a: Milotic|94/100|[from] Sandstorm
|-heal|p1a: Starmie|100/100|[from] item: Leftovers
|-heal|p2a: Milotic|99/100|[from] item: Leftovers
|upkeep
|turn|9
|inactive|Yallen has 240 seconds left.
|
|t:|1730685648
|move|p1a: Starmie|Thunder Wave|p2a: Milotic
|-status|p2a: Milotic|par
|cant|p2a: Milotic|par
|
|-weather|Sandstorm|[upkeep]
|-damage|p1a: Starmie|94/100|[from] Sandstorm
|-damage|p2a: Milotic|94/100 par|[from] Sandstorm
|-heal|p1a: Starmie|100/100|[from] item: Leftovers
|-heal|p2a: Milotic|99/100 par|[from] item: Leftovers
|upkeep
|turn|10
|inactive|Yallen has 210 seconds left.
|
|t:|1730685672
|switch|p1a: Blissey|Blissey, F|88/100
|move|p2a: Milotic|Toxic|p1a: Blissey
|-status|p1a: Blissey|tox
|
|-weather|Sandstorm|[upkeep]
|-damage|p1a: Blissey|82/100 tox|[from] Sandstorm
|-damage|p2a: Milotic|94/100 par|[from] Sandstorm
|-heal|p1a: Blissey|88/100 tox|[from] item: Leftovers
|-damage|p1a: Blissey|82/100 tox|[from] psn
|-heal|p2a: Milotic|99/100 par|[from] item: Leftovers
|upkeep
|turn|11
|inactive|Yallen has 210 seconds left.
|
|t:|1730685694
|-curestatus|p1a: Blissey|tox|[from] ability: Natural Cure
|switch|p1a: Starmie|Starmie|100/100
|switch|p2a: Salamence|Salamence, M|92/100
|-ability|p2a: Salamence|Intimidate|boost
|-unboost|p1a: Starmie|atk|1
|
|-weather|Sandstorm|[upkeep]
|-damage|p1a: Starmie|94/100|[from] Sandstorm
|-damage|p2a: Salamence|86/100|[from] Sandstorm
|-heal|p1a: Starmie|100/100|[from] item: Leftovers
|upkeep
|turn|12
|
|t:|1730685712
|switch|p2a: Milotic|Milotic, F|99/100 par
|move|p1a: Starmie|Thunder Wave|p2a: Milotic
|-fail|p2a: Milotic|par
|
|-weather|Sandstorm|[upkeep]
|-damage|p1a: Starmie|94/100|[from] Sandstorm
|-damage|p2a: Milotic|94/100 par|[from] Sandstorm
|-heal|p1a: Starmie|100/100|[from] item: Leftovers
|-heal|p2a: Milotic|99/100 par|[from] item: Leftovers
|upkeep
|turn|13
|
|t:|1730685731
|move|p1a: Starmie|Surf|p2a: Milotic
|-resisted|p2a: Milotic
|-damage|p2a: Milotic|88/100 par
|cant|p2a: Milotic|par
|
|-weather|Sandstorm|[upkeep]
|-damage|p1a: Starmie|94/100|[from] Sandstorm
|-damage|p2a: Milotic|82/100 par|[from] Sandstorm
|-heal|p1a: Starmie|100/100|[from] item: Leftovers
|-heal|p2a: Milotic|88/100 par|[from] item: Leftovers
|upkeep
|turn|14
|
|t:|1730685739
|move|p1a: Starmie|Surf|p2a: Milotic
|-resisted|p2a: Milotic
|-crit|p2a: Milotic
|-damage|p2a: Milotic|63/100 par
|cant|p2a: Milotic|par
|
|-weather|Sandstorm|[upkeep]
|-damage|p1a: Starmie|94/100|[from] Sandstorm
|-damage|p2a: Milotic|57/100 par|[from] Sandstorm
|-heal|p1a: Starmie|100/100|[from] item: Leftovers
|-heal|p2a: Milotic|63/100 par|[from] item: Leftovers
|upkeep
|turn|15
|
|t:|1730685749
|switch|p1a: Blissey|Blissey, F|82/100
|move|p2a: Milotic|Recover|p2a: Milotic
|-heal|p2a: Milotic|100/100 par
|
|-weather|Sandstorm|[upkeep]
|-damage|p1a: Blissey|76/100|[from] Sandstorm
|-damage|p2a: Milotic|94/100 par|[from] Sandstorm
|-heal|p1a: Blissey|82/100|[from] item: Leftovers
|-heal|p2a: Milotic|100/100 par|[from] item: Leftovers
|upkeep
|turn|16
|
|t:|1730685758
|move|p1a: Blissey|Soft-Boiled|p1a: Blissey
|-heal|p1a: Blissey|100/100
|move|p2a: Milotic|Toxic|p1a: Blissey
|-status|p1a: Blissey|tox
|
|-weather|Sandstorm|[upkeep]
|-damage|p1a: Blissey|94/100 tox|[from] Sandstorm
|-damage|p2a: Milotic|94/100 par|[from] Sandstorm
|-heal|p1a: Blissey|100/100 tox|[from] item: Leftovers
|-damage|p1a: Blissey|94/100 tox|[from] psn
|-heal|p2a: Milotic|100/100 par|[from] item: Leftovers
|upkeep
|turn|17
|inactive|Yallen has 180 seconds left.
|
|t:|1730685792
|switch|p2a: Salamence|Salamence, M|86/100
|-ability|p2a: Salamence|Intimidate|boost
|-unboost|p1a: Blissey|atk|1
|move|p1a: Blissey|Seismic Toss|p2a: Salamence
|-damage|p2a: Salamence|55/100
|
|-weather|Sandstorm|[upkeep]
|-damage|p2a: Salamence|49/100|[from] Sandstorm
|-damage|p1a: Blissey|88/100 tox|[from] Sandstorm
|-heal|p1a: Blissey|94/100 tox|[from] item: Leftovers
|-damage|p1a: Blissey|82/100 tox|[from] psn
|upkeep
|turn|18
|inactive|Yallen has 180 seconds left.
|
|t:|1730685805
|move|p2a: Salamence|Hidden Power|p1a: Blissey
|-damage|p1a: Blissey|73/100 tox
|move|p1a: Blissey|Ice Beam|p2a: Salamence
|-supereffective|p2a: Salamence
|-damage|p2a: Salamence|0 fnt
|faint|p2a: Salamence
|inactive|Yallen has 180 seconds left.
|
|t:|1730685824
|switch|p2a: Flygon|Flygon, M|100/100
|
|-weather|Sandstorm|[upkeep]
|-damage|p1a: Blissey|67/100 tox|[from] Sandstorm
|-heal|p1a: Blissey|73/100 tox|[from] item: Leftovers
|-damage|p1a: Blissey|54/100 tox|[from] psn
|upkeep
|turn|19
|
|t:|1730685832
|-curestatus|p1a: Blissey|tox|[from] ability: Natural Cure
|switch|p1a: Salamence|Salamence, M|100/100
|-ability|p1a: Salamence|Intimidate|boost
|-unboost|p2a: Flygon|atk|1
|move|p2a: Flygon|Hidden Power|p1a: Salamence
|-resisted|p1a: Salamence
|-damage|p1a: Salamence|92/100
|
|-weather|Sandstorm|[upkeep]
|-damage|p1a: Salamence|86/100|[from] Sandstorm
|-heal|p1a: Salamence|92/100|[from] item: Leftovers
|upkeep
|turn|20
|inactive|Yallen has 180 seconds left.
|
|t:|1730685853
|switch|p2a: Milotic|Milotic, F|100/100 par
|switch|p1a: Blissey|Blissey, F|54/100
|
|-weather|Sandstorm|[upkeep]
|-damage|p1a: Blissey|48/100|[from] Sandstorm
|-damage|p2a: Milotic|94/100 par|[from] Sandstorm
|-heal|p1a: Blissey|54/100|[from] item: Leftovers
|-heal|p2a: Milotic|100/100 par|[from] item: Leftovers
|upkeep
|turn|21
|
|t:|1730685862
|move|p1a: Blissey|Wish|p1a: Blissey
|cant|p2a: Milotic|par
|
|-weather|Sandstorm|[upkeep]
|-damage|p1a: Blissey|48/100|[from] Sandstorm
|-damage|p2a: Milotic|94/100 par|[from] Sandstorm
|-heal|p1a: Blissey|54/100|[from] item: Leftovers
|-heal|p2a: Milotic|100/100 par|[from] item: Leftovers
|upkeep
|turn|22
|
|t:|1730685870
|move|p1a: Blissey|Seismic Toss|p2a: Milotic
|-damage|p2a: Milotic|75/100 par
|move|p2a: Milotic|Toxic|p1a: Blissey|[miss]
|-miss|p2a: Milotic|p1a: Blissey
|
|-heal|p1a: Blissey|100/100|[from] move: Wish|[wisher] Blissey
|-weather|Sandstorm|[upkeep]
|-damage|p1a: Blissey|94/100|[from] Sandstorm
|-damage|p2a: Milotic|69/100 par|[from] Sandstorm
|-heal|p1a: Blissey|100/100|[from] item: Leftovers
|-heal|p2a: Milotic|75/100 par|[from] item: Leftovers
|upkeep
|turn|23
|inactive|Yallen has 180 seconds left.
|
|t:|1730685881
|move|p1a: Blissey|Seismic Toss|p2a: Milotic
|-damage|p2a: Milotic|50/100 par
|move|p2a: Milotic|Toxic|p1a: Blissey
|-status|p1a: Blissey|tox
|
|-weather|Sandstorm|[upkeep]
|-damage|p1a: Blissey|94/100 tox|[from] Sandstorm
|-damage|p2a: Milotic|44/100 par|[from] Sandstorm
|-heal|p1a: Blissey|100/100 tox|[from] item: Leftovers
|-damage|p1a: Blissey|94/100 tox|[from] psn
|-heal|p2a: Milotic|50/100 par|[from] item: Leftovers
|upkeep
|turn|24
|inactive|Yallen has 180 seconds left.
|
|t:|1730685891
|move|p1a: Blissey|Seismic Toss|p2a: Milotic
|-damage|p2a: Milotic|24/100 par
|move|p2a: Milotic|Recover|p2a: Milotic
|-heal|p2a: Milotic|74/100 par
|
|-weather|Sandstorm|[upkeep]
|-damage|p1a: Blissey|88/100 tox|[from] Sandstorm
|-damage|p2a: Milotic|68/100 par|[from] Sandstorm
|-heal|p1a: Blissey|94/100 tox|[from] item: Leftovers
|-damage|p1a: Blissey|82/100 tox|[from] psn
|-heal|p2a: Milotic|74/100 par|[from] item: Leftovers
|upkeep
|turn|25
|inactive|Yallen has 180 seconds left.
|
|t:|1730685908
|-curestatus|p1a: Blissey|tox|[from] ability: Natural Cure
|switch|p1a: Metagross|Metagross|100/100
|move|p2a: Milotic|Recover|p2a: Milotic
|-heal|p2a: Milotic|100/100 par
|
|-weather|Sandstorm|[upkeep]
|-damage|p2a: Milotic|94/100 par|[from] Sandstorm
|-heal|p2a: Milotic|100/100 par|[from] item: Leftovers
|upkeep
|turn|26
|inactive|Yallen has 180 seconds left.
|
|t:|1730685927
|move|p1a: Metagross|Earthquake|p2a: Milotic
|-damage|p2a: Milotic|82/100 par
|move|p2a: Milotic|Recover|p2a: Milotic
|-heal|p2a: Milotic|100/100 par
|
|-weather|Sandstorm|[upkeep]
|-damage|p2a: Milotic|94/100 par|[from] Sandstorm
|-heal|p2a: Milotic|100/100 par|[from] item: Leftovers
|upkeep
|turn|27
|
|t:|1730685938
|move|p1a: Metagross|Meteor Mash|p2a: Milotic
|-resisted|p2a: Milotic
|-damage|p2a: Milotic|86/100 par
|move|p2a: Milotic|Surf|p1a: Metagross
|-damage|p1a: Metagross|65/100
|
|-weather|Sandstorm|[upkeep]
|-damage|p2a: Milotic|80/100 par|[from] Sandstorm
|-heal|p2a: Milotic|86/100 par|[from] item: Leftovers
|upkeep
|turn|28
|
|t:|1730685946
|move|p1a: Metagross|Explosion|p2a: Milotic
|-damage|p2a: Milotic|0 fnt
|faint|p1a: Metagross
|faint|p2a: Milotic
|inactive|Yallen has 180 seconds left.
|
|t:|1730685968
|switch|p1a: Salamence|Salamence, M|92/100
|switch|p2a: Flygon|Flygon, M|100/100
|-ability|p1a: Salamence|Intimidate|boost
|-unboost|p2a: Flygon|atk|1
|
|-weather|Sandstorm|[upkeep]
|-damage|p1a: Salamence|86/100|[from] Sandstorm
|-heal|p1a: Salamence|92/100|[from] item: Leftovers
|upkeep
|turn|29
|
|t:|1730685987
|switch|p1a: Blissey|Blissey, F|82/100
|move|p2a: Flygon|Rock Slide|p1a: Blissey|[miss]
|-miss|p2a: Flygon|p1a: Blissey
|
|-weather|Sandstorm|[upkeep]
|-damage|p1a: Blissey|76/100|[from] Sandstorm
|-heal|p1a: Blissey|82/100|[from] item: Leftovers
|upkeep
|turn|30
|inactive|Yallen has 150 seconds left.
|
|t:|1730686013
|switch|p2a: Tyranitar|Tyranitar, M|100/100
|move|p1a: Blissey|Ice Beam|p2a: Tyranitar
|-damage|p2a: Tyranitar|79/100
|
|-weather|Sandstorm|[upkeep]
|-damage|p1a: Blissey|76/100|[from] Sandstorm
|-heal|p1a: Blissey|82/100|[from] item: Leftovers
|upkeep
|turn|31
|inactive|Yallen has 150 seconds left.
|
|t:|1730686031
|switch|p1a: Tyranitar|Tyranitar, M|100/100
|move|p2a: Tyranitar|Hidden Power|p1a: Tyranitar
|-supereffective|p1a: Tyranitar
|-damage|p1a: Tyranitar|67/100
|
|-weather|Sandstorm|[upkeep]
|-heal|p1a: Tyranitar|74/100|[from] item: Leftovers
|upkeep
|turn|32
|
|t:|1730686039
|switch|p2a: Flygon|Flygon, M|100/100
|move|p1a: Tyranitar|Brick Break|p2a: Flygon
|-damage|p2a: Flygon|71/100
|
|-weather|Sandstorm|[upkeep]
|-heal|p2a: Flygon|77/100|[from] item: Leftovers
|-heal|p1a: Tyranitar|80/100|[from] item: Leftovers
|upkeep
|turn|33
|inactive|Yallen has 150 seconds left.
|
|t:|1730686066
|move|p2a: Flygon|Hidden Power|p1a: Tyranitar
|-supereffective|p1a: Tyranitar
|-crit|p1a: Tyranitar
|-damage|p1a: Tyranitar|14/100
|move|p1a: Tyranitar|Crunch|p2a: Flygon
|-damage|p2a: Flygon|27/100
|-unboost|p2a: Flygon|spd|1
|
|-weather|Sandstorm|[upkeep]
|-heal|p2a: Flygon|33/100|[from] item: Leftovers
|-heal|p1a: Tyranitar|20/100|[from] item: Leftovers
|upkeep
|turn|34
|
|t:|1730686081
|switch|p1a: Blissey|Blissey, F|82/100
|move|p2a: Flygon|Earthquake|p1a: Blissey
|-damage|p1a: Blissey|42/100
|
|-weather|Sandstorm|[upkeep]
|-damage|p1a: Blissey|36/100|[from] Sandstorm
|-heal|p2a: Flygon|40/100|[from] item: Leftovers
|-heal|p1a: Blissey|42/100|[from] item: Leftovers
|upkeep
|turn|35
|
|t:|1730686118
|move|p2a: Flygon|Earthquake|p1a: Blissey
|-damage|p1a: Blissey|5/100
|move|p1a: Blissey|Soft-Boiled|p1a: Blissey
|-heal|p1a: Blissey|55/100
|
|-weather|Sandstorm|[upkeep]
|-damage|p1a: Blissey|49/100|[from] Sandstorm
|-heal|p2a: Flygon|46/100|[from] item: Leftovers
|-heal|p1a: Blissey|55/100|[from] item: Leftovers
|upkeep
|turn|36
|
|t:|1730686135
|switch|p2a: Tyranitar|Tyranitar, M|79/100
|move|p1a: Blissey|Soft-Boiled|p1a: Blissey
|-heal|p1a: Blissey|100/100
|
|-weather|Sandstorm|[upkeep]
|-damage|p1a: Blissey|94/100|[from] Sandstorm
|-heal|p1a: Blissey|100/100|[from] item: Leftovers
|upkeep
|turn|37
|inactive|Yallen has 120 seconds left.
|
|t:|1730686157
|move|p2a: Tyranitar|Ice Beam|p1a: Blissey
|-damage|p1a: Blissey|90/100
|move|p1a: Blissey|Seismic Toss|p2a: Tyranitar
|-damage|p2a: Tyranitar|50/100
|
|-weather|Sandstorm|[upkeep]
|-damage|p1a: Blissey|84/100|[from] Sandstorm
|-heal|p1a: Blissey|90/100|[from] item: Leftovers
|upkeep
|turn|38
|inactive|Yallen has 120 seconds left.
|
|t:|1730686175
|move|p2a: Tyranitar|Brick Break|p1a: Blissey
|-supereffective|p1a: Blissey
|-damage|p1a: Blissey|52/100
|move|p1a: Blissey|Seismic Toss|p2a: Tyranitar
|-damage|p2a: Tyranitar|21/100
|
|-weather|Sandstorm|[upkeep]
|-damage|p1a: Blissey|46/100|[from] Sandstorm
|-heal|p1a: Blissey|52/100|[from] item: Leftovers
|upkeep
|turn|39
|
|t:|1730686190
|move|p2a: Tyranitar|Brick Break|p1a: Blissey
|-supereffective|p1a: Blissey
|-damage|p1a: Blissey|8/100
|move|p1a: Blissey|Seismic Toss|p2a: Tyranitar
|-damage|p2a: Tyranitar|0 fnt
|faint|p2a: Tyranitar
|
|t:|1730686197
|switch|p2a: Flygon|Flygon, M|46/100
|
|-weather|Sandstorm|[upkeep]
|-damage|p1a: Blissey|2/100|[from] Sandstorm
|-heal|p2a: Flygon|52/100|[from] item: Leftovers
|-heal|p1a: Blissey|8/100|[from] item: Leftovers
|upkeep
|turn|40
|
|t:|1730686213
|move|p2a: Flygon|Hidden Power|p1a: Blissey
|-damage|p1a: Blissey|0 fnt
|faint|p1a: Blissey
|
|t:|1730686215
|switch|p1a: Starmie|Starmie|100/100
|
|-weather|Sandstorm|[upkeep]
|-damage|p1a: Starmie|94/100|[from] Sandstorm
|-heal|p1a: Starmie|100/100|[from] item: Leftovers
|-heal|p2a: Flygon|58/100|[from] item: Leftovers
|upkeep
|turn|41
|
|t:|1730686225
|switch|p2a: Starmie|Starmie|100/100
|move|p1a: Starmie|Surf|p2a: Starmie
|-resisted|p2a: Starmie
|-damage|p2a: Starmie|76/100
|
|-weather|Sandstorm|[upkeep]
|-damage|p1a: Starmie|94/100|[from] Sandstorm
|-damage|p2a: Starmie|70/100|[from] Sandstorm
|-heal|p2a: Starmie|76/100|[from] item: Leftovers
|-heal|p1a: Starmie|100/100|[from] item: Leftovers
|upkeep
|turn|42
|
|t:|1730686236
|move|p1a: Starmie|Thunder Wave|p2a: Starmie
|-status|p2a: Starmie|par
|move|p2a: Starmie|Recover|p2a: Starmie
|-heal|p2a: Starmie|100/100 par
|
|-weather|Sandstorm|[upkeep]
|-damage|p1a: Starmie|94/100|[from] Sandstorm
|-damage|p2a: Starmie|94/100 par|[from] Sandstorm
|-heal|p1a: Starmie|100/100|[from] item: Leftovers
|-heal|p2a: Starmie|100/100 par|[from] item: Leftovers
|upkeep
|turn|43
|
|t:|1730686252
|move|p1a: Starmie|Surf|p2a: Starmie
|-resisted|p2a: Starmie
|-crit|p2a: Starmie
|-damage|p2a: Starmie|50/100 par
|cant|p2a: Starmie|par
|
|-weather|Sandstorm|[upkeep]
|-damage|p1a: Starmie|94/100|[from] Sandstorm
|-damage|p2a: Starmie|44/100 par|[from] Sandstorm
|-heal|p1a: Starmie|100/100|[from] item: Leftovers
|-heal|p2a: Starmie|50/100 par|[from] item: Leftovers
|upkeep
|turn|44
|
|t:|1730686261
|move|p1a: Starmie|Surf|p2a: Starmie
|-resisted|p2a: Starmie
|-damage|p2a: Starmie|25/100 par
|move|p2a: Starmie|Recover|p2a: Starmie
|-heal|p2a: Starmie|74/100 par
|
|-weather|Sandstorm|[upkeep]
|-damage|p1a: Starmie|94/100|[from] Sandstorm
|-damage|p2a: Starmie|68/100 par|[from] Sandstorm
|-heal|p1a: Starmie|100/100|[from] item: Leftovers
|-heal|p2a: Starmie|74/100 par|[from] item: Leftovers
|upkeep
|turn|45
|
|t:|1730686275
|move|p1a: Starmie|Surf|p2a: Starmie
|-resisted|p2a: Starmie
|-damage|p2a: Starmie|49/100 par
|move|p2a: Starmie|Recover|p2a: Starmie
|-heal|p2a: Starmie|99/100 par
|
|-weather|Sandstorm|[upkeep]
|-damage|p1a: Starmie|94/100|[from] Sandstorm
|-damage|p2a: Starmie|93/100 par|[from] Sandstorm
|-heal|p1a: Starmie|100/100|[from] item: Leftovers
|-heal|p2a: Starmie|99/100 par|[from] item: Leftovers
|upkeep
|turn|46
|
|t:|1730686285
|move|p1a: Starmie|Surf|p2a: Starmie
|-resisted|p2a: Starmie
|-damage|p2a: Starmie|76/100 par
|move|p2a: Starmie|Psychic|p1a: Starmie
|-resisted|p1a: Starmie
|-damage|p1a: Starmie|81/100
|
|-weather|Sandstorm|[upkeep]
|-damage|p1a: Starmie|75/100|[from] Sandstorm
|-damage|p2a: Starmie|70/100 par|[from] Sandstorm
|-heal|p1a: Starmie|81/100|[from] item: Leftovers
|-heal|p2a: Starmie|76/100 par|[from] item: Leftovers
|upkeep
|turn|47
|inactive|Yallen has 120 seconds left.
|
|t:|1730686295
|move|p1a: Starmie|Surf|p2a: Starmie
|-resisted|p2a: Starmie
|-damage|p2a: Starmie|53/100 par
|move|p2a: Starmie|Recover|p2a: Starmie
|-heal|p2a: Starmie|100/100 par
|
|-weather|Sandstorm|[upkeep]
|-damage|p1a: Starmie|75/100|[from] Sandstorm
|-damage|p2a: Starmie|94/100 par|[from] Sandstorm
|-heal|p1a: Starmie|81/100|[from] item: Leftovers
|-heal|p2a: Starmie|100/100 par|[from] item: Leftovers
|upkeep
|turn|48
|inactive|Yallen has 120 seconds left.
|
|t:|1730686310
|move|p1a: Starmie|Recover|p1a: Starmie
|-heal|p1a: Starmie|100/100
|move|p2a: Starmie|Surf|p1a: Starmie
|-resisted|p1a: Starmie
|-damage|p1a: Starmie|82/100
|
|-weather|Sandstorm|[upkeep]
|-damage|p1a: Starmie|76/100|[from] Sandstorm
|-damage|p2a: Starmie|94/100 par|[from] Sandstorm
|-heal|p1a: Starmie|82/100|[from] item: Leftovers
|-heal|p2a: Starmie|100/100 par|[from] item: Leftovers
|upkeep
|turn|49
|inactive|Yallen has 120 seconds left.
|
|t:|1730686323
|move|p1a: Starmie|Surf|p2a: Starmie
|-resisted|p2a: Starmie
|-damage|p2a: Starmie|78/100 par
|move|p2a: Starmie|Surf|p1a: Starmie
|-resisted|p1a: Starmie
|-crit|p1a: Starmie
|-damage|p1a: Starmie|43/100
|
|-weather|Sandstorm|[upkeep]
|-damage|p1a: Starmie|37/100|[from] Sandstorm
|-damage|p2a: Starmie|72/100 par|[from] Sandstorm
|-heal|p1a: Starmie|43/100|[from] item: Leftovers
|-heal|p2a: Starmie|78/100 par|[from] item: Leftovers
|upkeep
|turn|50
|inactive|Yallen has 120 seconds left.
|
|t:|1730686337
|move|p1a: Starmie|Recover|p1a: Starmie
|-heal|p1a: Starmie|93/100
|move|p2a: Starmie|Surf|p1a: Starmie
|-resisted|p1a: Starmie
|-damage|p1a: Starmie|73/100
|
|-weather|Sandstorm|[upkeep]
|-damage|p1a: Starmie|67/100|[from] Sandstorm
|-damage|p2a: Starmie|72/100 par|[from] Sandstorm
|-heal|p1a: Starmie|73/100|[from] item: Leftovers
|-heal|p2a: Starmie|78/100 par|[from] item: Leftovers
|upkeep
|turn|51
|inactive|Yallen has 120 seconds left.
|
|t:|1730686347
|move|p1a: Starmie|Surf|p2a: Starmie
|-resisted|p2a: Starmie
|-damage|p2a: Starmie|55/100 par
|cant|p2a: Starmie|par
|
|-weather|Sandstorm|[upkeep]
|-damage|p1a: Starmie|67/100|[from] Sandstorm
|-damage|p2a: Starmie|48/100 par|[from] Sandstorm
|-heal|p1a: Starmie|73/100|[from] item: Leftovers
|-heal|p2a: Starmie|55/100 par|[from] item: Leftovers
|upkeep
|turn|52
|inactive|Yallen has 120 seconds left.
|
|t:|1730686357
|switch|p1a: Tyranitar|Tyranitar, M|20/100
|move|p2a: Starmie|Recover|p2a: Starmie
|-heal|p2a: Starmie|100/100 par
|
|-weather|Sandstorm|[upkeep]
|-damage|p2a: Starmie|94/100 par|[from] Sandstorm
|-heal|p1a: Tyranitar|26/100|[from] item: Leftovers
|-heal|p2a: Starmie|100/100 par|[from] item: Leftovers
|upkeep
|turn|53
|inactive|Yallen has 120 seconds left.
|
|t:|1730686373
|-activate|p2a: Starmie|move: Pursuit
|move|p1a: Tyranitar|Pursuit|p2a: Starmie|[from]Pursuit
|-supereffective|p2a: Starmie
|-damage|p2a: Starmie|0 fnt
|faint|p2a: Starmie
|-hint|Previously chosen switches continue in Gen 2-4 after a Pursuit target faints.
|switch|p2a: Flygon|Flygon, M|58/100
|
|-weather|Sandstorm|[upkeep]
|-heal|p2a: Flygon|64/100|[from] item: Leftovers
|-heal|p1a: Tyranitar|32/100|[from] item: Leftovers
|upkeep
|turn|54
|c|☆Yallen|gg
|inactive|Yallen has 120 seconds left.
|c|☆G3neralR3van|gg
|
|t:|1730686397
|move|p2a: Flygon|Hidden Power|p1a: Tyranitar
|-supereffective|p1a: Tyranitar
|-damage|p1a: Tyranitar|0 fnt
|faint|p1a: Tyranitar
|
|t:|1730686403
|switch|p1a: Salamence|Salamence, M|92/100
|-ability|p1a: Salamence|Intimidate|boost
|-unboost|p2a: Flygon|atk|1
|
|-weather|Sandstorm|[upkeep]
|-damage|p1a: Salamence|86/100|[from] Sandstorm
|-heal|p2a: Flygon|71/100|[from] item: Leftovers
|-heal|p1a: Salamence|92/100|[from] item: Leftovers
|upkeep
|turn|55
|inactive|Yallen has 120 seconds left.
|
|t:|1730686411
|move|p2a: Flygon|Rock Slide|p1a: Salamence
|-supereffective|p1a: Salamence
|-damage|p1a: Salamence|59/100
|cant|p1a: Salamence|flinch
|
|-weather|Sandstorm|[upkeep]
|-damage|p1a: Salamence|53/100|[from] Sandstorm
|-heal|p2a: Flygon|77/100|[from] item: Leftovers
|-heal|p1a: Salamence|59/100|[from] item: Leftovers
|upkeep
|turn|56
|
|t:|1730686420
|move|p2a: Flygon|Rock Slide|p1a: Salamence
|-supereffective|p1a: Salamence
|-damage|p1a: Salamence|24/100
|move|p1a: Salamence|Dragon Dance|p1a: Salamence
|-boost|p1a: Salamence|atk|1
|-boost|p1a: Salamence|spe|1
|
|-weather|Sandstorm|[upkeep]
|-damage|p1a: Salamence|18/100|[from] Sandstorm
|-heal|p1a: Salamence|24/100|[from] item: Leftovers
|-heal|p2a: Flygon|83/100|[from] item: Leftovers
|upkeep
|turn|57
|inactive|Yallen has 120 seconds left.
|c|☆Yallen|obrigado amigo vosse eum amigo 
|inactive|Yallen has 90 seconds left.
|
|t:|1730686466
|move|p1a: Salamence|Hidden Power|p2a: Flygon
|-damage|p2a: Flygon|0 fnt
|faint|p2a: Flygon
|
|win|G3neralR3van
|c|☆Yallen|gg
|c|☆G3neralR3van|ggs wp

</script>
<script type="application/json" class="data" id="replaydata-smogtours-gen3ou-804717">
{"id":"smogtours-gen3ou-804717","format":"[Gen 3] OU","players":["G3neralR3van","Yallen"],"uploadtime":1730686466,"views":61,"formatid":"gen3ou","rating":null,"private":0,"password":null}
</script>

<script defer src="js/replays.js?9d40a366"></script>
