<!DOCTYPE html>
<meta charset="utf-8" />
<meta name="viewport" content="width=device-width" />

<title>[Gen 3] OU: grillkinggaming vs. DancingAlong - Replays - Pok&eacute;mon Showdown!</title>

<meta name="description" content="Watch a replay of a Pok&eacute;mon battle between grillkinggaming and DancingAlong! Format: [Gen 3] OU; Date: Oct 3, 2024" />
<!--

Hey, you! Looking in the source for the replay log?

You can find them in JSON format, just add `.json` at the end of a replay URL.

https://replay.pokemonshowdown.com/gen7randomdoublesbattle-865046831.json

Or, if you only need the log itself, add `.log` instead:

https://replay.pokemonshowdown.com/gen7randomdoublesbattle-865046831.log

-->

<link rel="stylesheet" href="//pokemonshowdown.com/style/global.css?0.023195364461161105" />
<link rel="stylesheet" href="//play.pokemonshowdown.com/style/font-awesome.css?0.13261647063804238" />
<link rel="stylesheet" href="//play.pokemonshowdown.com/style/battle.css?0.8753245789963631" />
<link rel="stylesheet" href="//play.pokemonshowdown.com/style/utilichart.css?0.8627959624976733" />

<!-- Global site tag (gtag.js) - Google Analytics -->
<script async src="https://www.googletagmanager.com/gtag/js?id=UA-26211653-1"></script>
<script>
  window.dataLayer = window.dataLayer || [];
  function gtag(){dataLayer.push(arguments);}
  gtag('js', new Date());

  gtag('config', 'UA-26211653-1');
</script>
<!-- End Google Analytics -->
<!-- Venatus Ad Manager - Install in <HEAD> of page -->
	<script src="https://hb.vntsm.com/v3/live/ad-manager.min.js" type="text/javascript" data-site-id="642aba63ec9a7b11c3c9c1be" data-mode="scan" async></script>
<!-- / Venatus Ad Manager -->

<style>
	@media (max-width:820px) {
		.battle {
			margin: 0 auto;
		}
		.battle-log {
			margin: 7px auto 0;
			max-width: 640px;
			height: 300px;
			position: static;
		}
	}
	.optgroup {
		display: inline-block;
		line-height: 22px;
		font-size: 10pt;
	}
	.optgroup .button {
		height: 25px;
		padding-top: 0;
		padding-bottom: 0;
	}
	.optgroup button.button {
		padding-left: 12px;
		padding-right: 12px;
	}
	.linklist {
		list-style: none;
		margin: 0.5em 0;
		padding: 0;
	}
	.linklist li {
		padding: 2px 0;
	}
	.sidebar {
		float: left;
		width: 320px;
	}
	.bar-wrapper {
		max-width: 1100px;
		margin: 0 auto;
	}
	.bar-wrapper.has-sidebar {
		max-width: 1430px;
	}
	.mainbar {
		margin: 0;
		padding-right: 1px;
	}
	.mainbar.has-sidebar {
		margin-left: 330px;
	}
	@media (min-width: 1511px) {
		.sidebar {
			width: 400px;
		}
		.bar-wrapper.has-sidebar {
			max-width: 1510px;
		}
		.mainbar.has-sidebar {
			margin-left: 410px;
		}
	}
	.section.first-section {
		margin-top: 9px;
	}
	.blocklink small {
		white-space: normal;
	}
	.button {
		vertical-align: middle;
	}
	.replay-controls {
		padding-top: 10px;
	}
	.replay-controls h1 {
		font-size: 16pt;
		font-weight: normal;
		color: #CCC;
	}
	.pagelink {
		text-align: center;
	}
	.pagelink a {
		width: 150px;
	}
	.textbox, .button {
		font-size: 11pt;
		vertical-align: middle;
	}
	@media (max-width: 450px) {
		.button {
			font-size: 9pt;
		}
	}
</style>

<div>

	<header>
		<div class="nav-wrapper"><ul class="nav">
			<li><a class="button nav-first" href="//pokemonshowdown.com/"><img src="//pokemonshowdown.com/images/pokemonshowdownbeta.png" srcset="//pokemonshowdown.com/images/pokemonshowdownbeta.png 1x, //pokemonshowdown.com/images/pokemonshowdownbeta@2x.png 2x" alt="Pok&eacute;mon Showdown" width="146" height="44" /> Home</a></li>
			<li><a class="button" href="//pokemonshowdown.com/dex/">Pok&eacute;dex</a></li>
			<li><a class="button cur" href="/">Replays</a></li>
			<li><a class="button" href="//pokemonshowdown.com/ladder/">Ladder</a></li>
			<li><a class="button nav-last" href="//pokemonshowdown.com/forums/">Forum</a></li>
			<li><a class="button greenbutton nav-first nav-last" href="//play.pokemonshowdown.com/">Play</a></li>
		</ul></div>
	</header>

	<div class="main" id="main">

		<noscript><section class="section">You need to enable JavaScript to use this page; sorry!</section></noscript>

	</div>

</div>

<script defer nomodule src="//play.pokemonshowdown.com/js/lib/ps-polyfill.js"></script>
<script defer src="//play.pokemonshowdown.com/js/lib/preact.min.js"></script>

<script defer src="//play.pokemonshowdown.com/config/config.js?2bddbc15"></script>
<script defer src="//play.pokemonshowdown.com/js/lib/jquery-1.11.0.min.js"></script>
<script defer src="//play.pokemonshowdown.com/js/lib/html-sanitizer-minified.js"></script>
<script defer src="//play.pokemonshowdown.com/js/battle-sound.js"></script>
<script defer src="//play.pokemonshowdown.com/js/battledata.js?0.7209276989879541"></script>
<script defer src="//play.pokemonshowdown.com/data/pokedex-mini.js?0.6111056340867951"></script>
<script defer src="//play.pokemonshowdown.com/data/pokedex-mini-bw.js?0.3532142036491459"></script>
<script defer src="//play.pokemonshowdown.com/data/graphics.js?0.24223875632456182"></script>
<script defer src="//play.pokemonshowdown.com/data/pokedex.js?0.38839984266356864"></script>
<script defer src="//play.pokemonshowdown.com/data/moves.js?0.21866028504024015"></script>
<script defer src="//play.pokemonshowdown.com/data/abilities.js?0.2005157953846628"></script>
<script defer src="//play.pokemonshowdown.com/data/items.js?0.9894211263848525"></script>
<script defer src="//play.pokemonshowdown.com/data/teambuilder-tables.js?0.6008791140282215"></script>
<script defer src="//play.pokemonshowdown.com/js/battle-tooltips.js?0.7580118955022959"></script>
<script defer src="//play.pokemonshowdown.com/js/battle.js?0.6057722274234274"></script>

<script defer src="js/utils.js?e31f9a17"></script>
<script defer src="js/replays-battle.js?7008c182"></script>

<!-- don't scrape this data! just add .json or .log after the URL!
Full API docs: https://github.com/smogon/pokemon-showdown-client/blob/master/WEB-API.md -->
<script type="text/plain" class="log" id="replaylog-smogtours-gen3ou-794400">
|inactive|Battle timer is ON: inactive players will automatically lose when time's up.
|t:|1727991116
|gametype|singles
|player|p1|grillkinggaming|1|
|player|p2|DancingAlong|jogger|
|teamsize|p1|6
|teamsize|p2|6
|gen|3
|tier|[Gen 3] OU
|rule|Sleep Clause Mod: Limit one foe put to sleep
|rule|Switch Priority Clause Mod: Faster Pokémon switch first
|rule|Species Clause: Limit one of each Pokémon
|rule|OHKO Clause: OHKO moves are banned
|rule|Evasion Items Clause: Evasion items are banned
|rule|Evasion Moves Clause: Evasion moves are banned
|rule|Endless Battle Clause: Forcing endless battles is banned
|rule|HP Percentage Mod: HP is shown in percentages
|rule|One Boost Passer Clause: Limit one Baton Passer that has a way to boost its stats
|rule|Freeze Clause Mod: Limit one foe frozen
|
|t:|1727991116
|start
|switch|p1a: Hooligan|Regirock, shiny|100/100
|switch|p2a: Solco|Salamence, F|100/100
|-ability|p2a: Solco|Intimidate|boost
|-fail|p1a: Hooligan|unboost|[from] ability: Clear Body|[of] p1a: Hooligan
|turn|1
|c|☆DancingAlong|glhf
|c|☆grillkinggaming|glhf
|
|t:|1727991141
|switch|p2a: Swampert|Swampert, F|100/100
|move|p1a: Hooligan|Rock Slide|p2a: Swampert
|-resisted|p2a: Swampert
|-damage|p2a: Swampert|87/100
|
|-heal|p2a: Swampert|93/100|[from] item: Leftovers
|upkeep
|turn|2
|
|t:|1727991154
|switch|p2a: Forte|Forretress, M|100/100
|switch|p1a: Ludicolo|Ludicolo, F|100/100
|
|upkeep
|turn|3
|
|t:|1727991166
|switch|p2a: Blissey|Blissey, F|100/100
|move|p1a: Ludicolo|Surf|p2a: Blissey
|-damage|p2a: Blissey|83/100
|
|-heal|p2a: Blissey|89/100|[from] item: Leftovers
|upkeep
|turn|4
|
|t:|1727991186
|switch|p1a: Snorlax|Snorlax, M|100/100
|switch|p2a: Forte|Forretress, M|100/100
|
|upkeep
|turn|5
|
|t:|1727991202
|move|p2a: Forte|Earthquake|p1a: Snorlax
|-damage|p1a: Snorlax|82/100
|move|p1a: Snorlax|Body Slam|p2a: Forte
|-resisted|p2a: Forte
|-damage|p2a: Forte|87/100
|
|-heal|p2a: Forte|93/100|[from] item: Leftovers
|-heal|p1a: Snorlax|89/100|[from] item: Leftovers
|upkeep
|turn|6
|
|t:|1727991214
|move|p2a: Forte|Earthquake|p1a: Snorlax
|-damage|p1a: Snorlax|70/100
|move|p1a: Snorlax|Body Slam|p2a: Forte
|-resisted|p2a: Forte
|-damage|p2a: Forte|79/100
|
|-heal|p2a: Forte|86/100|[from] item: Leftovers
|-heal|p1a: Snorlax|77/100|[from] item: Leftovers
|upkeep
|turn|7
|
|t:|1727991222
|move|p2a: Forte|Spikes|p1a: Snorlax
|-sidestart|p1: grillkinggaming|Spikes
|move|p1a: Snorlax|Body Slam|p2a: Forte
|-resisted|p2a: Forte
|-damage|p2a: Forte|71/100
|
|-heal|p2a: Forte|77/100|[from] item: Leftovers
|-heal|p1a: Snorlax|83/100|[from] item: Leftovers
|upkeep
|turn|8
|
|t:|1727991228
|move|p2a: Forte|Spikes|p1a: Snorlax
|-sidestart|p1: grillkinggaming|Spikes
|move|p1a: Snorlax|Body Slam|p2a: Forte
|-resisted|p2a: Forte
|-damage|p2a: Forte|62/100
|
|-heal|p2a: Forte|69/100|[from] item: Leftovers
|-heal|p1a: Snorlax|89/100|[from] item: Leftovers
|upkeep
|turn|9
|
|t:|1727991231
|switch|p1a: Magneton|Magneton|100/100
|-damage|p1a: Magneton|84/100|[from] Spikes
|move|p2a: Forte|Spikes|p1a: Magneton
|-sidestart|p1: grillkinggaming|Spikes
|
|-heal|p2a: Forte|75/100|[from] item: Leftovers
|upkeep
|turn|10
|
|t:|1727991235
|move|p1a: Magneton|Hidden Power|p2a: Forte
|-supereffective|p2a: Forte
|-damage|p2a: Forte|0 fnt
|faint|p2a: Forte
|
|t:|1727991240
|switch|p2a: Solco|Salamence, F|100/100
|-ability|p2a: Solco|Intimidate|boost
|-unboost|p1a: Magneton|atk|1
|
|upkeep
|turn|11
|
|t:|1727991253
|move|p2a: Solco|Brick Break|p1a: Magneton
|-supereffective|p1a: Magneton
|-damage|p1a: Magneton|0 fnt
|faint|p1a: Magneton
|
|t:|1727991257
|switch|p1a: Claydol|Claydol|100/100
|
|upkeep
|turn|12
|
|t:|1727991267
|switch|p2a: Tono|Tyranitar, M|100/100
|-weather|Sandstorm|[from] ability: Sand Stream|[of] p2a: Tono
|move|p1a: Claydol|Rapid Spin|p2a: Tono
|-resisted|p2a: Tono
|-damage|p2a: Tono|98/100
|-sideend|p1: grillkinggaming|Spikes|[from] move: Rapid Spin|[of] p1a: Claydol
|
|-weather|Sandstorm|[upkeep]
|-heal|p2a: Tono|100/100|[from] item: Leftovers
|upkeep
|turn|13
|
|t:|1727991278
|move|p1a: Claydol|Earthquake|p2a: Tono
|-supereffective|p2a: Tono
|-damage|p2a: Tono|44/100
|move|p2a: Tono|Crunch|p1a: Claydol
|-supereffective|p1a: Claydol
|-damage|p1a: Claydol|29/100
|
|-weather|Sandstorm|[upkeep]
|-heal|p1a: Claydol|35/100|[from] item: Leftovers
|-heal|p2a: Tono|50/100|[from] item: Leftovers
|upkeep
|turn|14
|
|t:|1727991287
|switch|p2a: Solco|Salamence, F|100/100
|-ability|p2a: Solco|Intimidate|boost
|-unboost|p1a: Claydol|atk|1
|move|p1a: Claydol|Earthquake|p2a: Solco
|-immune|p2a: Solco
|
|-weather|Sandstorm|[upkeep]
|-damage|p2a: Solco|94/100|[from] Sandstorm
|-heal|p1a: Claydol|42/100|[from] item: Leftovers
|upkeep
|turn|15
|
|t:|1727991298
|switch|p1a: Hooligan|Regirock, shiny|100/100
|move|p2a: Solco|Hidden Power|p1a: Hooligan
|-resisted|p1a: Hooligan
|-damage|p1a: Hooligan|85/100
|
|-weather|Sandstorm|[upkeep]
|-damage|p2a: Solco|88/100|[from] Sandstorm
|-heal|p1a: Hooligan|91/100|[from] item: Leftovers
|upkeep
|turn|16
|
|t:|1727991306
|switch|p2a: Swampert|Swampert, F|93/100
|switch|p1a: Ludicolo|Ludicolo, F|100/100
|
|-weather|Sandstorm|[upkeep]
|-damage|p1a: Ludicolo|94/100|[from] Sandstorm
|-heal|p1a: Ludicolo|100/100|[from] item: Leftovers
|-heal|p2a: Swampert|99/100|[from] item: Leftovers
|upkeep
|turn|17
|
|t:|1727991309
|switch|p2a: Blissey|Blissey, F|89/100
|move|p1a: Ludicolo|Leech Seed|p2a: Blissey
|-start|p2a: Blissey|move: Leech Seed
|
|-weather|Sandstorm|[upkeep]
|-damage|p1a: Ludicolo|94/100|[from] Sandstorm
|-damage|p2a: Blissey|83/100|[from] Sandstorm
|-heal|p1a: Ludicolo|100/100|[from] item: Leftovers
|-heal|p2a: Blissey|89/100|[from] item: Leftovers
|-damage|p2a: Blissey|77/100|[from] Leech Seed|[of] p1a: Ludicolo
|upkeep
|turn|18
|
|t:|1727991315
|switch|p1a: Claydol|Claydol|42/100
|switch|p2a: Jirachi|Jirachi|100/100
|
|-weather|Sandstorm|[upkeep]
|-heal|p1a: Claydol|48/100|[from] item: Leftovers
|upkeep
|turn|19
|
|t:|1727991324
|switch|p2a: Solco|Salamence, F|88/100
|-ability|p2a: Solco|Intimidate|boost
|-unboost|p1a: Claydol|atk|1
|move|p1a: Claydol|Earthquake|p2a: Solco
|-immune|p2a: Solco
|
|-weather|Sandstorm|[upkeep]
|-damage|p2a: Solco|82/100|[from] Sandstorm
|-heal|p1a: Claydol|54/100|[from] item: Leftovers
|upkeep
|turn|20
|
|t:|1727991334
|move|p2a: Solco|Hidden Power|p1a: Claydol
|-damage|p1a: Claydol|0 fnt
|faint|p1a: Claydol
|
|t:|1727991341
|switch|p1a: Hooligan|Regirock, shiny|91/100
|
|-weather|Sandstorm|[upkeep]
|-damage|p2a: Solco|76/100|[from] Sandstorm
|-heal|p1a: Hooligan|97/100|[from] item: Leftovers
|upkeep
|turn|21
|
|t:|1727991352
|switch|p2a: Swampert|Swampert, F|99/100
|move|p1a: Hooligan|Rock Slide|p2a: Swampert
|-resisted|p2a: Swampert
|-damage|p2a: Swampert|85/100
|
|-weather|Sandstorm|[upkeep]
|-heal|p2a: Swampert|91/100|[from] item: Leftovers
|-heal|p1a: Hooligan|100/100|[from] item: Leftovers
|upkeep
|turn|22
|
|t:|1727991361
|switch|p2a: Solco|Salamence, F|76/100
|-ability|p2a: Solco|Intimidate|boost
|-fail|p1a: Hooligan|unboost|[from] ability: Clear Body|[of] p1a: Hooligan
|switch|p1a: Snorlax|Snorlax, M|89/100
|
|-weather|Sandstorm|[upkeep]
|-damage|p2a: Solco|70/100|[from] Sandstorm
|-damage|p1a: Snorlax|83/100|[from] Sandstorm
|-heal|p1a: Snorlax|89/100|[from] item: Leftovers
|upkeep
|turn|23
|
|t:|1727991374
|move|p2a: Solco|Brick Break|p1a: Snorlax
|-supereffective|p1a: Snorlax
|-damage|p1a: Snorlax|17/100
|move|p1a: Snorlax|Body Slam|p2a: Solco
|-damage|p2a: Solco|26/100
|
|-weather|Sandstorm|[upkeep]
|-damage|p2a: Solco|20/100|[from] Sandstorm
|-damage|p1a: Snorlax|11/100|[from] Sandstorm
|-heal|p1a: Snorlax|17/100|[from] item: Leftovers
|upkeep
|turn|24
|
|t:|1727991390
|move|p2a: Solco|Brick Break|p1a: Snorlax
|-supereffective|p1a: Snorlax
|-damage|p1a: Snorlax|0 fnt
|faint|p1a: Snorlax
|
|t:|1727991398
|switch|p1a: Hooligan|Regirock, shiny|100/100
|
|-weather|Sandstorm|[upkeep]
|-damage|p2a: Solco|14/100|[from] Sandstorm
|upkeep
|turn|25
|
|t:|1727991407
|switch|p2a: Swampert|Swampert, F|91/100
|move|p1a: Hooligan|Counter|p2a: Swampert
|
|-weather|Sandstorm|[upkeep]
|-heal|p2a: Swampert|98/100|[from] item: Leftovers
|upkeep
|turn|26
|
|t:|1727991417
|switch|p1a: Ludicolo|Ludicolo, F|100/100
|move|p2a: Swampert|Hydro Pump|p1a: Ludicolo
|-resisted|p1a: Ludicolo
|-damage|p1a: Ludicolo|90/100
|
|-weather|Sandstorm|[upkeep]
|-damage|p1a: Ludicolo|84/100|[from] Sandstorm
|-heal|p1a: Ludicolo|90/100|[from] item: Leftovers
|-heal|p2a: Swampert|100/100|[from] item: Leftovers
|upkeep
|turn|27
|
|t:|1727991422
|switch|p2a: Blissey|Blissey, F|77/100
|move|p1a: Ludicolo|Leech Seed|p2a: Blissey|[miss]
|-miss|p1a: Ludicolo|p2a: Blissey
|
|-weather|Sandstorm|[upkeep]
|-damage|p1a: Ludicolo|84/100|[from] Sandstorm
|-damage|p2a: Blissey|71/100|[from] Sandstorm
|-heal|p1a: Ludicolo|90/100|[from] item: Leftovers
|-heal|p2a: Blissey|77/100|[from] item: Leftovers
|upkeep
|turn|28
|
|t:|1727991428
|switch|p1a: Hooligan|Regirock, shiny|100/100
|move|p2a: Blissey|Ice Beam|p1a: Hooligan
|-damage|p1a: Hooligan|75/100
|
|-weather|Sandstorm|[upkeep]
|-damage|p2a: Blissey|71/100|[from] Sandstorm
|-heal|p2a: Blissey|77/100|[from] item: Leftovers
|-heal|p1a: Hooligan|81/100|[from] item: Leftovers
|upkeep
|turn|29
|
|t:|1727991448
|switch|p2a: Swampert|Swampert, F|100/100
|move|p1a: Hooligan|Superpower|p2a: Swampert
|-crit|p2a: Swampert
|-damage|p2a: Swampert|41/100
|-unboost|p1a: Hooligan|atk|1
|-unboost|p1a: Hooligan|def|1
|
|-weather|Sandstorm|[upkeep]
|-heal|p2a: Swampert|47/100|[from] item: Leftovers
|-heal|p1a: Hooligan|87/100|[from] item: Leftovers
|upkeep
|turn|30
|
|t:|1727991462
|switch|p1a: Ludicolo|Ludicolo, F|90/100
|move|p2a: Swampert|Roar|p1a: Ludicolo
|drag|p1a: Hooligan|Regirock, shiny|87/100
|
|-weather|Sandstorm|[upkeep]
|-heal|p2a: Swampert|53/100|[from] item: Leftovers
|-heal|p1a: Hooligan|93/100|[from] item: Leftovers
|upkeep
|turn|31
|
|t:|1727991471
|move|p2a: Swampert|Hydro Pump|p1a: Hooligan
|-supereffective|p1a: Hooligan
|-damage|p1a: Hooligan|22/100
|move|p1a: Hooligan|Rock Slide|p2a: Swampert
|-resisted|p2a: Swampert
|-crit|p2a: Swampert
|-damage|p2a: Swampert|28/100
|
|-weather|Sandstorm|[upkeep]
|-heal|p2a: Swampert|34/100|[from] item: Leftovers
|-heal|p1a: Hooligan|28/100|[from] item: Leftovers
|upkeep
|turn|32
|
|t:|1727991478
|switch|p1a: Ludicolo|Ludicolo, F|90/100
|move|p2a: Swampert|Ice Beam|p1a: Ludicolo
|-damage|p1a: Ludicolo|72/100
|
|-weather|Sandstorm|[upkeep]
|-damage|p1a: Ludicolo|66/100|[from] Sandstorm
|-heal|p1a: Ludicolo|72/100|[from] item: Leftovers
|-heal|p2a: Swampert|41/100|[from] item: Leftovers
|upkeep
|turn|33
|
|t:|1727991485
|switch|p2a: Blissey|Blissey, F|77/100
|move|p1a: Ludicolo|Hidden Power|p2a: Blissey
|-damage|p2a: Blissey|64/100
|
|-weather|Sandstorm|[upkeep]
|-damage|p1a: Ludicolo|66/100|[from] Sandstorm
|-damage|p2a: Blissey|58/100|[from] Sandstorm
|-heal|p1a: Ludicolo|72/100|[from] item: Leftovers
|-heal|p2a: Blissey|64/100|[from] item: Leftovers
|upkeep
|turn|34
|
|t:|1727991495
|move|p1a: Ludicolo|Rain Dance|p1a: Ludicolo
|-weather|RainDance
|move|p2a: Blissey|Soft-Boiled|p2a: Blissey
|-heal|p2a: Blissey|100/100
|
|-weather|RainDance|[upkeep]
|-heal|p1a: Ludicolo|78/100|[from] item: Leftovers
|upkeep
|turn|35
|
|t:|1727991499
|move|p1a: Ludicolo|Leech Seed|p2a: Blissey
|-start|p2a: Blissey|move: Leech Seed
|move|p2a: Blissey|Calm Mind|p2a: Blissey
|-boost|p2a: Blissey|spa|1
|-boost|p2a: Blissey|spd|1
|
|-weather|RainDance|[upkeep]
|-heal|p1a: Ludicolo|84/100|[from] item: Leftovers
|-damage|p2a: Blissey|88/100|[from] Leech Seed|[of] p1a: Ludicolo
|-heal|p1a: Ludicolo|100/100|[silent]
|upkeep
|turn|36
|
|t:|1727991505
|switch|p1a: Hooligan|Regirock, shiny|28/100
|move|p2a: Blissey|Ice Beam|p1a: Hooligan
|-damage|p1a: Hooligan|0 fnt
|faint|p1a: Hooligan
|
|t:|1727991511
|switch|p1a: Heracross|Heracross, M|100/100
|
|-weather|RainDance|[upkeep]
|-heal|p2a: Blissey|94/100|[from] item: Leftovers
|-damage|p2a: Blissey|82/100|[from] Leech Seed|[of] p1a: Heracross
|upkeep
|turn|37
|
|t:|1727991530
|switch|p2a: Solco|Salamence, F|14/100
|-ability|p2a: Solco|Intimidate|boost
|-unboost|p1a: Heracross|atk|1
|move|p1a: Heracross|Megahorn|p2a: Solco
|-resisted|p2a: Solco
|-crit|p2a: Solco
|-damage|p2a: Solco|0 fnt
|faint|p2a: Solco
|
|t:|1727991539
|switch|p2a: Jirachi|Jirachi|100/100
|
|-weather|RainDance|[upkeep]
|upkeep
|turn|38
|
|t:|1727991542
|switch|p1a: Ludicolo|Ludicolo, F|100/100
|move|p2a: Jirachi|Thunder|p1a: Ludicolo
|-damage|p1a: Ludicolo|75/100
|
|-weather|none
|-heal|p1a: Ludicolo|81/100|[from] item: Leftovers
|upkeep
|turn|39
|
|t:|1727991550
|switch|p2a: Blissey|Blissey, F|82/100
|move|p1a: Ludicolo|Rain Dance|p1a: Ludicolo
|-weather|RainDance
|
|-weather|RainDance|[upkeep]
|-heal|p1a: Ludicolo|87/100|[from] item: Leftovers
|-heal|p2a: Blissey|88/100|[from] item: Leftovers
|upkeep
|turn|40
|
|t:|1727991556
|move|p1a: Ludicolo|Leech Seed|p2a: Blissey
|-start|p2a: Blissey|move: Leech Seed
|move|p2a: Blissey|Ice Beam|p1a: Ludicolo
|-damage|p1a: Ludicolo|60/100
|
|-weather|RainDance|[upkeep]
|-heal|p1a: Ludicolo|67/100|[from] item: Leftovers
|-heal|p2a: Blissey|94/100|[from] item: Leftovers
|-damage|p2a: Blissey|82/100|[from] Leech Seed|[of] p1a: Ludicolo
|-heal|p1a: Ludicolo|90/100|[silent]
|upkeep
|turn|41
|
|t:|1727991562
|switch|p2a: Jirachi|Jirachi|100/100
|move|p1a: Ludicolo|Surf|p2a: Jirachi
|-damage|p2a: Jirachi|45/100
|
|-weather|RainDance|[upkeep]
|-heal|p1a: Ludicolo|97/100|[from] item: Leftovers
|-heal|p2a: Jirachi|52/100|[from] item: Leftovers
|upkeep
|turn|42
|
|t:|1727991567
|switch|p2a: Blissey|Blissey, F|82/100
|move|p1a: Ludicolo|Surf|p2a: Blissey
|-damage|p2a: Blissey|58/100
|
|-weather|RainDance|[upkeep]
|-heal|p1a: Ludicolo|100/100|[from] item: Leftovers
|-heal|p2a: Blissey|64/100|[from] item: Leftovers
|upkeep
|turn|43
|
|t:|1727991571
|move|p1a: Ludicolo|Leech Seed|p2a: Blissey
|-start|p2a: Blissey|move: Leech Seed
|move|p2a: Blissey|Soft-Boiled|p2a: Blissey
|-heal|p2a: Blissey|100/100
|
|-weather|none
|-damage|p2a: Blissey|88/100|[from] Leech Seed|[of] p1a: Ludicolo
|upkeep
|turn|44
|
|t:|1727991574
|move|p1a: Ludicolo|Rain Dance|p1a: Ludicolo
|-weather|RainDance
|move|p2a: Blissey|Ice Beam|p1a: Ludicolo
|-damage|p1a: Ludicolo|75/100
|
|-weather|RainDance|[upkeep]
|-heal|p1a: Ludicolo|81/100|[from] item: Leftovers
|-heal|p2a: Blissey|94/100|[from] item: Leftovers
|-damage|p2a: Blissey|82/100|[from] Leech Seed|[of] p1a: Ludicolo
|-heal|p1a: Ludicolo|100/100|[silent]
|upkeep
|turn|45
|
|t:|1727991582
|switch|p1a: Heracross|Heracross, M|100/100
|move|p2a: Blissey|Calm Mind|p2a: Blissey
|-boost|p2a: Blissey|spa|1
|-boost|p2a: Blissey|spd|1
|
|-weather|RainDance|[upkeep]
|-heal|p2a: Blissey|88/100|[from] item: Leftovers
|-damage|p2a: Blissey|75/100|[from] Leech Seed|[of] p1a: Heracross
|upkeep
|turn|46
|
|t:|1727991594
|switch|p2a: Swampert|Swampert, F|41/100
|move|p1a: Heracross|Swords Dance|p1a: Heracross
|-boost|p1a: Heracross|atk|2
|
|-weather|RainDance|[upkeep]
|-heal|p2a: Swampert|47/100|[from] item: Leftovers
|upkeep
|turn|47
|
|t:|1727991598
|move|p1a: Heracross|Megahorn|p2a: Swampert
|-damage|p2a: Swampert|0 fnt
|faint|p2a: Swampert
|
|t:|1727991600
|switch|p2a: Tono|Tyranitar, M|50/100
|-weather|Sandstorm|[from] ability: Sand Stream|[of] p2a: Tono
|
|-weather|Sandstorm|[upkeep]
|-damage|p1a: Heracross|94/100|[from] Sandstorm
|-heal|p2a: Tono|56/100|[from] item: Leftovers
|upkeep
|turn|48
|
|t:|1727991606
|move|p1a: Heracross|Megahorn|p2a: Tono
|-supereffective|p2a: Tono
|-damage|p2a: Tono|0 fnt
|faint|p2a: Tono
|
|t:|1727991608
|switch|p2a: Jirachi|Jirachi|52/100
|
|-weather|Sandstorm|[upkeep]
|-damage|p1a: Heracross|88/100|[from] Sandstorm
|-heal|p2a: Jirachi|58/100|[from] item: Leftovers
|upkeep
|turn|49
|
|t:|1727991612
|move|p1a: Heracross|Megahorn|p2a: Jirachi
|-damage|p2a: Jirachi|0 fnt
|faint|p2a: Jirachi
|
|t:|1727991614
|switch|p2a: Blissey|Blissey, F|75/100
|
|-weather|Sandstorm|[upkeep]
|-damage|p1a: Heracross|82/100|[from] Sandstorm
|-damage|p2a: Blissey|69/100|[from] Sandstorm
|-heal|p2a: Blissey|75/100|[from] item: Leftovers
|upkeep
|turn|50
|
|t:|1727991617
|move|p1a: Heracross|Megahorn|p2a: Blissey
|-damage|p2a: Blissey|0 fnt
|faint|p2a: Blissey
|
|win|grillkinggaming
|c|☆DancingAlong|gg
|c|☆grillkinggaming|gg

</script>
<script type="application/json" class="data" id="replaydata-smogtours-gen3ou-794400">
{"id":"smogtours-gen3ou-794400","format":"[Gen 3] OU","players":["grillkinggaming","DancingAlong"],"uploadtime":1727991617,"views":148,"formatid":"gen3ou","rating":null,"private":0,"password":null}
</script>

<script defer src="js/replays.js?9d40a366"></script>
