<!DOCTYPE html>
<meta charset="utf-8" />
<meta name="viewport" content="width=device-width" />

<title>[Gen 3] OU: EpiclyEpicGamerW vs. adv pride - Replays - Pok&eacute;mon Showdown!</title>

<meta name="description" content="Watch a replay of a Pok&eacute;mon battle between EpiclyEpicGamerW and adv pride! Format: [Gen 3] OU; Date: Nov 8, 2024" />
<!--

Hey, you! Looking in the source for the replay log?

You can find them in JSON format, just add `.json` at the end of a replay URL.

https://replay.pokemonshowdown.com/gen7randomdoublesbattle-865046831.json

Or, if you only need the log itself, add `.log` instead:

https://replay.pokemonshowdown.com/gen7randomdoublesbattle-865046831.log

-->

<link rel="stylesheet" href="//pokemonshowdown.com/style/global.css?0.023195364461161105" />
<link rel="stylesheet" href="//play.pokemonshowdown.com/style/font-awesome.css?0.13261647063804238" />
<link rel="stylesheet" href="//play.pokemonshowdown.com/style/battle.css?0.8753245789963631" />
<link rel="stylesheet" href="//play.pokemonshowdown.com/style/utilichart.css?0.8627959624976733" />

<!-- Global site tag (gtag.js) - Google Analytics -->
<script async src="https://www.googletagmanager.com/gtag/js?id=UA-26211653-1"></script>
<script>
  window.dataLayer = window.dataLayer || [];
  function gtag(){dataLayer.push(arguments);}
  gtag('js', new Date());

  gtag('config', 'UA-26211653-1');
</script>
<!-- End Google Analytics -->
<!-- Venatus Ad Manager - Install in <HEAD> of page -->
	<script src="https://hb.vntsm.com/v3/live/ad-manager.min.js" type="text/javascript" data-site-id="642aba63ec9a7b11c3c9c1be" data-mode="scan" async></script>
<!-- / Venatus Ad Manager -->

<style>
	@media (max-width:820px) {
		.battle {
			margin: 0 auto;
		}
		.battle-log {
			margin: 7px auto 0;
			max-width: 640px;
			height: 300px;
			position: static;
		}
	}
	.optgroup {
		display: inline-block;
		line-height: 22px;
		font-size: 10pt;
	}
	.optgroup .button {
		height: 25px;
		padding-top: 0;
		padding-bottom: 0;
	}
	.optgroup button.button {
		padding-left: 12px;
		padding-right: 12px;
	}
	.linklist {
		list-style: none;
		margin: 0.5em 0;
		padding: 0;
	}
	.linklist li {
		padding: 2px 0;
	}
	.sidebar {
		float: left;
		width: 320px;
	}
	.bar-wrapper {
		max-width: 1100px;
		margin: 0 auto;
	}
	.bar-wrapper.has-sidebar {
		max-width: 1430px;
	}
	.mainbar {
		margin: 0;
		padding-right: 1px;
	}
	.mainbar.has-sidebar {
		margin-left: 330px;
	}
	@media (min-width: 1511px) {
		.sidebar {
			width: 400px;
		}
		.bar-wrapper.has-sidebar {
			max-width: 1510px;
		}
		.mainbar.has-sidebar {
			margin-left: 410px;
		}
	}
	.section.first-section {
		margin-top: 9px;
	}
	.blocklink small {
		white-space: normal;
	}
	.button {
		vertical-align: middle;
	}
	.replay-controls {
		padding-top: 10px;
	}
	.replay-controls h1 {
		font-size: 16pt;
		font-weight: normal;
		color: #CCC;
	}
	.pagelink {
		text-align: center;
	}
	.pagelink a {
		width: 150px;
	}
	.textbox, .button {
		font-size: 11pt;
		vertical-align: middle;
	}
	@media (max-width: 450px) {
		.button {
			font-size: 9pt;
		}
	}
</style>

<div>

	<header>
		<div class="nav-wrapper"><ul class="nav">
			<li><a class="button nav-first" href="//pokemonshowdown.com/"><img src="//pokemonshowdown.com/images/pokemonshowdownbeta.png" srcset="//pokemonshowdown.com/images/pokemonshowdownbeta.png 1x, //pokemonshowdown.com/images/pokemonshowdownbeta@2x.png 2x" alt="Pok&eacute;mon Showdown" width="146" height="44" /> Home</a></li>
			<li><a class="button" href="//pokemonshowdown.com/dex/">Pok&eacute;dex</a></li>
			<li><a class="button cur" href="/">Replays</a></li>
			<li><a class="button" href="//pokemonshowdown.com/ladder/">Ladder</a></li>
			<li><a class="button nav-last" href="//pokemonshowdown.com/forums/">Forum</a></li>
			<li><a class="button greenbutton nav-first nav-last" href="//play.pokemonshowdown.com/">Play</a></li>
		</ul></div>
	</header>

	<div class="main" id="main">

		<noscript><section class="section">You need to enable JavaScript to use this page; sorry!</section></noscript>

	</div>

</div>

<script defer nomodule src="//play.pokemonshowdown.com/js/lib/ps-polyfill.js"></script>
<script defer src="//play.pokemonshowdown.com/js/lib/preact.min.js"></script>

<script defer src="//play.pokemonshowdown.com/config/config.js?2bddbc15"></script>
<script defer src="//play.pokemonshowdown.com/js/lib/jquery-1.11.0.min.js"></script>
<script defer src="//play.pokemonshowdown.com/js/lib/html-sanitizer-minified.js"></script>
<script defer src="//play.pokemonshowdown.com/js/battle-sound.js"></script>
<script defer src="//play.pokemonshowdown.com/js/battledata.js?0.7209276989879541"></script>
<script defer src="//play.pokemonshowdown.com/data/pokedex-mini.js?0.6111056340867951"></script>
<script defer src="//play.pokemonshowdown.com/data/pokedex-mini-bw.js?0.3532142036491459"></script>
<script defer src="//play.pokemonshowdown.com/data/graphics.js?0.24223875632456182"></script>
<script defer src="//play.pokemonshowdown.com/data/pokedex.js?0.38839984266356864"></script>
<script defer src="//play.pokemonshowdown.com/data/moves.js?0.21866028504024015"></script>
<script defer src="//play.pokemonshowdown.com/data/abilities.js?0.2005157953846628"></script>
<script defer src="//play.pokemonshowdown.com/data/items.js?0.9894211263848525"></script>
<script defer src="//play.pokemonshowdown.com/data/teambuilder-tables.js?0.6008791140282215"></script>
<script defer src="//play.pokemonshowdown.com/js/battle-tooltips.js?0.7580118955022959"></script>
<script defer src="//play.pokemonshowdown.com/js/battle.js?0.6057722274234274"></script>

<script defer src="js/utils.js?e31f9a17"></script>
<script defer src="js/replays-battle.js?7008c182"></script>

<!-- don't scrape this data! just add .json or .log after the URL!
Full API docs: https://github.com/smogon/pokemon-showdown-client/blob/master/WEB-API.md -->
<script type="text/plain" class="log" id="replaylog-smogtours-gen3ou-805285">
|inactive|Battle timer is ON: inactive players will automatically lose when time's up.
|t:|1731098232
|gametype|singles
|player|p1|EpiclyEpicGamerW|red-masters|
|player|p2|adv pride|170|
|teamsize|p1|6
|teamsize|p2|6
|gen|3
|tier|[Gen 3] OU
|rule|Sleep Clause Mod: Limit one foe put to sleep
|rule|Switch Priority Clause Mod: Faster Pokémon switch first
|rule|Species Clause: Limit one of each Pokémon
|rule|OHKO Clause: OHKO moves are banned
|rule|Evasion Items Clause: Evasion items are banned
|rule|Evasion Moves Clause: Evasion moves are banned
|rule|Endless Battle Clause: Forcing endless battles is banned
|rule|HP Percentage Mod: HP is shown in percentages
|rule|One Boost Passer Clause: Limit one Baton Passer that has a way to boost its stats
|rule|Freeze Clause Mod: Limit one foe frozen
|
|t:|1731098232
|start
|switch|p1a: Skarmory|Skarmory, F|100/100
|switch|p2a: Tyranitar|Tyranitar, F|100/100
|-weather|Sandstorm|[from] ability: Sand Stream|[of] p2a: Tyranitar
|turn|1
|
|t:|1731098243
|move|p2a: Tyranitar|Rock Slide|p1a: Skarmory
|-damage|p1a: Skarmory|69/100
|move|p1a: Skarmory|Spikes|p2a: Tyranitar
|-sidestart|p2: adv pride|Spikes
|
|-weather|Sandstorm|[upkeep]
|-heal|p1a: Skarmory|75/100|[from] item: Leftovers
|upkeep
|turn|2
|
|t:|1731098266
|switch|p1a: Swampert|Swampert, F|100/100
|move|p2a: Tyranitar|Rock Slide|p1a: Swampert
|-resisted|p1a: Swampert
|-damage|p1a: Swampert|87/100
|
|-weather|Sandstorm|[upkeep]
|-heal|p1a: Swampert|93/100|[from] item: Leftovers
|upkeep
|turn|3
|
|t:|1731098275
|switch|p2a: Skarmory|Skarmory, F|100/100
|move|p1a: Swampert|Hydro Pump|p2a: Skarmory
|-damage|p2a: Skarmory|64/100
|
|-weather|Sandstorm|[upkeep]
|-heal|p2a: Skarmory|70/100|[from] item: Leftovers
|-heal|p1a: Swampert|99/100|[from] item: Leftovers
|upkeep
|turn|4
|
|t:|1731098286
|switch|p1a: Gengar|Gengar, F|100/100
|move|p2a: Skarmory|Toxic|p1a: Gengar
|-immune|p1a: Gengar
|
|-weather|Sandstorm|[upkeep]
|-damage|p1a: Gengar|95/100|[from] Sandstorm
|-heal|p1a: Gengar|100/100|[from] item: Leftovers
|-heal|p2a: Skarmory|76/100|[from] item: Leftovers
|upkeep
|turn|5
|
|t:|1731098290
|move|p2a: Skarmory|Protect|p2a: Skarmory
|-singleturn|p2a: Skarmory|Protect
|move|p1a: Gengar|Will-O-Wisp|p2a: Skarmory|[miss]
|-miss|p1a: Gengar|p2a: Skarmory
|
|-weather|Sandstorm|[upkeep]
|-damage|p1a: Gengar|95/100|[from] Sandstorm
|-heal|p1a: Gengar|100/100|[from] item: Leftovers
|-heal|p2a: Skarmory|82/100|[from] item: Leftovers
|upkeep
|turn|6
|
|t:|1731098297
|move|p1a: Gengar|Will-O-Wisp|p2a: Skarmory|[miss]
|-miss|p1a: Gengar|p2a: Skarmory
|move|p2a: Skarmory|Spikes|p1a: Gengar
|-sidestart|p1: EpiclyEpicGamerW|Spikes
|
|-weather|Sandstorm|[upkeep]
|-damage|p1a: Gengar|95/100|[from] Sandstorm
|-heal|p1a: Gengar|100/100|[from] item: Leftovers
|-heal|p2a: Skarmory|88/100|[from] item: Leftovers
|upkeep
|turn|7
|
|t:|1731098301
|move|p2a: Skarmory|Protect|p2a: Skarmory
|-singleturn|p2a: Skarmory|Protect
|move|p1a: Gengar|Will-O-Wisp|p2a: Skarmory
|-activate|p2a: Skarmory|Protect
|
|-weather|Sandstorm|[upkeep]
|-damage|p1a: Gengar|95/100|[from] Sandstorm
|-heal|p1a: Gengar|100/100|[from] item: Leftovers
|-heal|p2a: Skarmory|94/100|[from] item: Leftovers
|upkeep
|turn|8
|
|t:|1731098315
|switch|p2a: Blissey|Blissey, F|100/100
|-damage|p2a: Blissey|88/100|[from] Spikes
|move|p1a: Gengar|Will-O-Wisp|p2a: Blissey
|-status|p2a: Blissey|brn
|
|-weather|Sandstorm|[upkeep]
|-damage|p1a: Gengar|95/100|[from] Sandstorm
|-damage|p2a: Blissey|82/100 brn|[from] Sandstorm
|-heal|p1a: Gengar|100/100|[from] item: Leftovers
|-heal|p2a: Blissey|88/100 brn|[from] item: Leftovers
|-damage|p2a: Blissey|76/100 brn|[from] brn
|upkeep
|turn|9
|
|t:|1731098326
|switch|p1a: Tyranitar|Tyranitar, F|100/100
|-damage|p1a: Tyranitar|88/100|[from] Spikes
|move|p2a: Blissey|Ice Beam|p1a: Tyranitar
|-damage|p1a: Tyranitar|68/100
|
|-weather|Sandstorm|[upkeep]
|-damage|p2a: Blissey|69/100 brn|[from] Sandstorm
|-heal|p1a: Tyranitar|74/100|[from] item: Leftovers
|-heal|p2a: Blissey|76/100 brn|[from] item: Leftovers
|-damage|p2a: Blissey|63/100 brn|[from] brn
|upkeep
|turn|10
|
|t:|1731098333
|-singleturn|p1a: Tyranitar|move: Focus Punch
|-curestatus|p2a: Blissey|brn|[from] ability: Natural Cure
|switch|p2a: Claydol|Claydol|100/100
|move|p1a: Tyranitar|Focus Punch|p2a: Claydol
|-resisted|p2a: Claydol
|-damage|p2a: Claydol|73/100
|
|-weather|Sandstorm|[upkeep]
|-heal|p2a: Claydol|79/100|[from] item: Leftovers
|-heal|p1a: Tyranitar|81/100|[from] item: Leftovers
|upkeep
|turn|11
|
|t:|1731098340
|move|p2a: Claydol|Rapid Spin|p1a: Tyranitar
|-resisted|p1a: Tyranitar
|-damage|p1a: Tyranitar|79/100
|-sideend|p2: adv pride|Spikes|[from] move: Rapid Spin|[of] p2a: Claydol
|move|p1a: Tyranitar|Hidden Power|p2a: Claydol
|-supereffective|p2a: Claydol
|-damage|p2a: Claydol|26/100
|
|-weather|Sandstorm|[upkeep]
|-heal|p2a: Claydol|32/100|[from] item: Leftovers
|-heal|p1a: Tyranitar|85/100|[from] item: Leftovers
|upkeep
|turn|12
|
|t:|1731098363
|switch|p2a: Suicune|Suicune|100/100
|switch|p1a: Gengar|Gengar, F|100/100
|
|-weather|Sandstorm|[upkeep]
|-damage|p1a: Gengar|95/100|[from] Sandstorm
|-damage|p2a: Suicune|94/100|[from] Sandstorm
|-heal|p1a: Gengar|100/100|[from] item: Leftovers
|-heal|p2a: Suicune|100/100|[from] item: Leftovers
|upkeep
|turn|13
|
|t:|1731098380
|switch|p2a: Claydol|Claydol|32/100
|move|p1a: Gengar|Thunderbolt|p2a: Claydol
|-immune|p2a: Claydol
|
|-weather|Sandstorm|[upkeep]
|-damage|p1a: Gengar|95/100|[from] Sandstorm
|-heal|p1a: Gengar|100/100|[from] item: Leftovers
|-heal|p2a: Claydol|38/100|[from] item: Leftovers
|upkeep
|turn|14
|
|t:|1731098383
|switch|p2a: Blissey|Blissey, F|63/100
|move|p1a: Gengar|Ice Punch|p2a: Blissey
|-damage|p2a: Blissey|54/100
|-status|p2a: Blissey|frz
|
|-weather|Sandstorm|[upkeep]
|-damage|p1a: Gengar|95/100|[from] Sandstorm
|-damage|p2a: Blissey|48/100 frz|[from] Sandstorm
|-heal|p1a: Gengar|100/100|[from] item: Leftovers
|-heal|p2a: Blissey|54/100 frz|[from] item: Leftovers
|upkeep
|turn|15
|
|t:|1731098393
|-curestatus|p2a: Blissey|frz|[from] ability: Natural Cure
|switch|p2a: Tyranitar|Tyranitar, F|100/100
|move|p1a: Gengar|Thunderbolt|p2a: Tyranitar
|-damage|p2a: Tyranitar|75/100
|
|-weather|Sandstorm|[upkeep]
|-damage|p1a: Gengar|95/100|[from] Sandstorm
|-heal|p1a: Gengar|100/100|[from] item: Leftovers
|-heal|p2a: Tyranitar|81/100|[from] item: Leftovers
|upkeep
|turn|16
|
|t:|1731098402
|switch|p1a: Skarmory|Skarmory, F|75/100
|move|p2a: Tyranitar|Rock Slide|p1a: Skarmory
|-damage|p1a: Skarmory|46/100
|
|-weather|Sandstorm|[upkeep]
|-heal|p2a: Tyranitar|88/100|[from] item: Leftovers
|-heal|p1a: Skarmory|52/100|[from] item: Leftovers
|upkeep
|turn|17
|
|t:|1731098409
|move|p2a: Tyranitar|Rock Slide|p1a: Skarmory
|-damage|p1a: Skarmory|19/100
|cant|p1a: Skarmory|flinch
|
|-weather|Sandstorm|[upkeep]
|-heal|p2a: Tyranitar|94/100|[from] item: Leftovers
|-heal|p1a: Skarmory|25/100|[from] item: Leftovers
|upkeep
|turn|18
|
|t:|1731098413
|move|p1a: Skarmory|Protect|p1a: Skarmory
|-singleturn|p1a: Skarmory|Protect
|move|p2a: Tyranitar|Dragon Dance|p2a: Tyranitar
|-boost|p2a: Tyranitar|atk|1
|-boost|p2a: Tyranitar|spe|1
|
|-weather|Sandstorm|[upkeep]
|-heal|p2a: Tyranitar|99/100|[from] item: Leftovers
|-heal|p1a: Skarmory|31/100|[from] item: Leftovers
|upkeep
|turn|19
|
|t:|1731098417
|switch|p1a: Swampert|Swampert, F|99/100
|-damage|p1a: Swampert|87/100|[from] Spikes
|move|p2a: Tyranitar|Earthquake|p1a: Swampert
|-damage|p1a: Swampert|48/100
|
|-weather|Sandstorm|[upkeep]
|-heal|p2a: Tyranitar|100/100|[from] item: Leftovers
|-heal|p1a: Swampert|54/100|[from] item: Leftovers
|upkeep
|turn|20
|
|t:|1731098421
|switch|p2a: Suicune|Suicune|100/100
|move|p1a: Swampert|Hydro Pump|p2a: Suicune
|-resisted|p2a: Suicune
|-damage|p2a: Suicune|86/100
|
|-weather|Sandstorm|[upkeep]
|-damage|p2a: Suicune|80/100|[from] Sandstorm
|-heal|p2a: Suicune|86/100|[from] item: Leftovers
|-heal|p1a: Swampert|60/100|[from] item: Leftovers
|upkeep
|turn|21
|
|t:|1731098431
|switch|p1a: Blissey|Blissey, F, shiny|100/100
|-damage|p1a: Blissey|88/100|[from] Spikes
|move|p2a: Suicune|Calm Mind|p2a: Suicune
|-boost|p2a: Suicune|spa|1
|-boost|p2a: Suicune|spd|1
|
|-weather|Sandstorm|[upkeep]
|-damage|p2a: Suicune|80/100|[from] Sandstorm
|-damage|p1a: Blissey|82/100|[from] Sandstorm
|-heal|p2a: Suicune|86/100|[from] item: Leftovers
|-heal|p1a: Blissey|88/100|[from] item: Leftovers
|upkeep
|turn|22
|inactive|adv pride has 270 seconds left.
|
|t:|1731098464
|move|p2a: Suicune|Surf|p1a: Blissey
|-damage|p1a: Blissey|71/100
|move|p1a: Blissey|Toxic|p2a: Suicune
|-status|p2a: Suicune|tox
|
|-weather|Sandstorm|[upkeep]
|-damage|p2a: Suicune|80/100 tox|[from] Sandstorm
|-damage|p1a: Blissey|65/100|[from] Sandstorm
|-heal|p2a: Suicune|86/100 tox|[from] item: Leftovers
|-damage|p2a: Suicune|80/100 tox|[from] psn
|-heal|p1a: Blissey|71/100|[from] item: Leftovers
|upkeep
|turn|23
|inactive|adv pride has 270 seconds left.
|inactive|adv pride has 240 seconds left.
|
|t:|1731098525
|switch|p1a: Starmie|Starmie|100/100
|-damage|p1a: Starmie|88/100|[from] Spikes
|move|p2a: Suicune|Calm Mind|p2a: Suicune
|-boost|p2a: Suicune|spa|1
|-boost|p2a: Suicune|spd|1
|
|-weather|Sandstorm|[upkeep]
|-damage|p1a: Starmie|82/100|[from] Sandstorm
|-damage|p2a: Suicune|74/100 tox|[from] Sandstorm
|-heal|p1a: Starmie|88/100|[from] item: Leftovers
|-heal|p2a: Suicune|80/100 tox|[from] item: Leftovers
|-damage|p2a: Suicune|68/100 tox|[from] psn
|upkeep
|turn|24
|
|t:|1731098534
|move|p1a: Starmie|Thunderbolt|p2a: Suicune
|-supereffective|p2a: Suicune
|-damage|p2a: Suicune|47/100 tox
|move|p2a: Suicune|Rest|p2a: Suicune
|-status|p2a: Suicune|slp|[from] move: Rest
|-heal|p2a: Suicune|100/100 slp|[silent]
|
|-weather|Sandstorm|[upkeep]
|-damage|p1a: Starmie|82/100|[from] Sandstorm
|-damage|p2a: Suicune|94/100 slp|[from] Sandstorm
|-heal|p1a: Starmie|88/100|[from] item: Leftovers
|-heal|p2a: Suicune|100/100 slp|[from] item: Leftovers
|upkeep
|turn|25
|
|t:|1731098541
|switch|p1a: Skarmory|Skarmory, F|31/100
|cant|p2a: Suicune|slp
|
|-weather|Sandstorm|[upkeep]
|-damage|p2a: Suicune|94/100 slp|[from] Sandstorm
|-heal|p2a: Suicune|100/100 slp|[from] item: Leftovers
|-heal|p1a: Skarmory|37/100|[from] item: Leftovers
|upkeep
|turn|26
|
|t:|1731098547
|cant|p2a: Suicune|slp
|move|p1a: Skarmory|Roar|p2a: Suicune
|drag|p2a: Skarmory|Skarmory, F|94/100
|
|-weather|Sandstorm|[upkeep]
|-heal|p2a: Skarmory|99/100|[from] item: Leftovers
|-heal|p1a: Skarmory|43/100|[from] item: Leftovers
|upkeep
|turn|27
|inactive|adv pride has 240 seconds left.
|
|t:|1731098560
|switch|p2a: Blissey|Blissey, F|54/100
|move|p1a: Skarmory|Spikes|p2a: Blissey
|-sidestart|p2: adv pride|Spikes
|
|-weather|Sandstorm|[upkeep]
|-damage|p2a: Blissey|48/100|[from] Sandstorm
|-heal|p1a: Skarmory|49/100|[from] item: Leftovers
|-heal|p2a: Blissey|54/100|[from] item: Leftovers
|upkeep
|turn|28
|
|t:|1731098572
|switch|p1a: Starmie|Starmie|88/100
|-damage|p1a: Starmie|76/100|[from] Spikes
|move|p2a: Blissey|Soft-Boiled|p2a: Blissey
|-heal|p2a: Blissey|100/100
|
|-weather|Sandstorm|[upkeep]
|-damage|p1a: Starmie|70/100|[from] Sandstorm
|-damage|p2a: Blissey|94/100|[from] Sandstorm
|-heal|p1a: Starmie|76/100|[from] item: Leftovers
|-heal|p2a: Blissey|100/100|[from] item: Leftovers
|upkeep
|turn|29
|
|t:|1731098578
|move|p1a: Starmie|Rapid Spin|p2a: Blissey
|-damage|p2a: Blissey|98/100
|-sideend|p1: EpiclyEpicGamerW|Spikes|[from] move: Rapid Spin|[of] p1a: Starmie
|move|p2a: Blissey|Seismic Toss|p1a: Starmie
|-damage|p1a: Starmie|38/100
|
|-weather|Sandstorm|[upkeep]
|-damage|p1a: Starmie|32/100|[from] Sandstorm
|-damage|p2a: Blissey|91/100|[from] Sandstorm
|-heal|p1a: Starmie|38/100|[from] item: Leftovers
|-heal|p2a: Blissey|98/100|[from] item: Leftovers
|upkeep
|turn|30
|
|t:|1731098586
|switch|p1a: Tyranitar|Tyranitar, F|85/100
|move|p2a: Blissey|Aromatherapy|p2a: Blissey
|-cureteam|p2a: Blissey|[from] move: Aromatherapy
|
|-weather|Sandstorm|[upkeep]
|-damage|p2a: Blissey|91/100|[from] Sandstorm
|-heal|p1a: Tyranitar|91/100|[from] item: Leftovers
|-heal|p2a: Blissey|98/100|[from] item: Leftovers
|upkeep
|turn|31
|inactive|adv pride has 270 seconds left.
|
|t:|1731098597
|switch|p2a: Skarmory|Skarmory, F|99/100
|move|p1a: Tyranitar|Rock Slide|p2a: Skarmory
|-damage|p2a: Skarmory|69/100
|
|-weather|Sandstorm|[upkeep]
|-heal|p2a: Skarmory|75/100|[from] item: Leftovers
|-heal|p1a: Tyranitar|97/100|[from] item: Leftovers
|upkeep
|turn|32
|inactive|adv pride has 270 seconds left.
|
|t:|1731098608
|-singleturn|p1a: Tyranitar|move: Focus Punch
|move|p2a: Skarmory|Spikes|p1a: Tyranitar
|-sidestart|p1: EpiclyEpicGamerW|Spikes
|move|p1a: Tyranitar|Focus Punch|p2a: Skarmory
|-damage|p2a: Skarmory|30/100
|
|-weather|Sandstorm|[upkeep]
|-heal|p2a: Skarmory|36/100|[from] item: Leftovers
|-heal|p1a: Tyranitar|100/100|[from] item: Leftovers
|upkeep
|turn|33
|
|t:|1731098625
|switch|p1a: Gengar|Gengar, F|100/100
|move|p2a: Skarmory|Protect||[still]
|-fail|p2a: Skarmory
|
|-weather|Sandstorm|[upkeep]
|-damage|p1a: Gengar|95/100|[from] Sandstorm
|-heal|p1a: Gengar|100/100|[from] item: Leftovers
|-heal|p2a: Skarmory|42/100|[from] item: Leftovers
|upkeep
|turn|34
|
|t:|1731098632
|move|p2a: Skarmory|Protect|p2a: Skarmory
|-singleturn|p2a: Skarmory|Protect
|move|p1a: Gengar|Will-O-Wisp|p2a: Skarmory|[miss]
|-miss|p1a: Gengar|p2a: Skarmory
|
|-weather|Sandstorm|[upkeep]
|-damage|p1a: Gengar|95/100|[from] Sandstorm
|-heal|p1a: Gengar|100/100|[from] item: Leftovers
|-heal|p2a: Skarmory|48/100|[from] item: Leftovers
|upkeep
|turn|35
|
|t:|1731098640
|switch|p2a: Blissey|Blissey, F|98/100
|-damage|p2a: Blissey|85/100|[from] Spikes
|move|p1a: Gengar|Thunderbolt|p2a: Blissey
|-damage|p2a: Blissey|74/100
|
|-weather|Sandstorm|[upkeep]
|-damage|p1a: Gengar|95/100|[from] Sandstorm
|-damage|p2a: Blissey|68/100|[from] Sandstorm
|-heal|p1a: Gengar|100/100|[from] item: Leftovers
|-heal|p2a: Blissey|74/100|[from] item: Leftovers
|upkeep
|turn|36
|
|t:|1731098645
|switch|p1a: Tyranitar|Tyranitar, F|100/100
|-damage|p1a: Tyranitar|88/100|[from] Spikes
|move|p2a: Blissey|Ice Beam|p1a: Tyranitar
|-damage|p1a: Tyranitar|67/100
|
|-weather|Sandstorm|[upkeep]
|-damage|p2a: Blissey|68/100|[from] Sandstorm
|-heal|p1a: Tyranitar|73/100|[from] item: Leftovers
|-heal|p2a: Blissey|74/100|[from] item: Leftovers
|upkeep
|turn|37
|
|t:|1731098654
|-singleturn|p1a: Tyranitar|move: Focus Punch
|switch|p2a: Claydol|Claydol|38/100
|move|p1a: Tyranitar|Focus Punch|p2a: Claydol
|-resisted|p2a: Claydol
|-damage|p2a: Claydol|12/100
|
|-weather|Sandstorm|[upkeep]
|-heal|p2a: Claydol|18/100|[from] item: Leftovers
|-heal|p1a: Tyranitar|79/100|[from] item: Leftovers
|upkeep
|turn|38
|
|t:|1731098675
|switch|p1a: Gengar|Gengar, F|100/100
|move|p2a: Claydol|Earthquake|p1a: Gengar
|-immune|p1a: Gengar
|
|-weather|Sandstorm|[upkeep]
|-damage|p1a: Gengar|95/100|[from] Sandstorm
|-heal|p1a: Gengar|100/100|[from] item: Leftovers
|-heal|p2a: Claydol|24/100|[from] item: Leftovers
|upkeep
|turn|39
|
|t:|1731098682
|switch|p2a: Blissey|Blissey, F|74/100
|-damage|p2a: Blissey|62/100|[from] Spikes
|move|p1a: Gengar|Ice Punch|p2a: Blissey
|-damage|p2a: Blissey|54/100
|-status|p2a: Blissey|frz
|
|-weather|Sandstorm|[upkeep]
|-damage|p1a: Gengar|95/100|[from] Sandstorm
|-damage|p2a: Blissey|48/100 frz|[from] Sandstorm
|-heal|p1a: Gengar|100/100|[from] item: Leftovers
|-heal|p2a: Blissey|54/100 frz|[from] item: Leftovers
|upkeep
|turn|40
|
|t:|1731098695
|-curestatus|p2a: Blissey|frz|[from] ability: Natural Cure
|switch|p2a: Tyranitar|Tyranitar, F|100/100
|-damage|p2a: Tyranitar|88/100|[from] Spikes
|move|p1a: Gengar|Will-O-Wisp|p2a: Tyranitar
|-status|p2a: Tyranitar|brn
|
|-weather|Sandstorm|[upkeep]
|-damage|p1a: Gengar|95/100|[from] Sandstorm
|-heal|p1a: Gengar|100/100|[from] item: Leftovers
|-heal|p2a: Tyranitar|94/100 brn|[from] item: Leftovers
|-damage|p2a: Tyranitar|82/100 brn|[from] brn
|upkeep
|turn|41
|
|t:|1731098717
|move|p1a: Gengar|Thunderbolt|p2a: Tyranitar
|-crit|p2a: Tyranitar
|-damage|p2a: Tyranitar|28/100 brn
|move|p2a: Tyranitar|Rock Slide|p1a: Gengar
|-damage|p1a: Gengar|69/100
|
|-weather|Sandstorm|[upkeep]
|-damage|p1a: Gengar|63/100|[from] Sandstorm
|-heal|p1a: Gengar|69/100|[from] item: Leftovers
|-heal|p2a: Tyranitar|34/100 brn|[from] item: Leftovers
|-damage|p2a: Tyranitar|22/100 brn|[from] brn
|upkeep
|turn|42
|
|t:|1731098725
|move|p1a: Gengar|Thunderbolt|p2a: Tyranitar
|-damage|p2a: Tyranitar|0 fnt
|faint|p2a: Tyranitar
|
|t:|1731098727
|switch|p2a: Blissey|Blissey, F|54/100
|-damage|p2a: Blissey|41/100|[from] Spikes
|
|-weather|Sandstorm|[upkeep]
|-damage|p1a: Gengar|63/100|[from] Sandstorm
|-damage|p2a: Blissey|35/100|[from] Sandstorm
|-heal|p1a: Gengar|69/100|[from] item: Leftovers
|-heal|p2a: Blissey|41/100|[from] item: Leftovers
|upkeep
|turn|43
|
|t:|1731098736
|switch|p1a: Tyranitar|Tyranitar, F|79/100
|-damage|p1a: Tyranitar|67/100|[from] Spikes
|switch|p2a: Skarmory|Skarmory, F|48/100
|
|-weather|Sandstorm|[upkeep]
|-heal|p2a: Skarmory|54/100|[from] item: Leftovers
|-heal|p1a: Tyranitar|73/100|[from] item: Leftovers
|upkeep
|turn|44
|
|t:|1731098741
|-singleturn|p1a: Tyranitar|move: Focus Punch
|move|p2a: Skarmory|Toxic|p1a: Tyranitar|[miss]
|-miss|p2a: Skarmory|p1a: Tyranitar
|move|p1a: Tyranitar|Focus Punch|p2a: Skarmory
|-damage|p2a: Skarmory|10/100
|
|-weather|Sandstorm|[upkeep]
|-heal|p2a: Skarmory|16/100|[from] item: Leftovers
|-heal|p1a: Tyranitar|79/100|[from] item: Leftovers
|upkeep
|turn|45
|
|t:|1731098768
|move|p2a: Skarmory|Protect|p2a: Skarmory
|-singleturn|p2a: Skarmory|Protect
|move|p1a: Tyranitar|Rock Slide|p2a: Skarmory
|-activate|p2a: Skarmory|Protect
|
|-weather|Sandstorm|[upkeep]
|-heal|p2a: Skarmory|22/100|[from] item: Leftovers
|-heal|p1a: Tyranitar|85/100|[from] item: Leftovers
|upkeep
|turn|46
|
|t:|1731098780
|-singleturn|p1a: Tyranitar|move: Focus Punch
|move|p2a: Skarmory|Toxic|p1a: Tyranitar|[miss]
|-miss|p2a: Skarmory|p1a: Tyranitar
|move|p1a: Tyranitar|Focus Punch|p2a: Skarmory
|-damage|p2a: Skarmory|0 fnt
|faint|p2a: Skarmory
|c|☆EpiclyEpicGamerW|dude im sorry
|
|t:|1731098788
|switch|p2a: Dugtrio|Dugtrio, F|100/100
|-damage|p2a: Dugtrio|88/100|[from] Spikes
|
|-weather|Sandstorm|[upkeep]
|-heal|p1a: Tyranitar|92/100|[from] item: Leftovers
|upkeep
|turn|47
|
|t:|1731098795
|move|p2a: Dugtrio|Earthquake|p1a: Tyranitar
|-supereffective|p1a: Tyranitar
|-damage|p1a: Tyranitar|3/100
|move|p1a: Tyranitar|Earthquake|p2a: Dugtrio
|-crit|p2a: Dugtrio
|-damage|p2a: Dugtrio|0 fnt
|faint|p2a: Dugtrio
|c|☆adv pride|Its one of those games
|inactive|adv pride has 270 seconds left.
|
|t:|1731098830
|switch|p2a: Suicune|Suicune|100/100
|-damage|p2a: Suicune|88/100|[from] Spikes
|
|-weather|Sandstorm|[upkeep]
|-damage|p2a: Suicune|82/100|[from] Sandstorm
|-heal|p2a: Suicune|88/100|[from] item: Leftovers
|-heal|p1a: Tyranitar|9/100|[from] item: Leftovers
|upkeep
|turn|48
|
|t:|1731098833
|-singleturn|p1a: Tyranitar|move: Focus Punch
|move|p2a: Suicune|Surf|p1a: Tyranitar
|-supereffective|p1a: Tyranitar
|-damage|p1a: Tyranitar|0 fnt
|faint|p1a: Tyranitar
|
|t:|1731098855
|switch|p1a: Skarmory|Skarmory, F|49/100
|
|-weather|Sandstorm|[upkeep]
|-damage|p2a: Suicune|82/100|[from] Sandstorm
|-heal|p2a: Suicune|88/100|[from] item: Leftovers
|-heal|p1a: Skarmory|55/100|[from] item: Leftovers
|upkeep
|turn|49
|
|t:|1731098865
|move|p2a: Suicune|Calm Mind|p2a: Suicune
|-boost|p2a: Suicune|spa|1
|-boost|p2a: Suicune|spd|1
|move|p1a: Skarmory|Toxic|p2a: Suicune
|-status|p2a: Suicune|tox
|
|-weather|Sandstorm|[upkeep]
|-damage|p2a: Suicune|82/100 tox|[from] Sandstorm
|-heal|p2a: Suicune|88/100 tox|[from] item: Leftovers
|-damage|p2a: Suicune|82/100 tox|[from] psn
|-heal|p1a: Skarmory|61/100|[from] item: Leftovers
|upkeep
|turn|50
|
|t:|1731098873
|move|p2a: Suicune|Surf|p1a: Skarmory
|-damage|p1a: Skarmory|18/100
|move|p1a: Skarmory|Spikes|p2a: Suicune
|-sidestart|p2: adv pride|Spikes
|
|-weather|Sandstorm|[upkeep]
|-damage|p2a: Suicune|76/100 tox|[from] Sandstorm
|-heal|p2a: Suicune|82/100 tox|[from] item: Leftovers
|-damage|p2a: Suicune|70/100 tox|[from] psn
|-heal|p1a: Skarmory|24/100|[from] item: Leftovers
|upkeep
|turn|51
|
|t:|1731098884
|move|p2a: Suicune|Surf|p1a: Skarmory
|-damage|p1a: Skarmory|0 fnt
|faint|p1a: Skarmory
|
|t:|1731098896
|switch|p1a: Gengar|Gengar, F|69/100
|
|-weather|Sandstorm|[upkeep]
|-damage|p1a: Gengar|63/100|[from] Sandstorm
|-damage|p2a: Suicune|63/100 tox|[from] Sandstorm
|-heal|p1a: Gengar|69/100|[from] item: Leftovers
|-heal|p2a: Suicune|70/100 tox|[from] item: Leftovers
|-damage|p2a: Suicune|51/100 tox|[from] psn
|upkeep
|turn|52
|
|t:|1731098901
|switch|p2a: Claydol|Claydol|24/100
|move|p1a: Gengar|Thunderbolt|p2a: Claydol
|-immune|p2a: Claydol
|
|-weather|Sandstorm|[upkeep]
|-damage|p1a: Gengar|63/100|[from] Sandstorm
|-heal|p1a: Gengar|69/100|[from] item: Leftovers
|-heal|p2a: Claydol|30/100|[from] item: Leftovers
|upkeep
|turn|53
|
|t:|1731098911
|move|p1a: Gengar|Ice Punch|p2a: Claydol
|-supereffective|p2a: Claydol
|-damage|p2a: Claydol|0 fnt
|faint|p2a: Claydol
|
|t:|1731098913
|switch|p2a: Blissey|Blissey, F|41/100
|-damage|p2a: Blissey|25/100|[from] Spikes
|
|-weather|Sandstorm|[upkeep]
|-damage|p1a: Gengar|63/100|[from] Sandstorm
|-damage|p2a: Blissey|18/100|[from] Sandstorm
|-heal|p1a: Gengar|69/100|[from] item: Leftovers
|-heal|p2a: Blissey|25/100|[from] item: Leftovers
|upkeep
|turn|54
|
|t:|1731098924
|move|p1a: Gengar|Explosion|p2a: Blissey
|-damage|p2a: Blissey|0 fnt
|faint|p1a: Gengar
|faint|p2a: Blissey
|
|t:|1731098929
|switch|p1a: Starmie|Starmie|38/100
|switch|p2a: Suicune|Suicune|51/100 tox
|-damage|p1a: Starmie|26/100|[from] Spikes
|-damage|p2a: Suicune|34/100 tox|[from] Spikes
|
|-weather|Sandstorm|[upkeep]
|-damage|p1a: Starmie|20/100|[from] Sandstorm
|-damage|p2a: Suicune|28/100 tox|[from] Sandstorm
|-heal|p1a: Starmie|26/100|[from] item: Leftovers
|-heal|p2a: Suicune|34/100 tox|[from] item: Leftovers
|-damage|p2a: Suicune|28/100 tox|[from] psn
|upkeep
|turn|55
|
|t:|1731098932
|move|p1a: Starmie|Thunderbolt|p2a: Suicune
|-supereffective|p2a: Suicune
|-damage|p2a: Suicune|0 fnt
|faint|p2a: Suicune
|
|win|EpiclyEpicGamerW

</script>
<script type="application/json" class="data" id="replaydata-smogtours-gen3ou-805285">
{"id":"smogtours-gen3ou-805285","format":"[Gen 3] OU","players":["EpiclyEpicGamerW","adv pride"],"uploadtime":1731098932,"views":34,"formatid":"gen3ou","rating":null,"private":0,"password":null}
</script>

<script defer src="js/replays.js?9d40a366"></script>
