<!DOCTYPE html>
<meta charset="utf-8" />
<meta name="viewport" content="width=device-width" />

<title>[Gen 3] OU: oopsalldeoxys vs. Promeathean0056 - Replays - Pok&eacute;mon Showdown!</title>

<meta name="description" content="Watch a replay of a Pok&eacute;mon battle between oopsalldeoxys and Promeathean0056! Format: [Gen 3] OU; Date: Oct 2, 2024" />
<!--

Hey, you! Looking in the source for the replay log?

You can find them in JSON format, just add `.json` at the end of a replay URL.

https://replay.pokemonshowdown.com/gen7randomdoublesbattle-865046831.json

Or, if you only need the log itself, add `.log` instead:

https://replay.pokemonshowdown.com/gen7randomdoublesbattle-865046831.log

-->

<link rel="stylesheet" href="//pokemonshowdown.com/style/global.css?0.023195364461161105" />
<link rel="stylesheet" href="//play.pokemonshowdown.com/style/font-awesome.css?0.13261647063804238" />
<link rel="stylesheet" href="//play.pokemonshowdown.com/style/battle.css?0.8753245789963631" />
<link rel="stylesheet" href="//play.pokemonshowdown.com/style/utilichart.css?0.8627959624976733" />

<!-- Global site tag (gtag.js) - Google Analytics -->
<script async src="https://www.googletagmanager.com/gtag/js?id=UA-26211653-1"></script>
<script>
  window.dataLayer = window.dataLayer || [];
  function gtag(){dataLayer.push(arguments);}
  gtag('js', new Date());

  gtag('config', 'UA-26211653-1');
</script>
<!-- End Google Analytics -->
<!-- Venatus Ad Manager - Install in <HEAD> of page -->
	<script src="https://hb.vntsm.com/v3/live/ad-manager.min.js" type="text/javascript" data-site-id="642aba63ec9a7b11c3c9c1be" data-mode="scan" async></script>
<!-- / Venatus Ad Manager -->

<style>
	@media (max-width:820px) {
		.battle {
			margin: 0 auto;
		}
		.battle-log {
			margin: 7px auto 0;
			max-width: 640px;
			height: 300px;
			position: static;
		}
	}
	.optgroup {
		display: inline-block;
		line-height: 22px;
		font-size: 10pt;
	}
	.optgroup .button {
		height: 25px;
		padding-top: 0;
		padding-bottom: 0;
	}
	.optgroup button.button {
		padding-left: 12px;
		padding-right: 12px;
	}
	.linklist {
		list-style: none;
		margin: 0.5em 0;
		padding: 0;
	}
	.linklist li {
		padding: 2px 0;
	}
	.sidebar {
		float: left;
		width: 320px;
	}
	.bar-wrapper {
		max-width: 1100px;
		margin: 0 auto;
	}
	.bar-wrapper.has-sidebar {
		max-width: 1430px;
	}
	.mainbar {
		margin: 0;
		padding-right: 1px;
	}
	.mainbar.has-sidebar {
		margin-left: 330px;
	}
	@media (min-width: 1511px) {
		.sidebar {
			width: 400px;
		}
		.bar-wrapper.has-sidebar {
			max-width: 1510px;
		}
		.mainbar.has-sidebar {
			margin-left: 410px;
		}
	}
	.section.first-section {
		margin-top: 9px;
	}
	.blocklink small {
		white-space: normal;
	}
	.button {
		vertical-align: middle;
	}
	.replay-controls {
		padding-top: 10px;
	}
	.replay-controls h1 {
		font-size: 16pt;
		font-weight: normal;
		color: #CCC;
	}
	.pagelink {
		text-align: center;
	}
	.pagelink a {
		width: 150px;
	}
	.textbox, .button {
		font-size: 11pt;
		vertical-align: middle;
	}
	@media (max-width: 450px) {
		.button {
			font-size: 9pt;
		}
	}
</style>

<div>

	<header>
		<div class="nav-wrapper"><ul class="nav">
			<li><a class="button nav-first" href="//pokemonshowdown.com/"><img src="//pokemonshowdown.com/images/pokemonshowdownbeta.png" srcset="//pokemonshowdown.com/images/pokemonshowdownbeta.png 1x, //pokemonshowdown.com/images/pokemonshowdownbeta@2x.png 2x" alt="Pok&eacute;mon Showdown" width="146" height="44" /> Home</a></li>
			<li><a class="button" href="//pokemonshowdown.com/dex/">Pok&eacute;dex</a></li>
			<li><a class="button cur" href="/">Replays</a></li>
			<li><a class="button" href="//pokemonshowdown.com/ladder/">Ladder</a></li>
			<li><a class="button nav-last" href="//pokemonshowdown.com/forums/">Forum</a></li>
			<li><a class="button greenbutton nav-first nav-last" href="//play.pokemonshowdown.com/">Play</a></li>
		</ul></div>
	</header>

	<div class="main" id="main">

		<noscript><section class="section">You need to enable JavaScript to use this page; sorry!</section></noscript>

	</div>

</div>

<script defer nomodule src="//play.pokemonshowdown.com/js/lib/ps-polyfill.js"></script>
<script defer src="//play.pokemonshowdown.com/js/lib/preact.min.js"></script>

<script defer src="//play.pokemonshowdown.com/config/config.js?2bddbc15"></script>
<script defer src="//play.pokemonshowdown.com/js/lib/jquery-1.11.0.min.js"></script>
<script defer src="//play.pokemonshowdown.com/js/lib/html-sanitizer-minified.js"></script>
<script defer src="//play.pokemonshowdown.com/js/battle-sound.js"></script>
<script defer src="//play.pokemonshowdown.com/js/battledata.js?0.7209276989879541"></script>
<script defer src="//play.pokemonshowdown.com/data/pokedex-mini.js?0.6111056340867951"></script>
<script defer src="//play.pokemonshowdown.com/data/pokedex-mini-bw.js?0.3532142036491459"></script>
<script defer src="//play.pokemonshowdown.com/data/graphics.js?0.24223875632456182"></script>
<script defer src="//play.pokemonshowdown.com/data/pokedex.js?0.38839984266356864"></script>
<script defer src="//play.pokemonshowdown.com/data/moves.js?0.21866028504024015"></script>
<script defer src="//play.pokemonshowdown.com/data/abilities.js?0.2005157953846628"></script>
<script defer src="//play.pokemonshowdown.com/data/items.js?0.9894211263848525"></script>
<script defer src="//play.pokemonshowdown.com/data/teambuilder-tables.js?0.6008791140282215"></script>
<script defer src="//play.pokemonshowdown.com/js/battle-tooltips.js?0.7580118955022959"></script>
<script defer src="//play.pokemonshowdown.com/js/battle.js?0.6057722274234274"></script>

<script defer src="js/utils.js?e31f9a17"></script>
<script defer src="js/replays-battle.js?7008c182"></script>

<!-- don't scrape this data! just add .json or .log after the URL!
Full API docs: https://github.com/smogon/pokemon-showdown-client/blob/master/WEB-API.md -->
<script type="text/plain" class="log" id="replaylog-smogtours-gen3ou-794104">
|inactive|Battle timer is ON: inactive players will automatically lose when time's up.
|t:|1727907116
|gametype|singles
|player|p1|oopsalldeoxys|265|
|player|p2|Promeathean0056|266|
|teamsize|p1|6
|teamsize|p2|6
|gen|3
|tier|[Gen 3] OU
|rule|Sleep Clause Mod: Limit one foe put to sleep
|rule|Switch Priority Clause Mod: Faster Pokémon switch first
|rule|Species Clause: Limit one of each Pokémon
|rule|OHKO Clause: OHKO moves are banned
|rule|Evasion Items Clause: Evasion items are banned
|rule|Evasion Moves Clause: Evasion moves are banned
|rule|Endless Battle Clause: Forcing endless battles is banned
|rule|HP Percentage Mod: HP is shown in percentages
|rule|One Boost Passer Clause: Limit one Baton Passer that has a way to boost its stats
|rule|Freeze Clause Mod: Limit one foe frozen
|
|t:|1727907116
|start
|switch|p1a: Meat Grinder|Tyranitar, M, shiny|100/100
|switch|p2a: Suicune|Suicune|100/100
|-weather|Sandstorm|[from] ability: Sand Stream|[of] p1a: Meat Grinder
|turn|1
|
|t:|1727907142
|switch|p1a: Money Folder|Celebi|100/100
|move|p2a: Suicune|Hydro Pump|p1a: Money Folder
|-resisted|p1a: Money Folder
|-damage|p1a: Money Folder|77/100
|
|-weather|Sandstorm|[upkeep]
|-damage|p1a: Money Folder|71/100|[from] Sandstorm
|-damage|p2a: Suicune|94/100|[from] Sandstorm
|-heal|p1a: Money Folder|77/100|[from] item: Leftovers
|-heal|p2a: Suicune|100/100|[from] item: Leftovers
|upkeep
|turn|2
|
|t:|1727907169
|switch|p2a: Metagross|Metagross|100/100
|move|p1a: Money Folder|Calm Mind|p1a: Money Folder
|-boost|p1a: Money Folder|spa|1
|-boost|p1a: Money Folder|spd|1
|
|-weather|Sandstorm|[upkeep]
|-damage|p1a: Money Folder|71/100|[from] Sandstorm
|-heal|p1a: Money Folder|77/100|[from] item: Leftovers
|upkeep
|turn|3
|
|t:|1727907182
|move|p1a: Money Folder|Baton Pass|p1a: Money Folder
|
|t:|1727907183
|switch|p1a: Accordian|Skarmory, M|100/100|[from] Baton Pass
|move|p2a: Metagross|Meteor Mash|p1a: Accordian
|-resisted|p1a: Accordian
|-damage|p1a: Accordian|68/100
|
|-weather|Sandstorm|[upkeep]
|-heal|p1a: Accordian|74/100|[from] item: Leftovers
|upkeep
|turn|4
|
|t:|1727907191
|switch|p2a: Magneton|Magneton|100/100
|move|p1a: Accordian|Spikes|p2a: Magneton
|-sidestart|p2: Promeathean0056|Spikes
|
|-weather|Sandstorm|[upkeep]
|-heal|p1a: Accordian|80/100|[from] item: Leftovers
|upkeep
|turn|5
|
|t:|1727907198
|move|p2a: Magneton|Thunderbolt|p1a: Accordian
|-supereffective|p1a: Accordian
|-damage|p1a: Accordian|10/100
|-status|p1a: Accordian|par
|move|p1a: Accordian|Roar|p2a: Magneton
|drag|p2a: Snorlax|Snorlax, F|100/100
|-damage|p2a: Snorlax|88/100|[from] Spikes
|
|-weather|Sandstorm|[upkeep]
|-damage|p2a: Snorlax|82/100|[from] Sandstorm
|-heal|p2a: Snorlax|88/100|[from] item: Leftovers
|-heal|p1a: Accordian|16/100 par|[from] item: Leftovers
|upkeep
|turn|6
|
|t:|1727907215
|move|p2a: Snorlax|Body Slam|p1a: Accordian
|-resisted|p1a: Accordian
|-damage|p1a: Accordian|0 fnt
|faint|p1a: Accordian
|
|t:|1727907219
|switch|p1a: All Caps|Metagross, shiny|100/100
|
|-weather|Sandstorm|[upkeep]
|-damage|p2a: Snorlax|82/100|[from] Sandstorm
|-heal|p2a: Snorlax|88/100|[from] item: Leftovers
|upkeep
|turn|7
|
|t:|1727907232
|move|p1a: All Caps|Earthquake|p2a: Snorlax
|-damage|p2a: Snorlax|64/100
|move|p2a: Snorlax|Earthquake|p1a: All Caps
|-supereffective|p1a: All Caps
|-damage|p1a: All Caps|51/100
|
|-weather|Sandstorm|[upkeep]
|-damage|p2a: Snorlax|57/100|[from] Sandstorm
|-heal|p1a: All Caps|57/100|[from] item: Leftovers
|-heal|p2a: Snorlax|64/100|[from] item: Leftovers
|upkeep
|turn|8
|
|t:|1727907244
|switch|p1a: Money Folder|Celebi|77/100
|move|p2a: Snorlax|Earthquake|p1a: Money Folder
|-resisted|p1a: Money Folder
|-damage|p1a: Money Folder|62/100
|
|-weather|Sandstorm|[upkeep]
|-damage|p1a: Money Folder|56/100|[from] Sandstorm
|-damage|p2a: Snorlax|57/100|[from] Sandstorm
|-heal|p1a: Money Folder|62/100|[from] item: Leftovers
|-heal|p2a: Snorlax|64/100|[from] item: Leftovers
|upkeep
|turn|9
|
|t:|1727907255
|switch|p1a: Meat Grinder|Tyranitar, M, shiny|100/100
|move|p2a: Snorlax|Self-Destruct|p1a: Meat Grinder
|-resisted|p1a: Meat Grinder
|-crit|p1a: Meat Grinder
|-damage|p1a: Meat Grinder|0 fnt
|faint|p2a: Snorlax
|faint|p1a: Meat Grinder
|c|☆Promeathean0056|WOW
|c|☆Promeathean0056|mb
|c|☆oopsalldeoxys|idt it mattered?
|c|☆oopsalldeoxys|idk
|inactive|Promeathean0056 has 270 seconds left.
|c|☆Promeathean0056|looking it over not really
|
|t:|1727907299
|switch|p1a: Money Folder|Celebi|62/100
|switch|p2a: Salamence|Salamence, F|100/100
|-ability|p2a: Salamence|Intimidate|boost
|-unboost|p1a: Money Folder|atk|1
|
|-weather|Sandstorm|[upkeep]
|-damage|p2a: Salamence|94/100|[from] Sandstorm
|-damage|p1a: Money Folder|56/100|[from] Sandstorm
|-heal|p2a: Salamence|100/100|[from] item: Leftovers
|-heal|p1a: Money Folder|62/100|[from] item: Leftovers
|upkeep
|turn|10
|inactive|oopsalldeoxys has 270 seconds left.
|
|t:|1727907332
|switch|p1a: Rainbow|Charizard, M, shiny|100/100
|move|p2a: Salamence|Fire Blast|p1a: Rainbow
|-resisted|p1a: Rainbow
|-damage|p1a: Rainbow|72/100
|
|-weather|Sandstorm|[upkeep]
|-damage|p1a: Rainbow|66/100|[from] Sandstorm
|-damage|p2a: Salamence|94/100|[from] Sandstorm
|-heal|p1a: Rainbow|72/100|[from] item: Leftovers
|-heal|p2a: Salamence|100/100|[from] item: Leftovers
|upkeep
|turn|11
|
|t:|1727907355
|switch|p2a: Suicune|Suicune|100/100
|-damage|p2a: Suicune|88/100|[from] Spikes
|move|p1a: Rainbow|Hidden Power|p2a: Suicune
|-resisted|p2a: Suicune
|-damage|p2a: Suicune|80/100
|
|-weather|Sandstorm|[upkeep]
|-damage|p1a: Rainbow|66/100|[from] Sandstorm
|-damage|p2a: Suicune|74/100|[from] Sandstorm
|-heal|p1a: Rainbow|72/100|[from] item: Leftovers
|-heal|p2a: Suicune|80/100|[from] item: Leftovers
|upkeep
|turn|12
|
|t:|1727907366
|switch|p1a: Money Folder|Celebi|62/100
|move|p2a: Suicune|Calm Mind|p2a: Suicune
|-boost|p2a: Suicune|spa|1
|-boost|p2a: Suicune|spd|1
|
|-weather|Sandstorm|[upkeep]
|-damage|p1a: Money Folder|56/100|[from] Sandstorm
|-damage|p2a: Suicune|74/100|[from] Sandstorm
|-heal|p1a: Money Folder|62/100|[from] item: Leftovers
|-heal|p2a: Suicune|80/100|[from] item: Leftovers
|upkeep
|turn|13
|inactive|oopsalldeoxys has 270 seconds left.
|
|t:|1727907401
|move|p1a: Money Folder|Calm Mind|p1a: Money Folder
|-boost|p1a: Money Folder|spa|1
|-boost|p1a: Money Folder|spd|1
|move|p2a: Suicune|Ice Beam|p1a: Money Folder
|-supereffective|p1a: Money Folder
|-damage|p1a: Money Folder|12/100
|
|-weather|Sandstorm|[upkeep]
|-damage|p1a: Money Folder|6/100|[from] Sandstorm
|-damage|p2a: Suicune|74/100|[from] Sandstorm
|-heal|p1a: Money Folder|12/100|[from] item: Leftovers
|-heal|p2a: Suicune|80/100|[from] item: Leftovers
|upkeep
|turn|14
|
|t:|1727907411
|move|p1a: Money Folder|Giga Drain|p2a: Suicune
|-supereffective|p2a: Suicune
|-damage|p2a: Suicune|42/100
|-heal|p1a: Money Folder|29/100|[from] drain|[of] p2a: Suicune
|move|p2a: Suicune|Roar|p1a: Money Folder
|drag|p1a: Rainbow|Charizard, M, shiny|72/100
|
|-weather|Sandstorm|[upkeep]
|-damage|p1a: Rainbow|66/100|[from] Sandstorm
|-damage|p2a: Suicune|36/100|[from] Sandstorm
|-heal|p1a: Rainbow|72/100|[from] item: Leftovers
|-heal|p2a: Suicune|42/100|[from] item: Leftovers
|upkeep
|turn|15
|
|t:|1727907433
|switch|p1a: Money Folder|Celebi|29/100
|move|p2a: Suicune|Calm Mind|p2a: Suicune
|-boost|p2a: Suicune|spa|1
|-boost|p2a: Suicune|spd|1
|
|-weather|Sandstorm|[upkeep]
|-damage|p1a: Money Folder|23/100|[from] Sandstorm
|-damage|p2a: Suicune|36/100|[from] Sandstorm
|-heal|p1a: Money Folder|29/100|[from] item: Leftovers
|-heal|p2a: Suicune|42/100|[from] item: Leftovers
|upkeep
|turn|16
|
|t:|1727907443
|move|p1a: Money Folder|Giga Drain|p2a: Suicune
|-supereffective|p2a: Suicune
|-damage|p2a: Suicune|20/100
|-heal|p1a: Money Folder|39/100|[from] drain|[of] p2a: Suicune
|move|p2a: Suicune|Ice Beam|p1a: Money Folder
|-supereffective|p1a: Money Folder
|-damage|p1a: Money Folder|0 fnt
|faint|p1a: Money Folder
|
|t:|1727907456
|switch|p1a: All Caps|Metagross, shiny|57/100
|
|-weather|Sandstorm|[upkeep]
|-damage|p2a: Suicune|14/100|[from] Sandstorm
|-heal|p2a: Suicune|20/100|[from] item: Leftovers
|-heal|p1a: All Caps|63/100|[from] item: Leftovers
|upkeep
|turn|17
|
|t:|1727907468
|move|p2a: Suicune|Hydro Pump|p1a: All Caps|[miss]
|-miss|p2a: Suicune|p1a: All Caps
|move|p1a: All Caps|Earthquake|p2a: Suicune
|-damage|p2a: Suicune|0 fnt
|faint|p2a: Suicune
|inactive|Promeathean0056 has 240 seconds left.
|
|t:|1727907497
|switch|p2a: Magneton|Magneton|100/100
|-damage|p2a: Magneton|88/100|[from] Spikes
|
|-weather|Sandstorm|[upkeep]
|-heal|p1a: All Caps|69/100|[from] item: Leftovers
|upkeep
|turn|18
|inactive|Promeathean0056 has 240 seconds left.
|
|t:|1727907503
|move|p2a: Magneton|Hidden Power|p1a: All Caps
|-supereffective|p1a: All Caps
|-damage|p1a: All Caps|15/100
|move|p1a: All Caps|Earthquake|p2a: Magneton
|-supereffective|p2a: Magneton
|-damage|p2a: Magneton|0 fnt
|faint|p2a: Magneton
|inactive|Promeathean0056 has 240 seconds left.
|
|t:|1727907516
|switch|p2a: Heracross|Heracross, F|100/100
|-damage|p2a: Heracross|88/100|[from] Spikes
|
|-weather|Sandstorm|[upkeep]
|-damage|p2a: Heracross|82/100|[from] Sandstorm
|-heal|p1a: All Caps|21/100|[from] item: Leftovers
|upkeep
|turn|19
|inactive|Promeathean0056 has 240 seconds left.
|
|t:|1727907523
|move|p2a: Heracross|Substitute|p2a: Heracross
|-start|p2a: Heracross|Substitute
|-damage|p2a: Heracross|57/100
|move|p1a: All Caps|Explosion|p2a: Heracross
|-end|p2a: Heracross|Substitute
|faint|p1a: All Caps
|
|t:|1727907525
|switch|p1a: Rainbow|Charizard, M, shiny|72/100
|
|-weather|Sandstorm|[upkeep]
|-damage|p1a: Rainbow|66/100|[from] Sandstorm
|-damage|p2a: Heracross|51/100|[from] Sandstorm
|-heal|p1a: Rainbow|72/100|[from] item: Leftovers
|upkeep
|turn|20
|
|t:|1727907536
|switch|p2a: Salamence|Salamence, F|100/100
|-ability|p2a: Salamence|Intimidate|boost
|-unboost|p1a: Rainbow|atk|1
|move|p1a: Rainbow|Fire Blast|p2a: Salamence
|-resisted|p2a: Salamence
|-damage|p2a: Salamence|65/100
|
|-weather|Sandstorm|[upkeep]
|-damage|p1a: Rainbow|66/100|[from] Sandstorm
|-damage|p2a: Salamence|59/100|[from] Sandstorm
|-heal|p1a: Rainbow|72/100|[from] item: Leftovers
|-heal|p2a: Salamence|65/100|[from] item: Leftovers
|upkeep
|turn|21
|
|t:|1727907548
|move|p1a: Rainbow|Hidden Power|p2a: Salamence
|-supereffective|p2a: Salamence
|-damage|p2a: Salamence|0 fnt
|faint|p2a: Salamence
|
|t:|1727907557
|switch|p2a: Metagross|Metagross|100/100
|-damage|p2a: Metagross|88/100|[from] Spikes
|
|-weather|Sandstorm|[upkeep]
|-damage|p1a: Rainbow|66/100|[from] Sandstorm
|-heal|p1a: Rainbow|72/100|[from] item: Leftovers
|upkeep
|turn|22
|
|t:|1727907568
|move|p1a: Rainbow|Fire Blast|p2a: Metagross
|-supereffective|p2a: Metagross
|-damage|p2a: Metagross|0 fnt
|faint|p2a: Metagross
|
|t:|1727907573
|switch|p2a: Heracross|Heracross, F|51/100
|-damage|p2a: Heracross|39/100|[from] Spikes
|
|-weather|Sandstorm|[upkeep]
|-damage|p1a: Rainbow|66/100|[from] Sandstorm
|-damage|p2a: Heracross|33/100|[from] Sandstorm
|-heal|p1a: Rainbow|72/100|[from] item: Leftovers
|upkeep
|turn|23
|
|t:|1727907580
|move|p1a: Rainbow|Fire Blast|p2a: Heracross
|-supereffective|p2a: Heracross
|-damage|p2a: Heracross|0 fnt
|faint|p2a: Heracross
|
|win|oopsalldeoxys
|c|☆Promeathean0056|gg
|c|☆oopsalldeoxys|gg

</script>
<script type="application/json" class="data" id="replaydata-smogtours-gen3ou-794104">
{"id":"smogtours-gen3ou-794104","format":"[Gen 3] OU","players":["oopsalldeoxys","Promeathean0056"],"uploadtime":1727907580,"views":127,"formatid":"gen3ou","rating":null,"private":0,"password":null}
</script>

<script defer src="js/replays.js?9d40a366"></script>
