<!DOCTYPE html>
<meta charset="utf-8" />
<meta name="viewport" content="width=device-width" />

<title>[Gen 3] OU: TefoShark vs. Big_Squatto - Replays - Pok&eacute;mon Showdown!</title>

<meta name="description" content="Watch a replay of a Pok&eacute;mon battle between TefoShark and Big_Squatto! Format: [Gen 3] OU; Date: Oct 8, 2024" />
<!--

Hey, you! Looking in the source for the replay log?

You can find them in JSON format, just add `.json` at the end of a replay URL.

https://replay.pokemonshowdown.com/gen7randomdoublesbattle-865046831.json

Or, if you only need the log itself, add `.log` instead:

https://replay.pokemonshowdown.com/gen7randomdoublesbattle-865046831.log

-->

<link rel="stylesheet" href="//pokemonshowdown.com/style/global.css?0.023195364461161105" />
<link rel="stylesheet" href="//play.pokemonshowdown.com/style/font-awesome.css?0.13261647063804238" />
<link rel="stylesheet" href="//play.pokemonshowdown.com/style/battle.css?0.8753245789963631" />
<link rel="stylesheet" href="//play.pokemonshowdown.com/style/utilichart.css?0.8627959624976733" />

<!-- Global site tag (gtag.js) - Google Analytics -->
<script async src="https://www.googletagmanager.com/gtag/js?id=UA-26211653-1"></script>
<script>
  window.dataLayer = window.dataLayer || [];
  function gtag(){dataLayer.push(arguments);}
  gtag('js', new Date());

  gtag('config', 'UA-26211653-1');
</script>
<!-- End Google Analytics -->
<!-- Venatus Ad Manager - Install in <HEAD> of page -->
	<script src="https://hb.vntsm.com/v3/live/ad-manager.min.js" type="text/javascript" data-site-id="642aba63ec9a7b11c3c9c1be" data-mode="scan" async></script>
<!-- / Venatus Ad Manager -->

<style>
	@media (max-width:820px) {
		.battle {
			margin: 0 auto;
		}
		.battle-log {
			margin: 7px auto 0;
			max-width: 640px;
			height: 300px;
			position: static;
		}
	}
	.optgroup {
		display: inline-block;
		line-height: 22px;
		font-size: 10pt;
	}
	.optgroup .button {
		height: 25px;
		padding-top: 0;
		padding-bottom: 0;
	}
	.optgroup button.button {
		padding-left: 12px;
		padding-right: 12px;
	}
	.linklist {
		list-style: none;
		margin: 0.5em 0;
		padding: 0;
	}
	.linklist li {
		padding: 2px 0;
	}
	.sidebar {
		float: left;
		width: 320px;
	}
	.bar-wrapper {
		max-width: 1100px;
		margin: 0 auto;
	}
	.bar-wrapper.has-sidebar {
		max-width: 1430px;
	}
	.mainbar {
		margin: 0;
		padding-right: 1px;
	}
	.mainbar.has-sidebar {
		margin-left: 330px;
	}
	@media (min-width: 1511px) {
		.sidebar {
			width: 400px;
		}
		.bar-wrapper.has-sidebar {
			max-width: 1510px;
		}
		.mainbar.has-sidebar {
			margin-left: 410px;
		}
	}
	.section.first-section {
		margin-top: 9px;
	}
	.blocklink small {
		white-space: normal;
	}
	.button {
		vertical-align: middle;
	}
	.replay-controls {
		padding-top: 10px;
	}
	.replay-controls h1 {
		font-size: 16pt;
		font-weight: normal;
		color: #CCC;
	}
	.pagelink {
		text-align: center;
	}
	.pagelink a {
		width: 150px;
	}
	.textbox, .button {
		font-size: 11pt;
		vertical-align: middle;
	}
	@media (max-width: 450px) {
		.button {
			font-size: 9pt;
		}
	}
</style>

<div>

	<header>
		<div class="nav-wrapper"><ul class="nav">
			<li><a class="button nav-first" href="//pokemonshowdown.com/"><img src="//pokemonshowdown.com/images/pokemonshowdownbeta.png" srcset="//pokemonshowdown.com/images/pokemonshowdownbeta.png 1x, //pokemonshowdown.com/images/pokemonshowdownbeta@2x.png 2x" alt="Pok&eacute;mon Showdown" width="146" height="44" /> Home</a></li>
			<li><a class="button" href="//pokemonshowdown.com/dex/">Pok&eacute;dex</a></li>
			<li><a class="button cur" href="/">Replays</a></li>
			<li><a class="button" href="//pokemonshowdown.com/ladder/">Ladder</a></li>
			<li><a class="button nav-last" href="//pokemonshowdown.com/forums/">Forum</a></li>
			<li><a class="button greenbutton nav-first nav-last" href="//play.pokemonshowdown.com/">Play</a></li>
		</ul></div>
	</header>

	<div class="main" id="main">

		<noscript><section class="section">You need to enable JavaScript to use this page; sorry!</section></noscript>

	</div>

</div>

<script defer nomodule src="//play.pokemonshowdown.com/js/lib/ps-polyfill.js"></script>
<script defer src="//play.pokemonshowdown.com/js/lib/preact.min.js"></script>

<script defer src="//play.pokemonshowdown.com/config/config.js?2bddbc15"></script>
<script defer src="//play.pokemonshowdown.com/js/lib/jquery-1.11.0.min.js"></script>
<script defer src="//play.pokemonshowdown.com/js/lib/html-sanitizer-minified.js"></script>
<script defer src="//play.pokemonshowdown.com/js/battle-sound.js"></script>
<script defer src="//play.pokemonshowdown.com/js/battledata.js?0.7209276989879541"></script>
<script defer src="//play.pokemonshowdown.com/data/pokedex-mini.js?0.6111056340867951"></script>
<script defer src="//play.pokemonshowdown.com/data/pokedex-mini-bw.js?0.3532142036491459"></script>
<script defer src="//play.pokemonshowdown.com/data/graphics.js?0.24223875632456182"></script>
<script defer src="//play.pokemonshowdown.com/data/pokedex.js?0.38839984266356864"></script>
<script defer src="//play.pokemonshowdown.com/data/moves.js?0.21866028504024015"></script>
<script defer src="//play.pokemonshowdown.com/data/abilities.js?0.2005157953846628"></script>
<script defer src="//play.pokemonshowdown.com/data/items.js?0.9894211263848525"></script>
<script defer src="//play.pokemonshowdown.com/data/teambuilder-tables.js?0.6008791140282215"></script>
<script defer src="//play.pokemonshowdown.com/js/battle-tooltips.js?0.7580118955022959"></script>
<script defer src="//play.pokemonshowdown.com/js/battle.js?0.6057722274234274"></script>

<script defer src="js/utils.js?e31f9a17"></script>
<script defer src="js/replays-battle.js?7008c182"></script>

<!-- don't scrape this data! just add .json or .log after the URL!
Full API docs: https://github.com/smogon/pokemon-showdown-client/blob/master/WEB-API.md -->
<script type="text/plain" class="log" id="replaylog-smogtours-gen3ou-796307">
|inactive|Battle timer is ON: inactive players will automatically lose when time's up.
|t:|1728350604
|gametype|singles
|player|p1|TefoShark|acetrainer|
|player|p2|Big_Squatto|barry|
|teamsize|p1|6
|teamsize|p2|6
|gen|3
|tier|[Gen 3] OU
|rule|Sleep Clause Mod: Limit one foe put to sleep
|rule|Switch Priority Clause Mod: Faster Pokémon switch first
|rule|Species Clause: Limit one of each Pokémon
|rule|OHKO Clause: OHKO moves are banned
|rule|Evasion Items Clause: Evasion items are banned
|rule|Evasion Moves Clause: Evasion moves are banned
|rule|Endless Battle Clause: Forcing endless battles is banned
|rule|HP Percentage Mod: HP is shown in percentages
|rule|One Boost Passer Clause: Limit one Baton Passer that has a way to boost its stats
|rule|Freeze Clause Mod: Limit one foe frozen
|
|t:|1728350604
|start
|switch|p1a: Skarmory|Skarmory, M|100/100
|switch|p2a: Zapdos|Zapdos|100/100
|turn|1
|
|t:|1728350610
|switch|p1a: Tyranitar|Tyranitar, F|100/100
|-weather|Sandstorm|[from] ability: Sand Stream|[of] p1a: Tyranitar
|move|p2a: Zapdos|Thunderbolt|p1a: Tyranitar
|-damage|p1a: Tyranitar|67/100
|
|-weather|Sandstorm|[upkeep]
|-damage|p2a: Zapdos|94/100|[from] Sandstorm
|-heal|p2a: Zapdos|100/100|[from] item: Leftovers
|-heal|p1a: Tyranitar|73/100|[from] item: Leftovers
|upkeep
|turn|2
|
|t:|1728350621
|switch|p2a: Flygon|Flygon, F|100/100
|move|p1a: Tyranitar|Rock Slide|p2a: Flygon
|-resisted|p2a: Flygon
|-damage|p2a: Flygon|82/100
|
|-weather|Sandstorm|[upkeep]
|-heal|p2a: Flygon|88/100|[from] item: Leftovers
|-heal|p1a: Tyranitar|79/100|[from] item: Leftovers
|upkeep
|turn|3
|
|t:|1728350632
|switch|p2a: Moltres|Moltres|100/100
|switch|p1a: Gengar|Gengar, M|100/100
|
|-weather|Sandstorm|[upkeep]
|-damage|p1a: Gengar|95/100|[from] Sandstorm
|-damage|p2a: Moltres|94/100|[from] Sandstorm
|-heal|p1a: Gengar|100/100|[from] item: Leftovers
|-heal|p2a: Moltres|100/100|[from] item: Leftovers
|upkeep
|turn|4
|
|t:|1728350644
|switch|p1a: Starmie|Starmie|100/100
|switch|p2a: Blissey|Blissey, F|100/100
|
|-weather|Sandstorm|[upkeep]
|-damage|p1a: Starmie|94/100|[from] Sandstorm
|-damage|p2a: Blissey|94/100|[from] Sandstorm
|-heal|p1a: Starmie|100/100|[from] item: Leftovers
|-heal|p2a: Blissey|100/100|[from] item: Leftovers
|upkeep
|turn|5
|
|t:|1728350653
|switch|p1a: Skarmory|Skarmory, M|100/100
|move|p2a: Blissey|Thunder Wave|p1a: Skarmory
|-status|p1a: Skarmory|par
|
|-weather|Sandstorm|[upkeep]
|-damage|p2a: Blissey|94/100|[from] Sandstorm
|-heal|p2a: Blissey|100/100|[from] item: Leftovers
|upkeep
|turn|6
|
|t:|1728350661
|switch|p2a: Skarmory|Skarmory, F|100/100
|move|p1a: Skarmory|Spikes|p2a: Skarmory
|-sidestart|p2: Big_Squatto|Spikes
|
|-weather|Sandstorm|[upkeep]
|upkeep
|turn|7
|
|t:|1728350667
|switch|p1a: Starmie|Starmie|100/100
|move|p2a: Skarmory|Spikes|p1a: Starmie
|-sidestart|p1: TefoShark|Spikes
|
|-weather|Sandstorm|[upkeep]
|-damage|p1a: Starmie|94/100|[from] Sandstorm
|-heal|p1a: Starmie|100/100|[from] item: Leftovers
|upkeep
|turn|8
|
|t:|1728350675
|switch|p2a: Zapdos|Zapdos|100/100
|move|p1a: Starmie|Thunderbolt|p2a: Zapdos
|-damage|p2a: Zapdos|80/100
|
|-weather|Sandstorm|[upkeep]
|-damage|p1a: Starmie|94/100|[from] Sandstorm
|-damage|p2a: Zapdos|74/100|[from] Sandstorm
|-heal|p1a: Starmie|100/100|[from] item: Leftovers
|-heal|p2a: Zapdos|80/100|[from] item: Leftovers
|upkeep
|turn|9
|
|t:|1728350685
|switch|p1a: Jolteon|Jolteon, F|100/100
|-damage|p1a: Jolteon|88/100|[from] Spikes
|move|p2a: Zapdos|Roar|p1a: Jolteon
|drag|p1a: Tyranitar|Tyranitar, F|79/100
|-damage|p1a: Tyranitar|67/100|[from] Spikes
|
|-weather|Sandstorm|[upkeep]
|-damage|p2a: Zapdos|74/100|[from] Sandstorm
|-heal|p2a: Zapdos|80/100|[from] item: Leftovers
|-heal|p1a: Tyranitar|73/100|[from] item: Leftovers
|upkeep
|turn|10
|
|t:|1728350698
|switch|p2a: Skarmory|Skarmory, F|100/100
|move|p1a: Tyranitar|Rock Slide|p2a: Skarmory
|-damage|p2a: Skarmory|68/100
|
|-weather|Sandstorm|[upkeep]
|-heal|p2a: Skarmory|74/100|[from] item: Leftovers
|-heal|p1a: Tyranitar|79/100|[from] item: Leftovers
|upkeep
|turn|11
|
|t:|1728350708
|switch|p1a: Jolteon|Jolteon, F|88/100
|-damage|p1a: Jolteon|75/100|[from] Spikes
|move|p2a: Skarmory|Protect||[still]
|-fail|p2a: Skarmory
|
|-weather|Sandstorm|[upkeep]
|-damage|p1a: Jolteon|69/100|[from] Sandstorm
|-heal|p1a: Jolteon|75/100|[from] item: Leftovers
|-heal|p2a: Skarmory|80/100|[from] item: Leftovers
|upkeep
|turn|12
|
|t:|1728350718
|switch|p2a: Blissey|Blissey, F|100/100
|-damage|p2a: Blissey|88/100|[from] Spikes
|move|p1a: Jolteon|Thunderbolt|p2a: Blissey
|-damage|p2a: Blissey|70/100
|
|-weather|Sandstorm|[upkeep]
|-damage|p1a: Jolteon|69/100|[from] Sandstorm
|-damage|p2a: Blissey|64/100|[from] Sandstorm
|-heal|p1a: Jolteon|75/100|[from] item: Leftovers
|-heal|p2a: Blissey|70/100|[from] item: Leftovers
|upkeep
|turn|13
|
|t:|1728350731
|switch|p1a: Metagross|Metagross|100/100
|-damage|p1a: Metagross|88/100|[from] Spikes
|move|p2a: Blissey|Ice Beam|p1a: Metagross
|-resisted|p1a: Metagross
|-damage|p1a: Metagross|75/100
|
|-weather|Sandstorm|[upkeep]
|-damage|p2a: Blissey|64/100|[from] Sandstorm
|-heal|p2a: Blissey|70/100|[from] item: Leftovers
|upkeep
|turn|14
|
|t:|1728350740
|switch|p2a: Skarmory|Skarmory, F|80/100
|move|p1a: Metagross|Rock Slide|p2a: Skarmory
|-damage|p2a: Skarmory|45/100
|
|-weather|Sandstorm|[upkeep]
|-heal|p2a: Skarmory|51/100|[from] item: Leftovers
|upkeep
|turn|15
|
|t:|1728350748
|move|p1a: Metagross|Rock Slide|p2a: Skarmory
|-damage|p2a: Skarmory|19/100
|cant|p2a: Skarmory|flinch
|
|-weather|Sandstorm|[upkeep]
|-heal|p2a: Skarmory|25/100|[from] item: Leftovers
|upkeep
|turn|16
|
|t:|1728350754
|move|p2a: Skarmory|Protect|p2a: Skarmory
|-singleturn|p2a: Skarmory|Protect
|move|p1a: Metagross|Rock Slide|p2a: Skarmory
|-activate|p2a: Skarmory|Protect
|
|-weather|Sandstorm|[upkeep]
|-heal|p2a: Skarmory|31/100|[from] item: Leftovers
|upkeep
|turn|17
|
|t:|1728350762
|switch|p2a: Flygon|Flygon, F|88/100
|move|p1a: Metagross|Rock Slide|p2a: Flygon
|-resisted|p2a: Flygon
|-damage|p2a: Flygon|71/100
|
|-weather|Sandstorm|[upkeep]
|-heal|p2a: Flygon|77/100|[from] item: Leftovers
|upkeep
|turn|18
|
|t:|1728350773
|switch|p1a: Gengar|Gengar, M|100/100
|move|p2a: Flygon|Rock Slide|p1a: Gengar
|-damage|p1a: Gengar|62/100
|
|-weather|Sandstorm|[upkeep]
|-damage|p1a: Gengar|57/100|[from] Sandstorm
|-heal|p1a: Gengar|62/100|[from] item: Leftovers
|-heal|p2a: Flygon|83/100|[from] item: Leftovers
|upkeep
|turn|19
|
|t:|1728350782
|move|p2a: Flygon|Protect|p2a: Flygon
|-singleturn|p2a: Flygon|Protect
|move|p1a: Gengar|Ice Punch|p2a: Flygon
|-activate|p2a: Flygon|Protect
|
|-weather|Sandstorm|[upkeep]
|-damage|p1a: Gengar|57/100|[from] Sandstorm
|-heal|p1a: Gengar|62/100|[from] item: Leftovers
|-heal|p2a: Flygon|89/100|[from] item: Leftovers
|upkeep
|turn|20
|
|t:|1728350799
|switch|p2a: Blissey|Blissey, F|70/100
|-damage|p2a: Blissey|58/100|[from] Spikes
|move|p1a: Gengar|Ice Punch|p2a: Blissey
|-damage|p2a: Blissey|48/100
|
|-weather|Sandstorm|[upkeep]
|-damage|p1a: Gengar|57/100|[from] Sandstorm
|-damage|p2a: Blissey|42/100|[from] Sandstorm
|-heal|p1a: Gengar|62/100|[from] item: Leftovers
|-heal|p2a: Blissey|48/100|[from] item: Leftovers
|upkeep
|turn|21
|inactive|Big_Squatto has 270 seconds left.
|
|t:|1728350839
|switch|p1a: Tyranitar|Tyranitar, F|79/100
|-damage|p1a: Tyranitar|67/100|[from] Spikes
|move|p2a: Blissey|Soft-Boiled|p2a: Blissey
|-heal|p2a: Blissey|98/100
|
|-weather|Sandstorm|[upkeep]
|-damage|p2a: Blissey|91/100|[from] Sandstorm
|-heal|p1a: Tyranitar|73/100|[from] item: Leftovers
|-heal|p2a: Blissey|98/100|[from] item: Leftovers
|upkeep
|turn|22
|
|t:|1728350849
|switch|p2a: Flygon|Flygon, F|89/100
|move|p1a: Tyranitar|Rock Slide|p2a: Flygon
|-resisted|p2a: Flygon
|-damage|p2a: Flygon|72/100
|
|-weather|Sandstorm|[upkeep]
|-heal|p2a: Flygon|78/100|[from] item: Leftovers
|-heal|p1a: Tyranitar|79/100|[from] item: Leftovers
|upkeep
|turn|23
|inactive|Big_Squatto has 270 seconds left.
|
|t:|1728350858
|switch|p1a: Skarmory|Skarmory, M|100/100 par
|move|p2a: Flygon|Earthquake|p1a: Skarmory
|-immune|p1a: Skarmory
|
|-weather|Sandstorm|[upkeep]
|-heal|p2a: Flygon|84/100|[from] item: Leftovers
|upkeep
|turn|24
|
|t:|1728350868
|switch|p2a: Skarmory|Skarmory, F|31/100
|switch|p1a: Gengar|Gengar, M|62/100
|
|-weather|Sandstorm|[upkeep]
|-damage|p1a: Gengar|57/100|[from] Sandstorm
|-heal|p1a: Gengar|62/100|[from] item: Leftovers
|-heal|p2a: Skarmory|37/100|[from] item: Leftovers
|upkeep
|turn|25
|
|t:|1728350876
|move|p2a: Skarmory|Protect|p2a: Skarmory
|-singleturn|p2a: Skarmory|Protect
|move|p1a: Gengar|Fire Punch|p2a: Skarmory
|-activate|p2a: Skarmory|Protect
|
|-weather|Sandstorm|[upkeep]
|-damage|p1a: Gengar|57/100|[from] Sandstorm
|-heal|p1a: Gengar|62/100|[from] item: Leftovers
|-heal|p2a: Skarmory|43/100|[from] item: Leftovers
|upkeep
|turn|26
|
|t:|1728350885
|switch|p2a: Zapdos|Zapdos|80/100
|move|p1a: Gengar|Fire Punch|p2a: Zapdos
|-damage|p2a: Zapdos|63/100
|
|-weather|Sandstorm|[upkeep]
|-damage|p1a: Gengar|57/100|[from] Sandstorm
|-damage|p2a: Zapdos|57/100|[from] Sandstorm
|-heal|p1a: Gengar|62/100|[from] item: Leftovers
|-heal|p2a: Zapdos|63/100|[from] item: Leftovers
|upkeep
|turn|27
|
|t:|1728350898
|move|p1a: Gengar|Ice Punch|p2a: Zapdos
|-supereffective|p2a: Zapdos
|-damage|p2a: Zapdos|29/100
|move|p2a: Zapdos|Thunderbolt|p1a: Gengar
|-damage|p1a: Gengar|0 fnt
|faint|p1a: Gengar
|
|t:|1728350907
|switch|p1a: Starmie|Starmie|100/100
|-damage|p1a: Starmie|88/100|[from] Spikes
|
|-weather|Sandstorm|[upkeep]
|-damage|p1a: Starmie|82/100|[from] Sandstorm
|-damage|p2a: Zapdos|23/100|[from] Sandstorm
|-heal|p1a: Starmie|88/100|[from] item: Leftovers
|-heal|p2a: Zapdos|29/100|[from] item: Leftovers
|upkeep
|turn|28
|
|t:|1728350914
|switch|p2a: Gengar|Gengar, F|100/100
|move|p1a: Starmie|Ice Beam|p2a: Gengar
|-damage|p2a: Gengar|70/100
|
|-weather|Sandstorm|[upkeep]
|-damage|p1a: Starmie|82/100|[from] Sandstorm
|-damage|p2a: Gengar|64/100|[from] Sandstorm
|-heal|p1a: Starmie|88/100|[from] item: Leftovers
|-heal|p2a: Gengar|70/100|[from] item: Leftovers
|upkeep
|turn|29
|
|t:|1728350925
|move|p1a: Starmie|Psychic|p2a: Gengar
|-supereffective|p2a: Gengar
|-damage|p2a: Gengar|0 fnt
|faint|p2a: Gengar
|
|t:|1728350931
|switch|p2a: Blissey|Blissey, F|98/100
|-damage|p2a: Blissey|85/100|[from] Spikes
|
|-weather|Sandstorm|[upkeep]
|-damage|p1a: Starmie|82/100|[from] Sandstorm
|-damage|p2a: Blissey|79/100|[from] Sandstorm
|-heal|p1a: Starmie|88/100|[from] item: Leftovers
|-heal|p2a: Blissey|85/100|[from] item: Leftovers
|upkeep
|turn|30
|
|t:|1728350941
|switch|p1a: Tyranitar|Tyranitar, F|79/100
|-damage|p1a: Tyranitar|67/100|[from] Spikes
|move|p2a: Blissey|Thunder Wave|p1a: Tyranitar
|-status|p1a: Tyranitar|par
|
|-weather|Sandstorm|[upkeep]
|-damage|p2a: Blissey|79/100|[from] Sandstorm
|-heal|p2a: Blissey|85/100|[from] item: Leftovers
|-heal|p1a: Tyranitar|73/100 par|[from] item: Leftovers
|upkeep
|turn|31
|
|t:|1728350951
|-singleturn|p1a: Tyranitar|move: Focus Punch
|switch|p2a: Flygon|Flygon, F|84/100
|move|p1a: Tyranitar|Focus Punch|p2a: Flygon
|-damage|p2a: Flygon|32/100
|
|-weather|Sandstorm|[upkeep]
|-heal|p2a: Flygon|38/100|[from] item: Leftovers
|-heal|p1a: Tyranitar|79/100 par|[from] item: Leftovers
|upkeep
|turn|32
|
|t:|1728350961
|switch|p1a: Skarmory|Skarmory, M|100/100 par
|move|p2a: Flygon|Earthquake|p1a: Skarmory
|-immune|p1a: Skarmory
|
|-weather|Sandstorm|[upkeep]
|-heal|p2a: Flygon|44/100|[from] item: Leftovers
|upkeep
|turn|33
|
|t:|1728350968
|switch|p2a: Skarmory|Skarmory, F|43/100
|cant|p1a: Skarmory|par
|
|-weather|Sandstorm|[upkeep]
|-heal|p2a: Skarmory|49/100|[from] item: Leftovers
|upkeep
|turn|34
|
|t:|1728350975
|switch|p1a: Jolteon|Jolteon, F|75/100
|-damage|p1a: Jolteon|63/100|[from] Spikes
|move|p2a: Skarmory|Toxic|p1a: Jolteon
|-status|p1a: Jolteon|tox
|
|-weather|Sandstorm|[upkeep]
|-damage|p1a: Jolteon|57/100 tox|[from] Sandstorm
|-heal|p1a: Jolteon|63/100 tox|[from] item: Leftovers
|-damage|p1a: Jolteon|57/100 tox|[from] psn
|-heal|p2a: Skarmory|55/100|[from] item: Leftovers
|upkeep
|turn|35
|
|t:|1728350985
|move|p2a: Skarmory|Protect|p2a: Skarmory
|-singleturn|p2a: Skarmory|Protect
|move|p1a: Jolteon|Thunderbolt|p2a: Skarmory
|-activate|p2a: Skarmory|Protect
|
|-weather|Sandstorm|[upkeep]
|-damage|p1a: Jolteon|50/100 tox|[from] Sandstorm
|-heal|p1a: Jolteon|57/100 tox|[from] item: Leftovers
|-damage|p1a: Jolteon|44/100 tox|[from] psn
|-heal|p2a: Skarmory|61/100|[from] item: Leftovers
|upkeep
|turn|36
|
|t:|1728351001
|switch|p2a: Flygon|Flygon, F|44/100
|move|p1a: Jolteon|Baton Pass|p1a: Jolteon
|
|t:|1728351009
|switch|p1a: Starmie|Starmie|88/100|[from] Baton Pass
|-damage|p1a: Starmie|76/100|[from] Spikes
|
|-weather|Sandstorm|[upkeep]
|-damage|p1a: Starmie|70/100|[from] Sandstorm
|-heal|p1a: Starmie|76/100|[from] item: Leftovers
|-heal|p2a: Flygon|50/100|[from] item: Leftovers
|upkeep
|turn|37
|
|t:|1728351017
|move|p2a: Flygon|Protect|p2a: Flygon
|-singleturn|p2a: Flygon|Protect
|move|p1a: Starmie|Ice Beam|p2a: Flygon
|-activate|p2a: Flygon|Protect
|
|-weather|Sandstorm|[upkeep]
|-damage|p1a: Starmie|70/100|[from] Sandstorm
|-heal|p1a: Starmie|76/100|[from] item: Leftovers
|-heal|p2a: Flygon|57/100|[from] item: Leftovers
|upkeep
|turn|38
|
|t:|1728351027
|switch|p2a: Blissey|Blissey, F|85/100
|-damage|p2a: Blissey|73/100|[from] Spikes
|move|p1a: Starmie|Ice Beam|p2a: Blissey
|-crit|p2a: Blissey
|-damage|p2a: Blissey|51/100
|
|-weather|Sandstorm|[upkeep]
|-damage|p1a: Starmie|70/100|[from] Sandstorm
|-damage|p2a: Blissey|45/100|[from] Sandstorm
|-heal|p1a: Starmie|76/100|[from] item: Leftovers
|-heal|p2a: Blissey|51/100|[from] item: Leftovers
|upkeep
|turn|39
|
|t:|1728351038
|switch|p1a: Tyranitar|Tyranitar, F|79/100 par
|-damage|p1a: Tyranitar|67/100 par|[from] Spikes
|move|p2a: Blissey|Soft-Boiled|p2a: Blissey
|-heal|p2a: Blissey|100/100
|
|-weather|Sandstorm|[upkeep]
|-damage|p2a: Blissey|94/100|[from] Sandstorm
|-heal|p2a: Blissey|100/100|[from] item: Leftovers
|-heal|p1a: Tyranitar|73/100 par|[from] item: Leftovers
|upkeep
|turn|40
|
|t:|1728351047
|move|p2a: Blissey|Ice Beam|p1a: Tyranitar
|-damage|p1a: Tyranitar|52/100 par
|cant|p1a: Tyranitar|par
|
|-weather|Sandstorm|[upkeep]
|-damage|p2a: Blissey|94/100|[from] Sandstorm
|-heal|p2a: Blissey|100/100|[from] item: Leftovers
|-heal|p1a: Tyranitar|59/100 par|[from] item: Leftovers
|upkeep
|turn|41
|
|t:|1728351056
|switch|p2a: Flygon|Flygon, F|57/100
|move|p1a: Tyranitar|Rock Slide|p2a: Flygon
|-resisted|p2a: Flygon
|-damage|p2a: Flygon|39/100
|
|-weather|Sandstorm|[upkeep]
|-heal|p2a: Flygon|45/100|[from] item: Leftovers
|-heal|p1a: Tyranitar|65/100 par|[from] item: Leftovers
|upkeep
|turn|42
|
|t:|1728351065
|-singleturn|p1a: Tyranitar|move: Focus Punch
|move|p2a: Flygon|Earthquake|p1a: Tyranitar
|-supereffective|p1a: Tyranitar
|-damage|p1a: Tyranitar|12/100 par
|move|p1a: Tyranitar|Focus Punch||[still]
|cant|p1a: Tyranitar|Focus Punch|Focus Punch
|
|-weather|Sandstorm|[upkeep]
|-heal|p2a: Flygon|51/100|[from] item: Leftovers
|-heal|p1a: Tyranitar|19/100 par|[from] item: Leftovers
|upkeep
|turn|43
|
|t:|1728351076
|switch|p1a: Skarmory|Skarmory, M|100/100 par
|move|p2a: Flygon|Earthquake|p1a: Skarmory
|-immune|p1a: Skarmory
|
|-weather|Sandstorm|[upkeep]
|-heal|p2a: Flygon|57/100|[from] item: Leftovers
|upkeep
|turn|44
|
|t:|1728351083
|switch|p2a: Zapdos|Zapdos|29/100
|move|p1a: Skarmory|Roar|p2a: Zapdos
|drag|p2a: Moltres|Moltres|100/100
|
|-weather|Sandstorm|[upkeep]
|-damage|p2a: Moltres|94/100|[from] Sandstorm
|-heal|p2a: Moltres|100/100|[from] item: Leftovers
|upkeep
|turn|45
|
|t:|1728351094
|move|p2a: Moltres|Overheat|p1a: Skarmory
|-supereffective|p1a: Skarmory
|-damage|p1a: Skarmory|0 fnt
|-unboost|p2a: Moltres|spa|2
|faint|p1a: Skarmory
|
|t:|1728351097
|switch|p1a: Metagross|Metagross|75/100
|-damage|p1a: Metagross|62/100|[from] Spikes
|
|-weather|Sandstorm|[upkeep]
|-damage|p2a: Moltres|94/100|[from] Sandstorm
|-heal|p2a: Moltres|100/100|[from] item: Leftovers
|upkeep
|turn|46
|
|t:|1728351105
|move|p2a: Moltres|Overheat|p1a: Metagross
|-supereffective|p1a: Metagross
|-crit|p1a: Metagross
|-damage|p1a: Metagross|0 fnt
|-unboost|p2a: Moltres|spa|2
|faint|p1a: Metagross
|
|t:|1728351111
|switch|p1a: Jolteon|Jolteon, F|44/100 tox
|-damage|p1a: Jolteon|32/100 tox|[from] Spikes
|
|-weather|Sandstorm|[upkeep]
|-damage|p1a: Jolteon|25/100 tox|[from] Sandstorm
|-damage|p2a: Moltres|94/100|[from] Sandstorm
|-heal|p1a: Jolteon|32/100 tox|[from] item: Leftovers
|-damage|p1a: Jolteon|25/100 tox|[from] psn
|-heal|p2a: Moltres|100/100|[from] item: Leftovers
|upkeep
|turn|47
|
|t:|1728351121
|switch|p2a: Blissey|Blissey, F|100/100
|-damage|p2a: Blissey|88/100|[from] Spikes
|move|p1a: Jolteon|Thunderbolt|p2a: Blissey
|-damage|p2a: Blissey|69/100
|
|-weather|Sandstorm|[upkeep]
|-damage|p1a: Jolteon|19/100 tox|[from] Sandstorm
|-damage|p2a: Blissey|63/100|[from] Sandstorm
|-heal|p1a: Jolteon|25/100 tox|[from] item: Leftovers
|-damage|p1a: Jolteon|13/100 tox|[from] psn
|-heal|p2a: Blissey|69/100|[from] item: Leftovers
|upkeep
|turn|48
|
|t:|1728351132
|move|p1a: Jolteon|Thunderbolt|p2a: Blissey
|-damage|p2a: Blissey|51/100
|move|p2a: Blissey|Ice Beam|p1a: Jolteon
|-damage|p1a: Jolteon|0 fnt
|faint|p1a: Jolteon
|
|t:|1728351137
|switch|p1a: Tyranitar|Tyranitar, F|19/100 par
|-damage|p1a: Tyranitar|6/100 par|[from] Spikes
|
|-weather|Sandstorm|[upkeep]
|-damage|p2a: Blissey|45/100|[from] Sandstorm
|-heal|p2a: Blissey|51/100|[from] item: Leftovers
|-heal|p1a: Tyranitar|12/100 par|[from] item: Leftovers
|upkeep
|turn|49
|
|t:|1728351144
|move|p2a: Blissey|Ice Beam|p1a: Tyranitar
|-damage|p1a: Tyranitar|0 fnt
|faint|p1a: Tyranitar
|
|t:|1728351147
|switch|p1a: Starmie|Starmie|76/100
|-damage|p1a: Starmie|64/100|[from] Spikes
|
|-weather|Sandstorm|[upkeep]
|-damage|p1a: Starmie|58/100|[from] Sandstorm
|-damage|p2a: Blissey|45/100|[from] Sandstorm
|-heal|p1a: Starmie|64/100|[from] item: Leftovers
|-heal|p2a: Blissey|51/100|[from] item: Leftovers
|upkeep
|turn|50
|
|t:|1728351155
|move|p1a: Starmie|Ice Beam|p2a: Blissey
|-damage|p2a: Blissey|39/100
|move|p2a: Blissey|Thunder Wave|p1a: Starmie
|-status|p1a: Starmie|par
|
|-weather|Sandstorm|[upkeep]
|-damage|p2a: Blissey|33/100|[from] Sandstorm
|-damage|p1a: Starmie|58/100 par|[from] Sandstorm
|-heal|p2a: Blissey|39/100|[from] item: Leftovers
|-heal|p1a: Starmie|64/100 par|[from] item: Leftovers
|upkeep
|turn|51
|
|t:|1728351166
|move|p2a: Blissey|Soft-Boiled|p2a: Blissey
|-heal|p2a: Blissey|89/100
|cant|p1a: Starmie|par
|
|-weather|Sandstorm|[upkeep]
|-damage|p2a: Blissey|83/100|[from] Sandstorm
|-damage|p1a: Starmie|58/100 par|[from] Sandstorm
|-heal|p2a: Blissey|89/100|[from] item: Leftovers
|-heal|p1a: Starmie|64/100 par|[from] item: Leftovers
|upkeep
|turn|52
|
|t:|1728351176
|move|p2a: Blissey|Ice Beam|p1a: Starmie
|-resisted|p1a: Starmie
|-damage|p1a: Starmie|46/100 par
|move|p1a: Starmie|Ice Beam|p2a: Blissey
|-crit|p2a: Blissey
|-damage|p2a: Blissey|68/100
|
|-weather|Sandstorm|[upkeep]
|-damage|p2a: Blissey|61/100|[from] Sandstorm
|-damage|p1a: Starmie|40/100 par|[from] Sandstorm
|-heal|p2a: Blissey|68/100|[from] item: Leftovers
|-heal|p1a: Starmie|46/100 par|[from] item: Leftovers
|upkeep
|turn|53
|
|t:|1728351186
|move|p2a: Blissey|Ice Beam|p1a: Starmie
|-resisted|p1a: Starmie
|-damage|p1a: Starmie|26/100 par
|move|p1a: Starmie|Ice Beam|p2a: Blissey
|-damage|p2a: Blissey|56/100
|
|-weather|Sandstorm|[upkeep]
|-damage|p2a: Blissey|50/100|[from] Sandstorm
|-damage|p1a: Starmie|20/100 par|[from] Sandstorm
|-heal|p2a: Blissey|56/100|[from] item: Leftovers
|-heal|p1a: Starmie|26/100 par|[from] item: Leftovers
|upkeep
|turn|54
|
|t:|1728351196
|move|p2a: Blissey|Ice Beam|p1a: Starmie
|-resisted|p1a: Starmie
|-damage|p1a: Starmie|9/100 par
|cant|p1a: Starmie|par
|
|-weather|Sandstorm|[upkeep]
|-damage|p2a: Blissey|50/100|[from] Sandstorm
|-damage|p1a: Starmie|3/100 par|[from] Sandstorm
|-heal|p2a: Blissey|56/100|[from] item: Leftovers
|-heal|p1a: Starmie|9/100 par|[from] item: Leftovers
|upkeep
|turn|55
|
|t:|1728351205
|move|p2a: Blissey|Ice Beam|p1a: Starmie
|-resisted|p1a: Starmie
|-damage|p1a: Starmie|0 fnt
|faint|p1a: Starmie
|
|win|Big_Squatto

</script>
<script type="application/json" class="data" id="replaydata-smogtours-gen3ou-796307">
{"id":"smogtours-gen3ou-796307","format":"[Gen 3] OU","players":["TefoShark","Big_Squatto"],"uploadtime":1728351205,"views":124,"formatid":"gen3ou","rating":null,"private":0,"password":null}
</script>

<script defer src="js/replays.js?9d40a366"></script>
