<!DOCTYPE html>
<meta charset="utf-8" />
<meta name="viewport" content="width=device-width" />

<title>[Gen 3] OU: Ramsus776 vs. MintChocolateGuy - Replays - Pok&eacute;mon Showdown!</title>

<meta name="description" content="Watch a replay of a Pok&eacute;mon battle between Ramsus776 and MintChocolateGuy! Format: [Gen 3] OU; Date: Oct 25, 2024" />
<!--

Hey, you! Looking in the source for the replay log?

You can find them in JSON format, just add `.json` at the end of a replay URL.

https://replay.pokemonshowdown.com/gen7randomdoublesbattle-865046831.json

Or, if you only need the log itself, add `.log` instead:

https://replay.pokemonshowdown.com/gen7randomdoublesbattle-865046831.log

-->

<link rel="stylesheet" href="//pokemonshowdown.com/style/global.css?0.767286132409787" />
<link rel="stylesheet" href="//play.pokemonshowdown.com/style/font-awesome.css?0.9266228007934947" />
<link rel="stylesheet" href="//play.pokemonshowdown.com/style/battle.css?0.7924700842790926" />
<link rel="stylesheet" href="//play.pokemonshowdown.com/style/utilichart.css?0.8777417872839479" />

<!-- Global site tag (gtag.js) - Google Analytics -->
<script async src="https://www.googletagmanager.com/gtag/js?id=UA-26211653-1"></script>
<script>
  window.dataLayer = window.dataLayer || [];
  function gtag(){dataLayer.push(arguments);}
  gtag('js', new Date());

  gtag('config', 'UA-26211653-1');
</script>
<!-- End Google Analytics -->
<!-- Venatus Ad Manager - Install in <HEAD> of page -->
	<script src="https://hb.vntsm.com/v3/live/ad-manager.min.js" type="text/javascript" data-site-id="642aba63ec9a7b11c3c9c1be" data-mode="scan" async></script>
<!-- / Venatus Ad Manager -->

<style>
	@media (max-width:820px) {
		.battle {
			margin: 0 auto;
		}
		.battle-log {
			margin: 7px auto 0;
			max-width: 640px;
			height: 300px;
			position: static;
		}
	}
	.optgroup {
		display: inline-block;
		line-height: 22px;
		font-size: 10pt;
	}
	.optgroup .button {
		height: 25px;
		padding-top: 0;
		padding-bottom: 0;
	}
	.optgroup button.button {
		padding-left: 12px;
		padding-right: 12px;
	}
	.linklist {
		list-style: none;
		margin: 0.5em 0;
		padding: 0;
	}
	.linklist li {
		padding: 2px 0;
	}
	.sidebar {
		float: left;
		width: 320px;
	}
	.bar-wrapper {
		max-width: 1100px;
		margin: 0 auto;
	}
	.bar-wrapper.has-sidebar {
		max-width: 1430px;
	}
	.mainbar {
		margin: 0;
		padding-right: 1px;
	}
	.mainbar.has-sidebar {
		margin-left: 330px;
	}
	@media (min-width: 1511px) {
		.sidebar {
			width: 400px;
		}
		.bar-wrapper.has-sidebar {
			max-width: 1510px;
		}
		.mainbar.has-sidebar {
			margin-left: 410px;
		}
	}
	.section.first-section {
		margin-top: 9px;
	}
	.blocklink small {
		white-space: normal;
	}
	.button {
		vertical-align: middle;
	}
	.replay-controls {
		padding-top: 10px;
	}
	.replay-controls h1 {
		font-size: 16pt;
		font-weight: normal;
		color: #CCC;
	}
	.pagelink {
		text-align: center;
	}
	.pagelink a {
		width: 150px;
	}
	.textbox, .button {
		font-size: 11pt;
		vertical-align: middle;
	}
	@media (max-width: 450px) {
		.button {
			font-size: 9pt;
		}
	}
</style>

<div>

	<header>
		<div class="nav-wrapper"><ul class="nav">
			<li><a class="button nav-first" href="//pokemonshowdown.com/"><img src="//pokemonshowdown.com/images/pokemonshowdownbeta.png" srcset="//pokemonshowdown.com/images/pokemonshowdownbeta.png 1x, //pokemonshowdown.com/images/pokemonshowdownbeta@2x.png 2x" alt="Pok&eacute;mon Showdown" width="146" height="44" /> Home</a></li>
			<li><a class="button" href="//pokemonshowdown.com/dex/">Pok&eacute;dex</a></li>
			<li><a class="button cur" href="/">Replays</a></li>
			<li><a class="button" href="//pokemonshowdown.com/ladder/">Ladder</a></li>
			<li><a class="button nav-last" href="//pokemonshowdown.com/forums/">Forum</a></li>
			<li><a class="button greenbutton nav-first nav-last" href="//play.pokemonshowdown.com/">Play</a></li>
		</ul></div>
	</header>

	<div class="main" id="main">

		<noscript><section class="section">You need to enable JavaScript to use this page; sorry!</section></noscript>

	</div>

</div>

<script defer nomodule src="//play.pokemonshowdown.com/js/lib/ps-polyfill.js"></script>
<script defer src="//play.pokemonshowdown.com/js/lib/preact.min.js"></script>

<script defer src="//play.pokemonshowdown.com/config/config.js?6dec07f6"></script>
<script defer src="//play.pokemonshowdown.com/js/lib/jquery-1.11.0.min.js"></script>
<script defer src="//play.pokemonshowdown.com/js/lib/html-sanitizer-minified.js"></script>
<script defer src="//play.pokemonshowdown.com/js/battle-sound.js"></script>
<script defer src="//play.pokemonshowdown.com/js/battledata.js?0.6315294753075389"></script>
<script defer src="//play.pokemonshowdown.com/data/pokedex-mini.js?0.7603743185311358"></script>
<script defer src="//play.pokemonshowdown.com/data/pokedex-mini-bw.js?0.030888842834281283"></script>
<script defer src="//play.pokemonshowdown.com/data/graphics.js?0.05593094747507488"></script>
<script defer src="//play.pokemonshowdown.com/data/pokedex.js?0.47064822249611904"></script>
<script defer src="//play.pokemonshowdown.com/data/moves.js?0.8583693120512459"></script>
<script defer src="//play.pokemonshowdown.com/data/abilities.js?0.16017181182386842"></script>
<script defer src="//play.pokemonshowdown.com/data/items.js?0.4163379185673943"></script>
<script defer src="//play.pokemonshowdown.com/data/teambuilder-tables.js?0.31075597372830477"></script>
<script defer src="//play.pokemonshowdown.com/js/battle-tooltips.js?0.6536193500708172"></script>
<script defer src="//play.pokemonshowdown.com/js/battle.js?0.1916591943277901"></script>

<script defer src="js/utils.js?e31f9a17"></script>
<script defer src="js/replays-battle.js?7008c182"></script>

<!-- don't scrape this data! just add .json or .log after the URL!
Full API docs: https://github.com/smogon/pokemon-showdown-client/blob/master/WEB-API.md -->
<script type="text/plain" class="log" id="replaylog-smogtours-gen3ou-801824">
|inactive|Battle timer is ON: inactive players will automatically lose when time's up.
|t:|1729872303
|gametype|singles
|player|p1|Ramsus776|burgh|
|player|p2|MintChocolateGuy|gambler|
|teamsize|p1|6
|teamsize|p2|6
|gen|3
|tier|[Gen 3] OU
|rule|Sleep Clause Mod: Limit one foe put to sleep
|rule|Switch Priority Clause Mod: Faster Pokémon switch first
|rule|Species Clause: Limit one of each Pokémon
|rule|OHKO Clause: OHKO moves are banned
|rule|Evasion Items Clause: Evasion items are banned
|rule|Evasion Moves Clause: Evasion moves are banned
|rule|Endless Battle Clause: Forcing endless battles is banned
|rule|HP Percentage Mod: HP is shown in percentages
|rule|One Boost Passer Clause: Limit one Baton Passer that has a way to boost its stats
|rule|Freeze Clause Mod: Limit one foe frozen
|
|t:|1729872303
|start
|switch|p1a: Yammers|Hariyama, M|100/100
|switch|p2a: Suicune|Suicune|100/100
|turn|1
|
|t:|1729872314
|move|p2a: Suicune|Substitute|p2a: Suicune
|-start|p2a: Suicune|Substitute
|-damage|p2a: Suicune|75/100
|move|p1a: Yammers|Knock Off|p2a: Suicune
|-activate|p2a: Suicune|Substitute|[damage]
|
|-heal|p2a: Suicune|82/100|[from] item: Leftovers
|upkeep
|turn|2
|
|t:|1729872340
|move|p2a: Suicune|Hydro Pump|p1a: Yammers|[miss]
|-miss|p2a: Suicune|p1a: Yammers
|move|p1a: Yammers|Whirlwind|p2a: Suicune
|drag|p2a: Celebi|Celebi|100/100
|
|upkeep
|turn|3
|inactive|MintChocolateGuy has 270 seconds left.
|
|t:|1729872356
|switch|p1a: Alcachofa|Tyranitar, M|100/100
|-weather|Sandstorm|[from] ability: Sand Stream|[of] p1a: Alcachofa
|move|p2a: Celebi|Psychic|p1a: Alcachofa
|-immune|p1a: Alcachofa
|
|-weather|Sandstorm|[upkeep]
|-damage|p2a: Celebi|94/100|[from] Sandstorm
|-heal|p2a: Celebi|100/100|[from] item: Leftovers
|upkeep
|turn|4
|inactive|MintChocolateGuy has 270 seconds left.
|
|t:|1729872391
|switch|p2a: Tyranitar|Tyranitar, F|100/100
|move|p1a: Alcachofa|Crunch|p2a: Tyranitar
|-resisted|p2a: Tyranitar
|-damage|p2a: Tyranitar|83/100
|
|-weather|Sandstorm|[upkeep]
|-heal|p2a: Tyranitar|90/100|[from] item: Leftovers
|upkeep
|turn|5
|
|t:|1729872399
|switch|p1a: Yammers|Hariyama, M|100/100
|move|p2a: Tyranitar|Earthquake|p1a: Yammers
|-damage|p1a: Yammers|75/100
|
|-weather|Sandstorm|[upkeep]
|-damage|p1a: Yammers|69/100|[from] Sandstorm
|-heal|p2a: Tyranitar|96/100|[from] item: Leftovers
|-heal|p1a: Yammers|75/100|[from] item: Leftovers
|upkeep
|turn|6
|
|t:|1729872417
|switch|p2a: Celebi|Celebi|100/100
|move|p1a: Yammers|Knock Off|p2a: Celebi
|-supereffective|p2a: Celebi
|-damage|p2a: Celebi|97/100
|-enditem|p2a: Celebi|Leftovers|[from] move: Knock Off|[of] p1a: Yammers
|-hint|In Gens 3-4, Knock Off only makes the target's item unusable; it cannot obtain a new item.
|
|-weather|Sandstorm|[upkeep]
|-damage|p2a: Celebi|90/100|[from] Sandstorm
|-damage|p1a: Yammers|69/100|[from] Sandstorm
|-heal|p1a: Yammers|75/100|[from] item: Leftovers
|upkeep
|turn|7
|
|t:|1729872433
|switch|p1a: Alcachofa|Tyranitar, M|100/100
|move|p2a: Celebi|Leech Seed|p1a: Alcachofa
|-start|p1a: Alcachofa|move: Leech Seed
|
|-weather|Sandstorm|[upkeep]
|-damage|p2a: Celebi|84/100|[from] Sandstorm
|-damage|p1a: Alcachofa|88/100|[from] Leech Seed|[of] p2a: Celebi
|-heal|p2a: Celebi|97/100|[silent]
|upkeep
|turn|8
|
|t:|1729872450
|move|p2a: Celebi|Hidden Power|p1a: Alcachofa
|-supereffective|p1a: Alcachofa
|-damage|p1a: Alcachofa|44/100
|move|p1a: Alcachofa|Roar|p2a: Celebi
|drag|p2a: Aerodactyl|Aerodactyl, F|100/100
|
|-weather|Sandstorm|[upkeep]
|-heal|p1a: Alcachofa|50/100|[from] item: Leftovers
|-damage|p1a: Alcachofa|38/100|[from] Leech Seed|[of] p2a: Aerodactyl
|upkeep
|turn|9
|
|t:|1729872480
|switch|p1a: Yammers|Hariyama, M|75/100
|move|p2a: Aerodactyl|Earthquake|p1a: Yammers
|-damage|p1a: Yammers|43/100
|
|-weather|Sandstorm|[upkeep]
|-damage|p1a: Yammers|37/100|[from] Sandstorm
|-heal|p1a: Yammers|43/100|[from] item: Leftovers
|upkeep
|turn|10
|
|t:|1729872490
|switch|p2a: Celebi|Celebi|97/100
|move|p1a: Yammers|Rest|p1a: Yammers
|-status|p1a: Yammers|slp|[from] move: Rest
|-heal|p1a: Yammers|100/100 slp|[silent]
|
|-weather|Sandstorm|[upkeep]
|-damage|p2a: Celebi|90/100|[from] Sandstorm
|-damage|p1a: Yammers|94/100 slp|[from] Sandstorm
|-heal|p1a: Yammers|100/100 slp|[from] item: Leftovers
|upkeep
|turn|11
|
|t:|1729872495
|switch|p1a: Spinny Funny|Forretress, F|100/100
|move|p2a: Celebi|Leech Seed|p1a: Spinny Funny
|-start|p1a: Spinny Funny|move: Leech Seed
|
|-weather|Sandstorm|[upkeep]
|-damage|p2a: Celebi|84/100|[from] Sandstorm
|-damage|p1a: Spinny Funny|88/100|[from] Leech Seed|[of] p2a: Celebi
|-heal|p2a: Celebi|95/100|[silent]
|upkeep
|turn|12
|
|t:|1729872508
|switch|p2a: Suicune|Suicune|82/100
|move|p1a: Spinny Funny|Spikes|p2a: Suicune
|-sidestart|p2: MintChocolateGuy|Spikes
|
|-weather|Sandstorm|[upkeep]
|-damage|p2a: Suicune|75/100|[from] Sandstorm
|-heal|p2a: Suicune|82/100|[from] item: Leftovers
|-heal|p1a: Spinny Funny|94/100|[from] item: Leftovers
|-damage|p1a: Spinny Funny|82/100|[from] Leech Seed|[of] p2a: Suicune
|-heal|p2a: Suicune|94/100|[silent]
|upkeep
|turn|13
|
|t:|1729872513
|switch|p1a: Tu mom|Blissey, F|100/100
|move|p2a: Suicune|Substitute|p2a: Suicune
|-start|p2a: Suicune|Substitute
|-damage|p2a: Suicune|69/100
|
|-weather|Sandstorm|[upkeep]
|-damage|p2a: Suicune|63/100|[from] Sandstorm
|-damage|p1a: Tu mom|94/100|[from] Sandstorm
|-heal|p2a: Suicune|69/100|[from] item: Leftovers
|-heal|p1a: Tu mom|100/100|[from] item: Leftovers
|upkeep
|turn|14
|inactive|MintChocolateGuy has 270 seconds left.
|
|t:|1729872521
|move|p2a: Suicune|Calm Mind|p2a: Suicune
|-boost|p2a: Suicune|spa|1
|-boost|p2a: Suicune|spd|1
|move|p1a: Tu mom|Aromatherapy|p1a: Tu mom
|-cureteam|p1a: Tu mom|[from] move: Aromatherapy
|
|-weather|Sandstorm|[upkeep]
|-damage|p2a: Suicune|63/100|[from] Sandstorm
|-damage|p1a: Tu mom|94/100|[from] Sandstorm
|-heal|p2a: Suicune|69/100|[from] item: Leftovers
|-heal|p1a: Tu mom|100/100|[from] item: Leftovers
|upkeep
|turn|15
|
|t:|1729872528
|move|p2a: Suicune|Calm Mind|p2a: Suicune
|-boost|p2a: Suicune|spa|1
|-boost|p2a: Suicune|spd|1
|move|p1a: Tu mom|Seismic Toss|p2a: Suicune
|-end|p2a: Suicune|Substitute
|
|-weather|Sandstorm|[upkeep]
|-damage|p2a: Suicune|63/100|[from] Sandstorm
|-damage|p1a: Tu mom|94/100|[from] Sandstorm
|-heal|p2a: Suicune|69/100|[from] item: Leftovers
|-heal|p1a: Tu mom|100/100|[from] item: Leftovers
|upkeep
|turn|16
|
|t:|1729872535
|move|p2a: Suicune|Hydro Pump|p1a: Tu mom
|-damage|p1a: Tu mom|59/100
|move|p1a: Tu mom|Seismic Toss|p2a: Suicune
|-damage|p2a: Suicune|40/100
|
|-weather|Sandstorm|[upkeep]
|-damage|p2a: Suicune|34/100|[from] Sandstorm
|-damage|p1a: Tu mom|53/100|[from] Sandstorm
|-heal|p2a: Suicune|40/100|[from] item: Leftovers
|-heal|p1a: Tu mom|59/100|[from] item: Leftovers
|upkeep
|turn|17
|
|t:|1729872543
|move|p2a: Suicune|Hydro Pump|p1a: Tu mom
|-damage|p1a: Tu mom|23/100
|move|p1a: Tu mom|Soft-Boiled|p1a: Tu mom
|-heal|p1a: Tu mom|73/100
|
|-weather|Sandstorm|[upkeep]
|-damage|p2a: Suicune|34/100|[from] Sandstorm
|-damage|p1a: Tu mom|67/100|[from] Sandstorm
|-heal|p2a: Suicune|40/100|[from] item: Leftovers
|-heal|p1a: Tu mom|73/100|[from] item: Leftovers
|upkeep
|turn|18
|
|t:|1729872547
|move|p2a: Suicune|Ice Beam|p1a: Tu mom
|-damage|p1a: Tu mom|52/100
|move|p1a: Tu mom|Soft-Boiled|p1a: Tu mom
|-heal|p1a: Tu mom|100/100
|
|-weather|Sandstorm|[upkeep]
|-damage|p2a: Suicune|34/100|[from] Sandstorm
|-damage|p1a: Tu mom|94/100|[from] Sandstorm
|-heal|p2a: Suicune|40/100|[from] item: Leftovers
|-heal|p1a: Tu mom|100/100|[from] item: Leftovers
|upkeep
|turn|19
|
|t:|1729872551
|move|p2a: Suicune|Hydro Pump|p1a: Tu mom
|-damage|p1a: Tu mom|59/100
|move|p1a: Tu mom|Seismic Toss|p2a: Suicune
|-damage|p2a: Suicune|12/100
|
|-weather|Sandstorm|[upkeep]
|-damage|p2a: Suicune|6/100|[from] Sandstorm
|-damage|p1a: Tu mom|53/100|[from] Sandstorm
|-heal|p2a: Suicune|12/100|[from] item: Leftovers
|-heal|p1a: Tu mom|59/100|[from] item: Leftovers
|upkeep
|turn|20
|
|t:|1729872557
|move|p2a: Suicune|Hydro Pump|p1a: Tu mom|[miss]
|-miss|p2a: Suicune|p1a: Tu mom
|move|p1a: Tu mom|Soft-Boiled|p1a: Tu mom
|-heal|p1a: Tu mom|100/100
|
|-weather|Sandstorm|[upkeep]
|-damage|p2a: Suicune|6/100|[from] Sandstorm
|-damage|p1a: Tu mom|94/100|[from] Sandstorm
|-heal|p2a: Suicune|12/100|[from] item: Leftovers
|-heal|p1a: Tu mom|100/100|[from] item: Leftovers
|upkeep
|turn|21
|
|t:|1729872561
|move|p2a: Suicune|Hydro Pump|p1a: Tu mom|[miss]
|-miss|p2a: Suicune|p1a: Tu mom
|move|p1a: Tu mom|Seismic Toss|p2a: Suicune
|-damage|p2a: Suicune|0 fnt
|faint|p2a: Suicune
|
|t:|1729872573
|switch|p2a: Forretress|Forretress, F|100/100
|-damage|p2a: Forretress|88/100|[from] Spikes
|
|-weather|Sandstorm|[upkeep]
|-damage|p1a: Tu mom|94/100|[from] Sandstorm
|-heal|p1a: Tu mom|100/100|[from] item: Leftovers
|-heal|p2a: Forretress|94/100|[from] item: Leftovers
|upkeep
|turn|22
|
|t:|1729872584
|switch|p1a: Spinny Funny|Forretress, F|82/100
|move|p2a: Forretress|Spikes|p1a: Spinny Funny
|-sidestart|p1: Ramsus776|Spikes
|
|-weather|Sandstorm|[upkeep]
|-heal|p1a: Spinny Funny|88/100|[from] item: Leftovers
|-heal|p2a: Forretress|100/100|[from] item: Leftovers
|upkeep
|turn|23
|
|t:|1729872591
|move|p2a: Forretress|Rapid Spin|p1a: Spinny Funny
|-resisted|p1a: Spinny Funny
|-damage|p1a: Spinny Funny|87/100
|-sideend|p2: MintChocolateGuy|Spikes|[from] move: Rapid Spin|[of] p2a: Forretress
|move|p1a: Spinny Funny|Rapid Spin|p2a: Forretress
|-resisted|p2a: Forretress
|-damage|p2a: Forretress|99/100
|-sideend|p1: Ramsus776|Spikes|[from] move: Rapid Spin|[of] p1a: Spinny Funny
|
|-weather|Sandstorm|[upkeep]
|-heal|p1a: Spinny Funny|93/100|[from] item: Leftovers
|-heal|p2a: Forretress|100/100|[from] item: Leftovers
|upkeep
|turn|24
|
|t:|1729872597
|move|p1a: Spinny Funny|Spikes|p2a: Forretress
|-sidestart|p2: MintChocolateGuy|Spikes
|move|p2a: Forretress|Zap Cannon|p1a: Spinny Funny
|-damage|p1a: Spinny Funny|80/100
|-status|p1a: Spinny Funny|par
|
|-weather|Sandstorm|[upkeep]
|-heal|p1a: Spinny Funny|86/100 par|[from] item: Leftovers
|upkeep
|turn|25
|
|t:|1729872605
|switch|p1a: Alcachofa|Tyranitar, M|38/100
|move|p2a: Forretress|Rapid Spin|p1a: Alcachofa
|-resisted|p1a: Alcachofa
|-damage|p1a: Alcachofa|36/100
|-sideend|p2: MintChocolateGuy|Spikes|[from] move: Rapid Spin|[of] p2a: Forretress
|
|-weather|Sandstorm|[upkeep]
|-heal|p1a: Alcachofa|42/100|[from] item: Leftovers
|upkeep
|turn|26
|
|t:|1729872612
|switch|p2a: Tyranitar|Tyranitar, F|96/100
|move|p1a: Alcachofa|Fire Blast|p2a: Tyranitar|[miss]
|-miss|p1a: Alcachofa|p2a: Tyranitar
|
|-weather|Sandstorm|[upkeep]
|-heal|p2a: Tyranitar|100/100|[from] item: Leftovers
|-heal|p1a: Alcachofa|49/100|[from] item: Leftovers
|upkeep
|turn|27
|
|t:|1729872621
|switch|p2a: Aerodactyl|Aerodactyl, F|100/100
|switch|p1a: Yammers|Hariyama, M|100/100
|
|-weather|Sandstorm|[upkeep]
|-damage|p1a: Yammers|94/100|[from] Sandstorm
|-heal|p1a: Yammers|100/100|[from] item: Leftovers
|upkeep
|turn|28
|
|t:|1729872643
|move|p2a: Aerodactyl|Hidden Power|p1a: Yammers
|-supereffective|p1a: Yammers
|-damage|p1a: Yammers|25/100
|move|p1a: Yammers|Knock Off|p2a: Aerodactyl
|-damage|p2a: Aerodactyl|97/100
|-enditem|p2a: Aerodactyl|Choice Band|[from] move: Knock Off|[of] p1a: Yammers
|
|-weather|Sandstorm|[upkeep]
|-damage|p1a: Yammers|19/100|[from] Sandstorm
|-heal|p1a: Yammers|25/100|[from] item: Leftovers
|upkeep
|turn|29
|
|t:|1729872653
|switch|p1a: Millie|Milotic, F|100/100
|move|p2a: Aerodactyl|Hidden Power|p1a: Millie
|-crit|p1a: Millie
|-damage|p1a: Millie|50/100
|
|-weather|Sandstorm|[upkeep]
|-damage|p1a: Millie|44/100|[from] Sandstorm
|-heal|p1a: Millie|50/100|[from] item: Leftovers
|upkeep
|turn|30
|
|t:|1729872664
|switch|p2a: Celebi|Celebi|95/100
|move|p1a: Millie|Recover|p1a: Millie
|-heal|p1a: Millie|99/100
|
|-weather|Sandstorm|[upkeep]
|-damage|p2a: Celebi|89/100|[from] Sandstorm
|-damage|p1a: Millie|94/100|[from] Sandstorm
|-heal|p1a: Millie|99/100|[from] item: Leftovers
|upkeep
|turn|31
|
|t:|1729872687
|switch|p1a: Spinny Funny|Forretress, F|86/100 par
|move|p2a: Celebi|Leech Seed|p1a: Spinny Funny
|-start|p1a: Spinny Funny|move: Leech Seed
|
|-weather|Sandstorm|[upkeep]
|-damage|p2a: Celebi|83/100|[from] Sandstorm
|-heal|p1a: Spinny Funny|92/100 par|[from] item: Leftovers
|-damage|p1a: Spinny Funny|80/100 par|[from] Leech Seed|[of] p2a: Celebi
|-heal|p2a: Celebi|94/100|[silent]
|upkeep
|turn|32
|
|t:|1729872695
|switch|p2a: Forretress|Forretress, F|100/100
|move|p1a: Spinny Funny|Spikes|p2a: Forretress
|-sidestart|p2: MintChocolateGuy|Spikes
|
|-weather|Sandstorm|[upkeep]
|-heal|p1a: Spinny Funny|86/100 par|[from] item: Leftovers
|-damage|p1a: Spinny Funny|74/100 par|[from] Leech Seed|[of] p2a: Forretress
|upkeep
|turn|33
|
|t:|1729872700
|switch|p1a: Yammers|Hariyama, M|25/100
|move|p2a: Forretress|Rapid Spin|p1a: Yammers
|-damage|p1a: Yammers|22/100
|-sideend|p2: MintChocolateGuy|Spikes|[from] move: Rapid Spin|[of] p2a: Forretress
|
|-weather|Sandstorm|[upkeep]
|-damage|p1a: Yammers|15/100|[from] Sandstorm
|-heal|p1a: Yammers|22/100|[from] item: Leftovers
|upkeep
|turn|34
|
|t:|1729872707
|switch|p2a: Celebi|Celebi|94/100
|move|p1a: Yammers|Rest|p1a: Yammers
|-status|p1a: Yammers|slp|[from] move: Rest
|-heal|p1a: Yammers|100/100 slp|[silent]
|
|-weather|Sandstorm|[upkeep]
|-damage|p2a: Celebi|87/100|[from] Sandstorm
|-damage|p1a: Yammers|94/100 slp|[from] Sandstorm
|-heal|p1a: Yammers|100/100 slp|[from] item: Leftovers
|upkeep
|turn|35
|
|t:|1729872711
|switch|p1a: Alcachofa|Tyranitar, M|49/100
|move|p2a: Celebi|Leech Seed|p1a: Alcachofa
|-start|p1a: Alcachofa|move: Leech Seed
|
|-weather|Sandstorm|[upkeep]
|-damage|p2a: Celebi|81/100|[from] Sandstorm
|-heal|p1a: Alcachofa|55/100|[from] item: Leftovers
|-damage|p1a: Alcachofa|42/100|[from] Leech Seed|[of] p2a: Celebi
|-heal|p2a: Celebi|94/100|[silent]
|upkeep
|turn|36
|
|t:|1729872717
|switch|p1a: Millie|Milotic, F|99/100
|move|p2a: Celebi|Hidden Power|p1a: Millie
|-supereffective|p1a: Millie
|-damage|p1a: Millie|67/100
|
|-weather|Sandstorm|[upkeep]
|-damage|p2a: Celebi|87/100|[from] Sandstorm
|-damage|p1a: Millie|61/100|[from] Sandstorm
|-heal|p1a: Millie|67/100|[from] item: Leftovers
|upkeep
|turn|37
|
|t:|1729872724
|move|p2a: Celebi|Leech Seed|p1a: Millie
|-start|p1a: Millie|move: Leech Seed
|move|p1a: Millie|Recover|p1a: Millie
|-heal|p1a: Millie|100/100
|
|-weather|Sandstorm|[upkeep]
|-damage|p2a: Celebi|81/100|[from] Sandstorm
|-damage|p1a: Millie|94/100|[from] Sandstorm
|-heal|p1a: Millie|100/100|[from] item: Leftovers
|-damage|p1a: Millie|88/100|[from] Leech Seed|[of] p2a: Celebi
|-heal|p2a: Celebi|93/100|[silent]
|upkeep
|turn|38
|
|t:|1729872754
|switch|p2a: Tyranitar|Tyranitar, F|100/100
|move|p1a: Millie|Toxic|p2a: Tyranitar
|-status|p2a: Tyranitar|tox
|
|-weather|Sandstorm|[upkeep]
|-damage|p1a: Millie|82/100|[from] Sandstorm
|-damage|p2a: Tyranitar|94/100 tox|[from] psn
|-heal|p1a: Millie|88/100|[from] item: Leftovers
|-damage|p1a: Millie|76/100|[from] Leech Seed|[of] p2a: Tyranitar
|-heal|p2a: Tyranitar|100/100 tox|[silent]
|upkeep
|turn|39
|
|t:|1729872779
|switch|p1a: Alcachofa|Tyranitar, M|42/100
|move|p2a: Tyranitar|Dragon Dance|p2a: Tyranitar
|-boost|p2a: Tyranitar|atk|1
|-boost|p2a: Tyranitar|spe|1
|
|-weather|Sandstorm|[upkeep]
|-damage|p2a: Tyranitar|88/100 tox|[from] psn
|-heal|p1a: Alcachofa|49/100|[from] item: Leftovers
|upkeep
|turn|40
|
|t:|1729872785
|move|p2a: Tyranitar|Earthquake|p1a: Alcachofa
|-supereffective|p1a: Alcachofa
|-damage|p1a: Alcachofa|0 fnt
|faint|p1a: Alcachofa
|
|t:|1729872795
|switch|p1a: Millie|Milotic, F|76/100
|
|-weather|Sandstorm|[upkeep]
|-damage|p1a: Millie|70/100|[from] Sandstorm
|-heal|p2a: Tyranitar|94/100 tox|[from] item: Leftovers
|-damage|p2a: Tyranitar|76/100 tox|[from] psn
|-heal|p1a: Millie|76/100|[from] item: Leftovers
|upkeep
|turn|41
|
|t:|1729872798
|move|p2a: Tyranitar|Rock Slide|p1a: Millie
|-damage|p1a: Millie|36/100
|move|p1a: Millie|Recover|p1a: Millie
|-heal|p1a: Millie|86/100
|
|-weather|Sandstorm|[upkeep]
|-damage|p1a: Millie|79/100|[from] Sandstorm
|-heal|p2a: Tyranitar|82/100 tox|[from] item: Leftovers
|-damage|p2a: Tyranitar|57/100 tox|[from] psn
|-heal|p1a: Millie|86/100|[from] item: Leftovers
|upkeep
|turn|42
|
|t:|1729872807
|move|p2a: Tyranitar|Rock Slide|p1a: Millie|[miss]
|-miss|p2a: Tyranitar|p1a: Millie
|move|p1a: Millie|Surf|p2a: Tyranitar
|-supereffective|p2a: Tyranitar
|-damage|p2a: Tyranitar|0 fnt
|faint|p2a: Tyranitar
|
|t:|1729872813
|switch|p2a: Celebi|Celebi|93/100
|
|-weather|Sandstorm|[upkeep]
|-damage|p2a: Celebi|87/100|[from] Sandstorm
|-damage|p1a: Millie|79/100|[from] Sandstorm
|-heal|p1a: Millie|86/100|[from] item: Leftovers
|upkeep
|turn|43
|
|t:|1729872819
|switch|p1a: Tu mom|Blissey, F|100/100
|move|p2a: Celebi|Leech Seed|p1a: Tu mom
|-start|p1a: Tu mom|move: Leech Seed
|
|-weather|Sandstorm|[upkeep]
|-damage|p2a: Celebi|81/100|[from] Sandstorm
|-damage|p1a: Tu mom|94/100|[from] Sandstorm
|-heal|p1a: Tu mom|100/100|[from] item: Leftovers
|-damage|p1a: Tu mom|88/100|[from] Leech Seed|[of] p2a: Celebi
|-heal|p2a: Celebi|100/100|[silent]
|upkeep
|turn|44
|
|t:|1729872825
|switch|p2a: Forretress|Forretress, F|100/100
|move|p1a: Tu mom|Aromatherapy|p1a: Tu mom
|-cureteam|p1a: Tu mom|[from] move: Aromatherapy
|
|-weather|Sandstorm|[upkeep]
|-damage|p1a: Tu mom|82/100|[from] Sandstorm
|-heal|p1a: Tu mom|88/100|[from] item: Leftovers
|-damage|p1a: Tu mom|76/100|[from] Leech Seed|[of] p2a: Forretress
|upkeep
|turn|45
|
|t:|1729872833
|switch|p1a: Boo|Gengar, M|100/100
|move|p2a: Forretress|Spikes|p1a: Boo
|-sidestart|p1: Ramsus776|Spikes
|
|-weather|Sandstorm|[upkeep]
|-damage|p1a: Boo|94/100|[from] Sandstorm
|-heal|p1a: Boo|100/100|[from] item: Leftovers
|upkeep
|turn|46
|
|t:|1729872838
|move|p1a: Boo|Will-O-Wisp|p2a: Forretress
|-status|p2a: Forretress|brn
|move|p2a: Forretress|Zap Cannon|p1a: Boo
|-crit|p1a: Boo
|-damage|p1a: Boo|67/100
|-status|p1a: Boo|par
|
|-weather|Sandstorm|[upkeep]
|-damage|p1a: Boo|61/100 par|[from] Sandstorm
|-damage|p2a: Forretress|88/100 brn|[from] brn
|-heal|p1a: Boo|67/100 par|[from] item: Leftovers
|upkeep
|turn|47
|
|t:|1729872843
|switch|p2a: Celebi|Celebi|100/100
|switch|p1a: Spinny Funny|Forretress, F|74/100
|-damage|p1a: Spinny Funny|61/100|[from] Spikes
|
|-weather|Sandstorm|[upkeep]
|-damage|p2a: Celebi|94/100|[from] Sandstorm
|-heal|p1a: Spinny Funny|67/100|[from] item: Leftovers
|upkeep
|turn|48
|
|t:|1729872849
|move|p2a: Celebi|Leech Seed|p1a: Spinny Funny
|-start|p1a: Spinny Funny|move: Leech Seed
|move|p1a: Spinny Funny|Rapid Spin|p2a: Celebi
|-damage|p2a: Celebi|91/100
|-end|p1a: Spinny Funny|Leech Seed|[from] move: Rapid Spin|[of] p1a: Spinny Funny
|-sideend|p1: Ramsus776|Spikes|[from] move: Rapid Spin|[of] p1a: Spinny Funny
|
|-weather|Sandstorm|[upkeep]
|-damage|p2a: Celebi|85/100|[from] Sandstorm
|-heal|p1a: Spinny Funny|74/100|[from] item: Leftovers
|upkeep
|turn|49
|
|t:|1729872861
|switch|p2a: Aerodactyl|Aerodactyl, F|97/100
|move|p1a: Spinny Funny|Spikes|p2a: Aerodactyl
|-sidestart|p2: MintChocolateGuy|Spikes
|
|-weather|Sandstorm|[upkeep]
|-heal|p1a: Spinny Funny|80/100|[from] item: Leftovers
|upkeep
|turn|50
|
|t:|1729872878
|switch|p1a: Millie|Milotic, F|86/100
|move|p2a: Aerodactyl|Hidden Power|p1a: Millie
|-damage|p1a: Millie|61/100
|
|-weather|Sandstorm|[upkeep]
|-damage|p1a: Millie|55/100|[from] Sandstorm
|-heal|p1a: Millie|61/100|[from] item: Leftovers
|upkeep
|turn|51
|
|t:|1729872888
|switch|p2a: Celebi|Celebi|85/100
|-damage|p2a: Celebi|73/100|[from] Spikes
|move|p1a: Millie|Recover|p1a: Millie
|-heal|p1a: Millie|100/100
|
|-weather|Sandstorm|[upkeep]
|-damage|p2a: Celebi|66/100|[from] Sandstorm
|-damage|p1a: Millie|94/100|[from] Sandstorm
|-heal|p1a: Millie|100/100|[from] item: Leftovers
|upkeep
|turn|52
|
|t:|1729872896
|move|p2a: Celebi|Leech Seed|p1a: Millie|[miss]
|-miss|p2a: Celebi|p1a: Millie
|move|p1a: Millie|Toxic|p2a: Celebi
|-status|p2a: Celebi|tox
|
|-weather|Sandstorm|[upkeep]
|-damage|p2a: Celebi|60/100 tox|[from] Sandstorm
|-damage|p1a: Millie|94/100|[from] Sandstorm
|-damage|p2a: Celebi|54/100 tox|[from] psn
|-heal|p1a: Millie|100/100|[from] item: Leftovers
|upkeep
|turn|53
|
|t:|1729872901
|switch|p1a: Spinny Funny|Forretress, F|80/100
|move|p2a: Celebi|Leech Seed|p1a: Spinny Funny
|-start|p1a: Spinny Funny|move: Leech Seed
|
|-weather|Sandstorm|[upkeep]
|-damage|p2a: Celebi|48/100 tox|[from] Sandstorm
|-damage|p2a: Celebi|35/100 tox|[from] psn
|-heal|p1a: Spinny Funny|86/100|[from] item: Leftovers
|-damage|p1a: Spinny Funny|74/100|[from] Leech Seed|[of] p2a: Celebi
|-heal|p2a: Celebi|46/100 tox|[silent]
|upkeep
|turn|54
|
|t:|1729872906
|move|p2a: Celebi|Recover|p2a: Celebi
|-heal|p2a: Celebi|96/100 tox
|move|p1a: Spinny Funny|Spikes|p2a: Celebi
|-sidestart|p2: MintChocolateGuy|Spikes
|
|-weather|Sandstorm|[upkeep]
|-damage|p2a: Celebi|90/100 tox|[from] Sandstorm
|-damage|p2a: Celebi|72/100 tox|[from] psn
|-heal|p1a: Spinny Funny|80/100|[from] item: Leftovers
|-damage|p1a: Spinny Funny|67/100|[from] Leech Seed|[of] p2a: Celebi
|-heal|p2a: Celebi|82/100 tox|[silent]
|upkeep
|turn|55
|
|t:|1729872910
|-curestatus|p2a: Celebi|tox|[from] ability: Natural Cure
|switch|p2a: Forretress|Forretress, F|88/100 brn
|-damage|p2a: Forretress|71/100 brn|[from] Spikes
|move|p1a: Spinny Funny|Spikes|p2a: Forretress
|-sidestart|p2: MintChocolateGuy|Spikes
|
|-weather|Sandstorm|[upkeep]
|-heal|p1a: Spinny Funny|74/100|[from] item: Leftovers
|-heal|p2a: Forretress|78/100 brn|[from] item: Leftovers
|-damage|p1a: Spinny Funny|61/100|[from] Leech Seed|[of] p2a: Forretress
|-heal|p2a: Forretress|90/100 brn|[silent]
|-damage|p2a: Forretress|78/100 brn|[from] brn
|upkeep
|turn|56
|
|t:|1729872917
|switch|p2a: Aerodactyl|Aerodactyl, F|97/100
|switch|p1a: Boo|Gengar, M|67/100 par
|
|-weather|Sandstorm|[upkeep]
|-damage|p1a: Boo|61/100 par|[from] Sandstorm
|-heal|p1a: Boo|67/100 par|[from] item: Leftovers
|upkeep
|turn|57
|
|t:|1729872923
|switch|p1a: Millie|Milotic, F|100/100
|move|p2a: Aerodactyl|Rock Slide|p1a: Millie
|-damage|p1a: Millie|76/100
|
|-weather|Sandstorm|[upkeep]
|-damage|p1a: Millie|70/100|[from] Sandstorm
|-heal|p1a: Millie|76/100|[from] item: Leftovers
|upkeep
|turn|58
|
|t:|1729872938
|move|p2a: Aerodactyl|Rock Slide|p1a: Millie
|-damage|p1a: Millie|51/100
|cant|p1a: Millie|flinch
|
|-weather|Sandstorm|[upkeep]
|-damage|p1a: Millie|45/100|[from] Sandstorm
|-heal|p1a: Millie|51/100|[from] item: Leftovers
|upkeep
|turn|59
|
|t:|1729872945
|switch|p2a: Celebi|Celebi|82/100
|-damage|p2a: Celebi|57/100|[from] Spikes
|move|p1a: Millie|Recover|p1a: Millie
|-heal|p1a: Millie|100/100
|
|-weather|Sandstorm|[upkeep]
|-damage|p2a: Celebi|51/100|[from] Sandstorm
|-damage|p1a: Millie|94/100|[from] Sandstorm
|-heal|p1a: Millie|100/100|[from] item: Leftovers
|upkeep
|turn|60
|
|t:|1729872952
|switch|p1a: Tu mom|Blissey, F|76/100
|move|p2a: Celebi|Leech Seed|p1a: Tu mom
|-start|p1a: Tu mom|move: Leech Seed
|
|-weather|Sandstorm|[upkeep]
|-damage|p2a: Celebi|45/100|[from] Sandstorm
|-damage|p1a: Tu mom|69/100|[from] Sandstorm
|-heal|p1a: Tu mom|76/100|[from] item: Leftovers
|-damage|p1a: Tu mom|63/100|[from] Leech Seed|[of] p2a: Celebi
|-heal|p2a: Celebi|67/100|[silent]
|upkeep
|turn|61
|
|t:|1729872968
|switch|p2a: Forretress|Forretress, F|78/100 brn
|-damage|p2a: Forretress|53/100 brn|[from] Spikes
|move|p1a: Tu mom|Aromatherapy|p1a: Tu mom
|-cureteam|p1a: Tu mom|[from] move: Aromatherapy
|
|-weather|Sandstorm|[upkeep]
|-damage|p1a: Tu mom|57/100|[from] Sandstorm
|-heal|p1a: Tu mom|63/100|[from] item: Leftovers
|-damage|p1a: Tu mom|51/100|[from] Leech Seed|[of] p2a: Forretress
|-heal|p2a: Forretress|78/100 brn|[silent]
|-heal|p2a: Forretress|84/100 brn|[from] item: Leftovers
|-damage|p2a: Forretress|72/100 brn|[from] brn
|upkeep
|turn|62
|
|t:|1729872982
|switch|p1a: Boo|Gengar, M|67/100
|move|p2a: Forretress|Spikes|p1a: Boo
|-sidestart|p1: Ramsus776|Spikes
|
|-weather|Sandstorm|[upkeep]
|-damage|p1a: Boo|61/100|[from] Sandstorm
|-heal|p1a: Boo|67/100|[from] item: Leftovers
|-heal|p2a: Forretress|78/100 brn|[from] item: Leftovers
|-damage|p2a: Forretress|65/100 brn|[from] brn
|upkeep
|turn|63
|
|t:|1729872992
|switch|p1a: Spinny Funny|Forretress, F|61/100
|-damage|p1a: Spinny Funny|49/100|[from] Spikes
|move|p2a: Forretress|Spikes|p1a: Spinny Funny
|-sidestart|p1: Ramsus776|Spikes
|
|-weather|Sandstorm|[upkeep]
|-heal|p2a: Forretress|72/100 brn|[from] item: Leftovers
|-heal|p1a: Spinny Funny|55/100|[from] item: Leftovers
|-damage|p2a: Forretress|59/100 brn|[from] brn
|upkeep
|turn|64
|
|t:|1729872998
|move|p1a: Spinny Funny|Rapid Spin|p2a: Forretress
|-resisted|p2a: Forretress
|-damage|p2a: Forretress|58/100 brn
|-sideend|p1: Ramsus776|Spikes|[from] move: Rapid Spin|[of] p1a: Spinny Funny
|move|p2a: Forretress|Rapid Spin|p1a: Spinny Funny
|-resisted|p1a: Spinny Funny
|-damage|p1a: Spinny Funny|54/100
|-sideend|p2: MintChocolateGuy|Spikes|[from] move: Rapid Spin|[of] p2a: Forretress
|
|-weather|Sandstorm|[upkeep]
|-heal|p2a: Forretress|64/100 brn|[from] item: Leftovers
|-heal|p1a: Spinny Funny|61/100|[from] item: Leftovers
|-damage|p2a: Forretress|52/100 brn|[from] brn
|upkeep
|turn|65
|
|t:|1729873005
|move|p1a: Spinny Funny|Spikes|p2a: Forretress
|-sidestart|p2: MintChocolateGuy|Spikes
|move|p2a: Forretress|Spikes|p1a: Spinny Funny
|-sidestart|p1: Ramsus776|Spikes
|
|-weather|Sandstorm|[upkeep]
|-heal|p1a: Spinny Funny|67/100|[from] item: Leftovers
|-heal|p2a: Forretress|58/100 brn|[from] item: Leftovers
|-damage|p2a: Forretress|45/100 brn|[from] brn
|upkeep
|turn|66
|
|t:|1729873014
|move|p2a: Forretress|Rapid Spin|p1a: Spinny Funny
|-resisted|p1a: Spinny Funny
|-damage|p1a: Spinny Funny|66/100
|-sideend|p2: MintChocolateGuy|Spikes|[from] move: Rapid Spin|[of] p2a: Forretress
|move|p1a: Spinny Funny|Rapid Spin|p2a: Forretress
|-resisted|p2a: Forretress
|-damage|p2a: Forretress|44/100 brn
|-sideend|p1: Ramsus776|Spikes|[from] move: Rapid Spin|[of] p1a: Spinny Funny
|
|-weather|Sandstorm|[upkeep]
|-heal|p2a: Forretress|50/100 brn|[from] item: Leftovers
|-heal|p1a: Spinny Funny|73/100|[from] item: Leftovers
|-damage|p2a: Forretress|38/100 brn|[from] brn
|upkeep
|turn|67
|
|t:|1729873023
|move|p2a: Forretress|Explosion|p1a: Spinny Funny
|-resisted|p1a: Spinny Funny
|-damage|p1a: Spinny Funny|53/100
|faint|p2a: Forretress
|
|t:|1729873046
|switch|p2a: Aerodactyl|Aerodactyl, F|97/100
|
|-weather|Sandstorm|[upkeep]
|-heal|p1a: Spinny Funny|59/100|[from] item: Leftovers
|upkeep
|turn|68
|
|t:|1729873057
|switch|p1a: Millie|Milotic, F|100/100
|move|p2a: Aerodactyl|Rock Slide|p1a: Millie
|-damage|p1a: Millie|75/100
|
|-weather|Sandstorm|[upkeep]
|-damage|p1a: Millie|69/100|[from] Sandstorm
|-heal|p1a: Millie|75/100|[from] item: Leftovers
|upkeep
|turn|69
|
|t:|1729873066
|move|p2a: Aerodactyl|Rock Slide|p1a: Millie
|-damage|p1a: Millie|52/100
|move|p1a: Millie|Toxic|p2a: Aerodactyl
|-status|p2a: Aerodactyl|tox
|
|-weather|Sandstorm|[upkeep]
|-damage|p1a: Millie|46/100|[from] Sandstorm
|-damage|p2a: Aerodactyl|91/100 tox|[from] psn
|-heal|p1a: Millie|52/100|[from] item: Leftovers
|upkeep
|turn|70
|
|t:|1729873070
|move|p2a: Aerodactyl|Rock Slide|p1a: Millie
|-damage|p1a: Millie|25/100
|cant|p1a: Millie|flinch
|
|-weather|Sandstorm|[upkeep]
|-damage|p1a: Millie|19/100|[from] Sandstorm
|-damage|p2a: Aerodactyl|79/100 tox|[from] psn
|-heal|p1a: Millie|25/100|[from] item: Leftovers
|upkeep
|turn|71
|
|t:|1729873083
|move|p2a: Aerodactyl|Double-Edge|p1a: Millie
|-damage|p1a: Millie|0 fnt
|faint|p1a: Millie
|
|t:|1729873108
|switch|p1a: Yammers|Hariyama, M|100/100
|
|-weather|Sandstorm|[upkeep]
|-damage|p1a: Yammers|94/100|[from] Sandstorm
|-damage|p2a: Aerodactyl|61/100 tox|[from] psn
|-heal|p1a: Yammers|100/100|[from] item: Leftovers
|upkeep
|turn|72
|
|t:|1729873113
|move|p2a: Aerodactyl|Hidden Power|p1a: Yammers
|-supereffective|p1a: Yammers
|-damage|p1a: Yammers|55/100
|move|p1a: Yammers|Cross Chop|p2a: Aerodactyl|[miss]
|-miss|p1a: Yammers|p2a: Aerodactyl
|
|-weather|Sandstorm|[upkeep]
|-damage|p1a: Yammers|48/100|[from] Sandstorm
|-damage|p2a: Aerodactyl|37/100 tox|[from] psn
|-heal|p1a: Yammers|55/100|[from] item: Leftovers
|upkeep
|turn|73
|
|t:|1729873121
|switch|p2a: Celebi|Celebi|67/100
|move|p1a: Yammers|Rest|p1a: Yammers
|-status|p1a: Yammers|slp|[from] move: Rest
|-heal|p1a: Yammers|100/100 slp|[silent]
|
|-weather|Sandstorm|[upkeep]
|-damage|p2a: Celebi|61/100|[from] Sandstorm
|-damage|p1a: Yammers|94/100 slp|[from] Sandstorm
|-heal|p1a: Yammers|100/100 slp|[from] item: Leftovers
|upkeep
|turn|74
|
|t:|1729873125
|switch|p1a: Spinny Funny|Forretress, F|59/100
|move|p2a: Celebi|Leech Seed|p1a: Spinny Funny
|-start|p1a: Spinny Funny|move: Leech Seed
|
|-weather|Sandstorm|[upkeep]
|-damage|p2a: Celebi|55/100|[from] Sandstorm
|-heal|p1a: Spinny Funny|65/100|[from] item: Leftovers
|-damage|p1a: Spinny Funny|53/100|[from] Leech Seed|[of] p2a: Celebi
|-heal|p2a: Celebi|66/100|[silent]
|upkeep
|turn|75
|
|t:|1729873132
|switch|p2a: Aerodactyl|Aerodactyl, F|37/100 tox
|move|p1a: Spinny Funny|Spikes|p2a: Aerodactyl
|-sidestart|p2: MintChocolateGuy|Spikes
|
|-weather|Sandstorm|[upkeep]
|-damage|p2a: Aerodactyl|31/100 tox|[from] psn
|-heal|p1a: Spinny Funny|59/100|[from] item: Leftovers
|-damage|p1a: Spinny Funny|47/100|[from] Leech Seed|[of] p2a: Aerodactyl
|-heal|p2a: Aerodactyl|46/100 tox|[silent]
|upkeep
|turn|76
|
|t:|1729873140
|move|p2a: Aerodactyl|Rock Slide|p1a: Spinny Funny
|-damage|p1a: Spinny Funny|22/100
|cant|p1a: Spinny Funny|flinch
|
|-weather|Sandstorm|[upkeep]
|-damage|p2a: Aerodactyl|34/100 tox|[from] psn
|-heal|p1a: Spinny Funny|28/100|[from] item: Leftovers
|-damage|p1a: Spinny Funny|16/100|[from] Leech Seed|[of] p2a: Aerodactyl
|-heal|p2a: Aerodactyl|49/100 tox|[silent]
|upkeep
|turn|77
|
|t:|1729873151
|move|p2a: Aerodactyl|Hidden Power|p1a: Spinny Funny
|-crit|p1a: Spinny Funny
|-damage|p1a: Spinny Funny|0 fnt
|faint|p1a: Spinny Funny
|
|t:|1729873160
|switch|p1a: Yammers|Hariyama, M|100/100 slp
|
|-weather|Sandstorm|[upkeep]
|-damage|p1a: Yammers|94/100 slp|[from] Sandstorm
|-damage|p2a: Aerodactyl|31/100 tox|[from] psn
|-heal|p1a: Yammers|100/100 slp|[from] item: Leftovers
|upkeep
|turn|78
|
|t:|1729873168
|move|p2a: Aerodactyl|Hidden Power|p1a: Yammers
|-supereffective|p1a: Yammers
|-damage|p1a: Yammers|57/100 slp
|cant|p1a: Yammers|slp
|
|-weather|Sandstorm|[upkeep]
|-damage|p1a: Yammers|50/100 slp|[from] Sandstorm
|-damage|p2a: Aerodactyl|7/100 tox|[from] psn
|-heal|p1a: Yammers|57/100 slp|[from] item: Leftovers
|upkeep
|turn|79
|
|t:|1729873172
|move|p2a: Aerodactyl|Hidden Power|p1a: Yammers
|-supereffective|p1a: Yammers
|-damage|p1a: Yammers|12/100 slp
|cant|p1a: Yammers|slp
|
|-weather|Sandstorm|[upkeep]
|-damage|p1a: Yammers|6/100 slp|[from] Sandstorm
|-damage|p2a: Aerodactyl|0 fnt|[from] psn
|faint|p2a: Aerodactyl
|-heal|p1a: Yammers|12/100 slp|[from] item: Leftovers
|upkeep
|
|t:|1729873175
|switch|p2a: Celebi|Celebi|66/100
|-damage|p2a: Celebi|53/100|[from] Spikes
|turn|80
|
|t:|1729873181
|move|p2a: Celebi|Psychic|p1a: Yammers
|-supereffective|p1a: Yammers
|-damage|p1a: Yammers|0 fnt
|faint|p1a: Yammers
|
|t:|1729873183
|switch|p1a: Tu mom|Blissey, F|51/100
|
|-weather|Sandstorm|[upkeep]
|-damage|p2a: Celebi|47/100|[from] Sandstorm
|-damage|p1a: Tu mom|44/100|[from] Sandstorm
|-heal|p1a: Tu mom|51/100|[from] item: Leftovers
|upkeep
|turn|81
|
|t:|1729873187
|move|p2a: Celebi|Leech Seed|p1a: Tu mom
|-start|p1a: Tu mom|move: Leech Seed
|move|p1a: Tu mom|Soft-Boiled|p1a: Tu mom
|-heal|p1a: Tu mom|100/100
|
|-weather|Sandstorm|[upkeep]
|-damage|p2a: Celebi|41/100|[from] Sandstorm
|-damage|p1a: Tu mom|94/100|[from] Sandstorm
|-heal|p1a: Tu mom|100/100|[from] item: Leftovers
|-damage|p1a: Tu mom|88/100|[from] Leech Seed|[of] p2a: Celebi
|-heal|p2a: Celebi|63/100|[silent]
|upkeep
|turn|82
|
|t:|1729873191
|switch|p1a: Boo|Gengar, M|67/100
|move|p2a: Celebi|Recover|p2a: Celebi
|-heal|p2a: Celebi|100/100
|
|-weather|Sandstorm|[upkeep]
|-damage|p1a: Boo|61/100|[from] Sandstorm
|-damage|p2a: Celebi|94/100|[from] Sandstorm
|-heal|p1a: Boo|67/100|[from] item: Leftovers
|upkeep
|turn|83
|
|t:|1729873196
|switch|p1a: Tu mom|Blissey, F|88/100
|move|p2a: Celebi|Psychic|p1a: Tu mom
|-damage|p1a: Tu mom|75/100
|
|-weather|Sandstorm|[upkeep]
|-damage|p2a: Celebi|88/100|[from] Sandstorm
|-damage|p1a: Tu mom|69/100|[from] Sandstorm
|-heal|p1a: Tu mom|75/100|[from] item: Leftovers
|upkeep
|turn|84
|
|t:|1729873202
|move|p2a: Celebi|Hidden Power|p1a: Tu mom
|-damage|p1a: Tu mom|66/100
|move|p1a: Tu mom|Seismic Toss|p2a: Celebi
|-damage|p2a: Celebi|63/100
|
|-weather|Sandstorm|[upkeep]
|-damage|p2a: Celebi|57/100|[from] Sandstorm
|-damage|p1a: Tu mom|60/100|[from] Sandstorm
|-heal|p1a: Tu mom|66/100|[from] item: Leftovers
|upkeep
|turn|85
|
|t:|1729873207
|move|p2a: Celebi|Leech Seed|p1a: Tu mom
|-start|p1a: Tu mom|move: Leech Seed
|move|p1a: Tu mom|Seismic Toss|p2a: Celebi
|-damage|p2a: Celebi|32/100
|
|-weather|Sandstorm|[upkeep]
|-damage|p2a: Celebi|26/100|[from] Sandstorm
|-damage|p1a: Tu mom|60/100|[from] Sandstorm
|-heal|p1a: Tu mom|66/100|[from] item: Leftovers
|-damage|p1a: Tu mom|54/100|[from] Leech Seed|[of] p2a: Celebi
|-heal|p2a: Celebi|48/100|[silent]
|upkeep
|turn|86
|
|t:|1729873212
|move|p2a: Celebi|Recover|p2a: Celebi
|-heal|p2a: Celebi|98/100
|move|p1a: Tu mom|Soft-Boiled|p1a: Tu mom
|-heal|p1a: Tu mom|100/100
|
|-weather|Sandstorm|[upkeep]
|-damage|p2a: Celebi|92/100|[from] Sandstorm
|-damage|p1a: Tu mom|94/100|[from] Sandstorm
|-heal|p1a: Tu mom|100/100|[from] item: Leftovers
|-damage|p1a: Tu mom|88/100|[from] Leech Seed|[of] p2a: Celebi
|-heal|p2a: Celebi|100/100|[silent]
|upkeep
|turn|87
|
|t:|1729873217
|move|p2a: Celebi|Psychic|p1a: Tu mom
|-damage|p1a: Tu mom|77/100
|move|p1a: Tu mom|Seismic Toss|p2a: Celebi
|-damage|p2a: Celebi|76/100
|
|-weather|Sandstorm|[upkeep]
|-damage|p2a: Celebi|70/100|[from] Sandstorm
|-damage|p1a: Tu mom|70/100|[from] Sandstorm
|-heal|p1a: Tu mom|77/100|[from] item: Leftovers
|-damage|p1a: Tu mom|64/100|[from] Leech Seed|[of] p2a: Celebi
|-heal|p2a: Celebi|92/100|[silent]
|upkeep
|turn|88
|
|t:|1729873224
|move|p2a: Celebi|Psychic|p1a: Tu mom
|-damage|p1a: Tu mom|52/100
|move|p1a: Tu mom|Seismic Toss|p2a: Celebi
|-damage|p2a: Celebi|67/100
|
|-weather|Sandstorm|[upkeep]
|-damage|p2a: Celebi|61/100|[from] Sandstorm
|-damage|p1a: Tu mom|46/100|[from] Sandstorm
|-heal|p1a: Tu mom|52/100|[from] item: Leftovers
|-damage|p1a: Tu mom|40/100|[from] Leech Seed|[of] p2a: Celebi
|-heal|p2a: Celebi|83/100|[silent]
|upkeep
|turn|89
|
|t:|1729873228
|move|p2a: Celebi|Psychic|p1a: Tu mom
|-damage|p1a: Tu mom|29/100
|move|p1a: Tu mom|Soft-Boiled|p1a: Tu mom
|-heal|p1a: Tu mom|79/100
|
|-weather|Sandstorm|[upkeep]
|-damage|p2a: Celebi|76/100|[from] Sandstorm
|-damage|p1a: Tu mom|72/100|[from] Sandstorm
|-heal|p1a: Tu mom|79/100|[from] item: Leftovers
|-damage|p1a: Tu mom|66/100|[from] Leech Seed|[of] p2a: Celebi
|-heal|p2a: Celebi|99/100|[silent]
|upkeep
|turn|90
|
|t:|1729873238
|move|p2a: Celebi|Psychic|p1a: Tu mom
|-crit|p1a: Tu mom
|-damage|p1a: Tu mom|44/100
|-unboost|p1a: Tu mom|spd|1
|move|p1a: Tu mom|Soft-Boiled|p1a: Tu mom
|-heal|p1a: Tu mom|94/100
|
|-weather|Sandstorm|[upkeep]
|-damage|p2a: Celebi|92/100|[from] Sandstorm
|-damage|p1a: Tu mom|88/100|[from] Sandstorm
|-heal|p1a: Tu mom|94/100|[from] item: Leftovers
|-damage|p1a: Tu mom|82/100|[from] Leech Seed|[of] p2a: Celebi
|-heal|p2a: Celebi|100/100|[silent]
|upkeep
|turn|91
|
|t:|1729873248
|move|p2a: Celebi|Psychic|p1a: Tu mom
|-damage|p1a: Tu mom|65/100
|move|p1a: Tu mom|Soft-Boiled|p1a: Tu mom
|-heal|p1a: Tu mom|100/100
|
|-weather|Sandstorm|[upkeep]
|-damage|p2a: Celebi|94/100|[from] Sandstorm
|-damage|p1a: Tu mom|94/100|[from] Sandstorm
|-heal|p1a: Tu mom|100/100|[from] item: Leftovers
|-damage|p1a: Tu mom|88/100|[from] Leech Seed|[of] p2a: Celebi
|-heal|p2a: Celebi|100/100|[silent]
|upkeep
|turn|92
|
|t:|1729873255
|move|p2a: Celebi|Hidden Power|p1a: Tu mom
|-damage|p1a: Tu mom|75/100
|move|p1a: Tu mom|Soft-Boiled|p1a: Tu mom
|-heal|p1a: Tu mom|100/100
|
|-weather|Sandstorm|[upkeep]
|-damage|p2a: Celebi|94/100|[from] Sandstorm
|-damage|p1a: Tu mom|94/100|[from] Sandstorm
|-heal|p1a: Tu mom|100/100|[from] item: Leftovers
|-damage|p1a: Tu mom|88/100|[from] Leech Seed|[of] p2a: Celebi
|-heal|p2a: Celebi|100/100|[silent]
|upkeep
|turn|93
|
|t:|1729873260
|move|p2a: Celebi|Hidden Power|p1a: Tu mom
|-damage|p1a: Tu mom|73/100
|move|p1a: Tu mom|Soft-Boiled|p1a: Tu mom
|-heal|p1a: Tu mom|100/100
|
|-weather|Sandstorm|[upkeep]
|-damage|p2a: Celebi|94/100|[from] Sandstorm
|-damage|p1a: Tu mom|94/100|[from] Sandstorm
|-heal|p1a: Tu mom|100/100|[from] item: Leftovers
|-damage|p1a: Tu mom|88/100|[from] Leech Seed|[of] p2a: Celebi
|-heal|p2a: Celebi|100/100|[silent]
|upkeep
|turn|94
|
|t:|1729873268
|switch|p1a: Boo|Gengar, M|67/100
|move|p2a: Celebi|Psychic|p1a: Boo
|-supereffective|p1a: Boo
|-damage|p1a: Boo|0 fnt
|faint|p1a: Boo
|
|t:|1729873273
|switch|p1a: Tu mom|Blissey, F|88/100
|
|-weather|Sandstorm|[upkeep]
|-damage|p2a: Celebi|94/100|[from] Sandstorm
|-damage|p1a: Tu mom|82/100|[from] Sandstorm
|-heal|p1a: Tu mom|88/100|[from] item: Leftovers
|upkeep
|turn|95
|
|t:|1729873277
|move|p2a: Celebi|Leech Seed|p1a: Tu mom
|-start|p1a: Tu mom|move: Leech Seed
|move|p1a: Tu mom|Seismic Toss|p2a: Celebi
|-damage|p2a: Celebi|70/100
|
|-weather|Sandstorm|[upkeep]
|-damage|p2a: Celebi|63/100|[from] Sandstorm
|-damage|p1a: Tu mom|82/100|[from] Sandstorm
|-heal|p1a: Tu mom|88/100|[from] item: Leftovers
|-damage|p1a: Tu mom|76/100|[from] Leech Seed|[of] p2a: Celebi
|-heal|p2a: Celebi|85/100|[silent]
|upkeep
|turn|96
|
|t:|1729873284
|move|p2a: Celebi|Psychic|p1a: Tu mom
|-damage|p1a: Tu mom|65/100
|move|p1a: Tu mom|Seismic Toss|p2a: Celebi
|-damage|p2a: Celebi|61/100
|
|-weather|Sandstorm|[upkeep]
|-damage|p2a: Celebi|54/100|[from] Sandstorm
|-damage|p1a: Tu mom|58/100|[from] Sandstorm
|-heal|p1a: Tu mom|65/100|[from] item: Leftovers
|-damage|p1a: Tu mom|52/100|[from] Leech Seed|[of] p2a: Celebi
|-heal|p2a: Celebi|76/100|[silent]
|upkeep
|turn|97
|
|t:|1729873287
|move|p2a: Celebi|Psychic|p1a: Tu mom
|-damage|p1a: Tu mom|39/100
|move|p1a: Tu mom|Soft-Boiled|p1a: Tu mom
|-heal|p1a: Tu mom|89/100
|
|-weather|Sandstorm|[upkeep]
|-damage|p2a: Celebi|70/100|[from] Sandstorm
|-damage|p1a: Tu mom|83/100|[from] Sandstorm
|-heal|p1a: Tu mom|89/100|[from] item: Leftovers
|-damage|p1a: Tu mom|77/100|[from] Leech Seed|[of] p2a: Celebi
|-heal|p2a: Celebi|92/100|[silent]
|upkeep
|turn|98
|
|t:|1729873290
|move|p2a: Celebi|Psychic|p1a: Tu mom
|-damage|p1a: Tu mom|65/100
|move|p1a: Tu mom|Seismic Toss|p2a: Celebi
|-damage|p2a: Celebi|68/100
|
|-weather|Sandstorm|[upkeep]
|-damage|p2a: Celebi|61/100|[from] Sandstorm
|-damage|p1a: Tu mom|58/100|[from] Sandstorm
|-heal|p1a: Tu mom|65/100|[from] item: Leftovers
|-damage|p1a: Tu mom|52/100|[from] Leech Seed|[of] p2a: Celebi
|-heal|p2a: Celebi|83/100|[silent]
|upkeep
|turn|99
|-message|Ramsus776 forfeited.
|
|win|MintChocolateGuy

</script>
<script type="application/json" class="data" id="replaydata-smogtours-gen3ou-801824">
{"id":"smogtours-gen3ou-801824","format":"[Gen 3] OU","players":["Ramsus776","MintChocolateGuy"],"uploadtime":1729873299,"views":76,"formatid":"gen3ou","rating":null,"private":0,"password":null}
</script>

<script defer src="js/replays.js?9d40a366"></script>
