<!DOCTYPE html>
<meta charset="utf-8" />
<meta name="viewport" content="width=device-width" />

<title>[Gen 3] OU: monchooo vs. Gonzasaurio 50 - Replays - Pok&eacute;mon Showdown!</title>

<meta name="description" content="Watch a replay of a Pok&eacute;mon battle between monchooo and Gonzasaurio 50! Format: [Gen 3] OU; Date: Oct 17, 2024" />
<!--

Hey, you! Looking in the source for the replay log?

You can find them in JSON format, just add `.json` at the end of a replay URL.

https://replay.pokemonshowdown.com/gen7randomdoublesbattle-865046831.json

Or, if you only need the log itself, add `.log` instead:

https://replay.pokemonshowdown.com/gen7randomdoublesbattle-865046831.log

-->

<link rel="stylesheet" href="//pokemonshowdown.com/style/global.css?0.023195364461161105" />
<link rel="stylesheet" href="//play.pokemonshowdown.com/style/font-awesome.css?0.13261647063804238" />
<link rel="stylesheet" href="//play.pokemonshowdown.com/style/battle.css?0.8753245789963631" />
<link rel="stylesheet" href="//play.pokemonshowdown.com/style/utilichart.css?0.8627959624976733" />

<!-- Global site tag (gtag.js) - Google Analytics -->
<script async src="https://www.googletagmanager.com/gtag/js?id=UA-26211653-1"></script>
<script>
  window.dataLayer = window.dataLayer || [];
  function gtag(){dataLayer.push(arguments);}
  gtag('js', new Date());

  gtag('config', 'UA-26211653-1');
</script>
<!-- End Google Analytics -->
<!-- Venatus Ad Manager - Install in <HEAD> of page -->
	<script src="https://hb.vntsm.com/v3/live/ad-manager.min.js" type="text/javascript" data-site-id="642aba63ec9a7b11c3c9c1be" data-mode="scan" async></script>
<!-- / Venatus Ad Manager -->

<style>
	@media (max-width:820px) {
		.battle {
			margin: 0 auto;
		}
		.battle-log {
			margin: 7px auto 0;
			max-width: 640px;
			height: 300px;
			position: static;
		}
	}
	.optgroup {
		display: inline-block;
		line-height: 22px;
		font-size: 10pt;
	}
	.optgroup .button {
		height: 25px;
		padding-top: 0;
		padding-bottom: 0;
	}
	.optgroup button.button {
		padding-left: 12px;
		padding-right: 12px;
	}
	.linklist {
		list-style: none;
		margin: 0.5em 0;
		padding: 0;
	}
	.linklist li {
		padding: 2px 0;
	}
	.sidebar {
		float: left;
		width: 320px;
	}
	.bar-wrapper {
		max-width: 1100px;
		margin: 0 auto;
	}
	.bar-wrapper.has-sidebar {
		max-width: 1430px;
	}
	.mainbar {
		margin: 0;
		padding-right: 1px;
	}
	.mainbar.has-sidebar {
		margin-left: 330px;
	}
	@media (min-width: 1511px) {
		.sidebar {
			width: 400px;
		}
		.bar-wrapper.has-sidebar {
			max-width: 1510px;
		}
		.mainbar.has-sidebar {
			margin-left: 410px;
		}
	}
	.section.first-section {
		margin-top: 9px;
	}
	.blocklink small {
		white-space: normal;
	}
	.button {
		vertical-align: middle;
	}
	.replay-controls {
		padding-top: 10px;
	}
	.replay-controls h1 {
		font-size: 16pt;
		font-weight: normal;
		color: #CCC;
	}
	.pagelink {
		text-align: center;
	}
	.pagelink a {
		width: 150px;
	}
	.textbox, .button {
		font-size: 11pt;
		vertical-align: middle;
	}
	@media (max-width: 450px) {
		.button {
			font-size: 9pt;
		}
	}
</style>

<div>

	<header>
		<div class="nav-wrapper"><ul class="nav">
			<li><a class="button nav-first" href="//pokemonshowdown.com/"><img src="//pokemonshowdown.com/images/pokemonshowdownbeta.png" srcset="//pokemonshowdown.com/images/pokemonshowdownbeta.png 1x, //pokemonshowdown.com/images/pokemonshowdownbeta@2x.png 2x" alt="Pok&eacute;mon Showdown" width="146" height="44" /> Home</a></li>
			<li><a class="button" href="//pokemonshowdown.com/dex/">Pok&eacute;dex</a></li>
			<li><a class="button cur" href="/">Replays</a></li>
			<li><a class="button" href="//pokemonshowdown.com/ladder/">Ladder</a></li>
			<li><a class="button nav-last" href="//pokemonshowdown.com/forums/">Forum</a></li>
			<li><a class="button greenbutton nav-first nav-last" href="//play.pokemonshowdown.com/">Play</a></li>
		</ul></div>
	</header>

	<div class="main" id="main">

		<noscript><section class="section">You need to enable JavaScript to use this page; sorry!</section></noscript>

	</div>

</div>

<script defer nomodule src="//play.pokemonshowdown.com/js/lib/ps-polyfill.js"></script>
<script defer src="//play.pokemonshowdown.com/js/lib/preact.min.js"></script>

<script defer src="//play.pokemonshowdown.com/config/config.js?2bddbc15"></script>
<script defer src="//play.pokemonshowdown.com/js/lib/jquery-1.11.0.min.js"></script>
<script defer src="//play.pokemonshowdown.com/js/lib/html-sanitizer-minified.js"></script>
<script defer src="//play.pokemonshowdown.com/js/battle-sound.js"></script>
<script defer src="//play.pokemonshowdown.com/js/battledata.js?0.7209276989879541"></script>
<script defer src="//play.pokemonshowdown.com/data/pokedex-mini.js?0.6111056340867951"></script>
<script defer src="//play.pokemonshowdown.com/data/pokedex-mini-bw.js?0.3532142036491459"></script>
<script defer src="//play.pokemonshowdown.com/data/graphics.js?0.24223875632456182"></script>
<script defer src="//play.pokemonshowdown.com/data/pokedex.js?0.38839984266356864"></script>
<script defer src="//play.pokemonshowdown.com/data/moves.js?0.21866028504024015"></script>
<script defer src="//play.pokemonshowdown.com/data/abilities.js?0.2005157953846628"></script>
<script defer src="//play.pokemonshowdown.com/data/items.js?0.9894211263848525"></script>
<script defer src="//play.pokemonshowdown.com/data/teambuilder-tables.js?0.6008791140282215"></script>
<script defer src="//play.pokemonshowdown.com/js/battle-tooltips.js?0.7580118955022959"></script>
<script defer src="//play.pokemonshowdown.com/js/battle.js?0.6057722274234274"></script>

<script defer src="js/utils.js?e31f9a17"></script>
<script defer src="js/replays-battle.js?7008c182"></script>

<!-- don't scrape this data! just add .json or .log after the URL!
Full API docs: https://github.com/smogon/pokemon-showdown-client/blob/master/WEB-API.md -->
<script type="text/plain" class="log" id="replaylog-smogtours-gen3ou-799278">
|inactive|Battle timer is ON: inactive players will automatically lose when time's up.
|t:|1729178651
|gametype|singles
|player|p1|monchooo|pryce-gen2|
|player|p2|Gonzasaurio 50|102|
|teamsize|p1|6
|teamsize|p2|6
|gen|3
|tier|[Gen 3] OU
|rule|Sleep Clause Mod: Limit one foe put to sleep
|rule|Switch Priority Clause Mod: Faster Pokémon switch first
|rule|Species Clause: Limit one of each Pokémon
|rule|OHKO Clause: OHKO moves are banned
|rule|Evasion Items Clause: Evasion items are banned
|rule|Evasion Moves Clause: Evasion moves are banned
|rule|Endless Battle Clause: Forcing endless battles is banned
|rule|HP Percentage Mod: HP is shown in percentages
|rule|One Boost Passer Clause: Limit one Baton Passer that has a way to boost its stats
|rule|Freeze Clause Mod: Limit one foe frozen
|
|t:|1729178651
|start
|switch|p1a: Tyranitar|Tyranitar, M|100/100
|switch|p2a: Tyranitar|Tyranitar, M|100/100
|-weather|Sandstorm|[from] ability: Sand Stream|[of] p2a: Tyranitar
|turn|1
|c|☆monchooo|hf
|inactive|monchooo has 270 seconds left.
|inactive|monchooo has 240 seconds left.
|
|t:|1729178714
|switch|p2a: Wet Dreamz|Swampert, F|100/100
|move|p1a: Tyranitar|Earthquake|p2a: Wet Dreamz
|-damage|p2a: Wet Dreamz|60/100
|
|-weather|Sandstorm|[upkeep]
|-heal|p2a: Wet Dreamz|66/100|[from] item: Leftovers
|upkeep
|turn|2
|
|t:|1729178744
|switch|p1a: Suicune|Suicune|100/100
|move|p2a: Wet Dreamz|Protect||[still]
|-fail|p2a: Wet Dreamz
|
|-weather|Sandstorm|[upkeep]
|-damage|p1a: Suicune|94/100|[from] Sandstorm
|-heal|p1a: Suicune|100/100|[from] item: Leftovers
|-heal|p2a: Wet Dreamz|72/100|[from] item: Leftovers
|upkeep
|turn|3
|
|t:|1729178749
|switch|p2a: She Knows|Blissey, F|100/100
|move|p1a: Suicune|Calm Mind|p1a: Suicune
|-boost|p1a: Suicune|spa|1
|-boost|p1a: Suicune|spd|1
|
|-weather|Sandstorm|[upkeep]
|-damage|p1a: Suicune|94/100|[from] Sandstorm
|-damage|p2a: She Knows|94/100|[from] Sandstorm
|-heal|p1a: Suicune|100/100|[from] item: Leftovers
|-heal|p2a: She Knows|100/100|[from] item: Leftovers
|upkeep
|turn|4
|
|t:|1729178755
|move|p1a: Suicune|Calm Mind|p1a: Suicune
|-boost|p1a: Suicune|spa|1
|-boost|p1a: Suicune|spd|1
|move|p2a: She Knows|Calm Mind|p2a: She Knows
|-boost|p2a: She Knows|spa|1
|-boost|p2a: She Knows|spd|1
|
|-weather|Sandstorm|[upkeep]
|-damage|p1a: Suicune|94/100|[from] Sandstorm
|-damage|p2a: She Knows|94/100|[from] Sandstorm
|-heal|p1a: Suicune|100/100|[from] item: Leftovers
|-heal|p2a: She Knows|100/100|[from] item: Leftovers
|upkeep
|turn|5
|
|t:|1729178757
|move|p1a: Suicune|Calm Mind|p1a: Suicune
|-boost|p1a: Suicune|spa|1
|-boost|p1a: Suicune|spd|1
|move|p2a: She Knows|Calm Mind|p2a: She Knows
|-boost|p2a: She Knows|spa|1
|-boost|p2a: She Knows|spd|1
|
|-weather|Sandstorm|[upkeep]
|-damage|p1a: Suicune|94/100|[from] Sandstorm
|-damage|p2a: She Knows|94/100|[from] Sandstorm
|-heal|p1a: Suicune|100/100|[from] item: Leftovers
|-heal|p2a: She Knows|100/100|[from] item: Leftovers
|upkeep
|turn|6
|
|t:|1729178759
|move|p1a: Suicune|Calm Mind|p1a: Suicune
|-boost|p1a: Suicune|spa|1
|-boost|p1a: Suicune|spd|1
|move|p2a: She Knows|Calm Mind|p2a: She Knows
|-boost|p2a: She Knows|spa|1
|-boost|p2a: She Knows|spd|1
|
|-weather|Sandstorm|[upkeep]
|-damage|p1a: Suicune|94/100|[from] Sandstorm
|-damage|p2a: She Knows|94/100|[from] Sandstorm
|-heal|p1a: Suicune|100/100|[from] item: Leftovers
|-heal|p2a: She Knows|100/100|[from] item: Leftovers
|upkeep
|turn|7
|
|t:|1729178765
|move|p1a: Suicune|Calm Mind|p1a: Suicune
|-boost|p1a: Suicune|spa|1
|-boost|p1a: Suicune|spd|1
|move|p2a: She Knows|Calm Mind|p2a: She Knows
|-boost|p2a: She Knows|spa|1
|-boost|p2a: She Knows|spd|1
|
|-weather|Sandstorm|[upkeep]
|-damage|p1a: Suicune|94/100|[from] Sandstorm
|-damage|p2a: She Knows|94/100|[from] Sandstorm
|-heal|p1a: Suicune|100/100|[from] item: Leftovers
|-heal|p2a: She Knows|100/100|[from] item: Leftovers
|upkeep
|turn|8
|
|t:|1729178767
|move|p1a: Suicune|Calm Mind|p1a: Suicune
|-boost|p1a: Suicune|spa|1
|-boost|p1a: Suicune|spd|1
|move|p2a: She Knows|Calm Mind|p2a: She Knows
|-boost|p2a: She Knows|spa|1
|-boost|p2a: She Knows|spd|1
|
|-weather|Sandstorm|[upkeep]
|-damage|p1a: Suicune|94/100|[from] Sandstorm
|-damage|p2a: She Knows|94/100|[from] Sandstorm
|-heal|p1a: Suicune|100/100|[from] item: Leftovers
|-heal|p2a: She Knows|100/100|[from] item: Leftovers
|upkeep
|turn|9
|
|t:|1729178769
|move|p2a: She Knows|Calm Mind|p2a: She Knows
|-boost|p2a: She Knows|spa|1
|-boost|p2a: She Knows|spd|1
|move|p1a: Suicune|Roar|p2a: She Knows
|drag|p2a: Fire Squad|Charizard, F|100/100
|
|-weather|Sandstorm|[upkeep]
|-damage|p2a: Fire Squad|94/100|[from] Sandstorm
|-damage|p1a: Suicune|94/100|[from] Sandstorm
|-heal|p2a: Fire Squad|100/100|[from] item: Leftovers
|-heal|p1a: Suicune|100/100|[from] item: Leftovers
|upkeep
|turn|10
|
|t:|1729178782
|move|p2a: Fire Squad|Substitute|p2a: Fire Squad
|-start|p2a: Fire Squad|Substitute
|-damage|p2a: Fire Squad|76/100
|move|p1a: Suicune|Surf|p2a: Fire Squad
|-supereffective|p2a: Fire Squad
|-end|p2a: Fire Squad|Substitute
|
|-weather|Sandstorm|[upkeep]
|-damage|p2a: Fire Squad|70/100|[from] Sandstorm
|-damage|p1a: Suicune|94/100|[from] Sandstorm
|-heal|p2a: Fire Squad|76/100|[from] item: Leftovers
|-heal|p1a: Suicune|100/100|[from] item: Leftovers
|upkeep
|turn|11
|
|t:|1729178790
|move|p2a: Fire Squad|Fire Blast|p1a: Suicune
|-resisted|p1a: Suicune
|-damage|p1a: Suicune|95/100
|move|p1a: Suicune|Surf|p2a: Fire Squad
|-supereffective|p2a: Fire Squad
|-damage|p2a: Fire Squad|0 fnt
|faint|p2a: Fire Squad
|
|t:|1729178795
|switch|p2a: Starmie|Starmie|100/100
|
|-weather|Sandstorm|[upkeep]
|-damage|p2a: Starmie|94/100|[from] Sandstorm
|-damage|p1a: Suicune|89/100|[from] Sandstorm
|-heal|p2a: Starmie|100/100|[from] item: Leftovers
|-heal|p1a: Suicune|95/100|[from] item: Leftovers
|upkeep
|turn|12
|
|t:|1729178798
|move|p2a: Starmie|Thunderbolt|p1a: Suicune
|-supereffective|p1a: Suicune
|-damage|p1a: Suicune|84/100
|move|p1a: Suicune|Surf|p2a: Starmie
|-resisted|p2a: Starmie
|-damage|p2a: Starmie|7/100
|
|-weather|Sandstorm|[upkeep]
|-damage|p2a: Starmie|0 fnt|[from] Sandstorm
|-damage|p1a: Suicune|78/100|[from] Sandstorm
|faint|p2a: Starmie
|-heal|p1a: Suicune|84/100|[from] item: Leftovers
|upkeep
|
|t:|1729178800
|switch|p2a: She Knows|Blissey, F|100/100
|turn|13
|
|t:|1729178802
|move|p1a: Suicune|Surf|p2a: She Knows
|-damage|p2a: She Knows|50/100
|move|p2a: She Knows|Thunderbolt|p1a: Suicune
|-supereffective|p1a: Suicune
|-damage|p1a: Suicune|74/100
|-status|p1a: Suicune|par
|
|-weather|Sandstorm|[upkeep]
|-damage|p2a: She Knows|44/100|[from] Sandstorm
|-damage|p1a: Suicune|68/100 par|[from] Sandstorm
|-heal|p2a: She Knows|50/100|[from] item: Leftovers
|-heal|p1a: Suicune|74/100 par|[from] item: Leftovers
|upkeep
|turn|14
|
|t:|1729178809
|move|p2a: She Knows|Calm Mind|p2a: She Knows
|-boost|p2a: She Knows|spa|1
|-boost|p2a: She Knows|spd|1
|cant|p1a: Suicune|par
|
|-weather|Sandstorm|[upkeep]
|-damage|p2a: She Knows|44/100|[from] Sandstorm
|-damage|p1a: Suicune|68/100 par|[from] Sandstorm
|-heal|p2a: She Knows|50/100|[from] item: Leftovers
|-heal|p1a: Suicune|74/100 par|[from] item: Leftovers
|upkeep
|turn|15
|
|t:|1729178814
|move|p2a: She Knows|Soft-Boiled|p2a: She Knows
|-heal|p2a: She Knows|99/100
|move|p1a: Suicune|Rest|p1a: Suicune
|-status|p1a: Suicune|slp|[from] move: Rest
|-heal|p1a: Suicune|100/100 slp|[silent]
|
|-weather|Sandstorm|[upkeep]
|-damage|p1a: Suicune|94/100 slp|[from] Sandstorm
|-damage|p2a: She Knows|94/100|[from] Sandstorm
|-heal|p1a: Suicune|100/100 slp|[from] item: Leftovers
|-heal|p2a: She Knows|99/100|[from] item: Leftovers
|upkeep
|turn|16
|
|t:|1729178818
|switch|p2a: H.Y.B.|Dugtrio, F|100/100
|cant|p1a: Suicune|slp
|
|-weather|Sandstorm|[upkeep]
|-damage|p1a: Suicune|94/100 slp|[from] Sandstorm
|-heal|p1a: Suicune|100/100 slp|[from] item: Leftovers
|upkeep
|turn|17
|
|t:|1729178821
|move|p2a: H.Y.B.|Earthquake|p1a: Suicune
|-damage|p1a: Suicune|70/100 slp
|cant|p1a: Suicune|slp
|
|-weather|Sandstorm|[upkeep]
|-damage|p1a: Suicune|64/100 slp|[from] Sandstorm
|-heal|p1a: Suicune|70/100 slp|[from] item: Leftovers
|upkeep
|turn|18
|
|t:|1729178823
|move|p2a: H.Y.B.|Earthquake|p1a: Suicune
|-damage|p1a: Suicune|40/100 slp
|-curestatus|p1a: Suicune|slp|[msg]
|move|p1a: Suicune|Surf|p2a: H.Y.B.
|-supereffective|p2a: H.Y.B.
|-damage|p2a: H.Y.B.|0 fnt
|faint|p2a: H.Y.B.
|
|t:|1729178826
|switch|p2a: She Knows|Blissey, F|99/100
|
|-weather|Sandstorm|[upkeep]
|-damage|p1a: Suicune|34/100|[from] Sandstorm
|-damage|p2a: She Knows|94/100|[from] Sandstorm
|-heal|p1a: Suicune|40/100|[from] item: Leftovers
|-heal|p2a: She Knows|99/100|[from] item: Leftovers
|upkeep
|turn|19
|
|t:|1729178831
|move|p1a: Suicune|Surf|p2a: She Knows
|-damage|p2a: She Knows|48/100
|move|p2a: She Knows|Thunderbolt|p1a: Suicune
|-supereffective|p1a: Suicune
|-damage|p1a: Suicune|30/100
|
|-weather|Sandstorm|[upkeep]
|-damage|p1a: Suicune|24/100|[from] Sandstorm
|-damage|p2a: She Knows|42/100|[from] Sandstorm
|-heal|p1a: Suicune|30/100|[from] item: Leftovers
|-heal|p2a: She Knows|48/100|[from] item: Leftovers
|upkeep
|turn|20
|-message|Gonzasaurio 50 forfeited.
|
|win|monchooo
|player|p2|
|c|☆monchooo|ggs

</script>
<script type="application/json" class="data" id="replaydata-smogtours-gen3ou-799278">
{"id":"smogtours-gen3ou-799278","format":"[Gen 3] OU","players":["monchooo","Gonzasaurio 50"],"uploadtime":1729178835,"views":91,"formatid":"gen3ou","rating":null,"private":1,"password":null}
</script>

<script defer src="js/replays.js?9d40a366"></script>
