<!DOCTYPE html>
<meta charset="utf-8" />
<meta name="viewport" content="width=device-width" />

<title>[Gen 3] OU: leng loi vs. drogasas - Replays - Pok&eacute;mon Showdown!</title>

<meta name="description" content="Watch a replay of a Pok&eacute;mon battle between leng loi and drogasas! Format: [Gen 3] OU; Date: Oct 28, 2024" />
<!--

Hey, you! Looking in the source for the replay log?

You can find them in JSON format, just add `.json` at the end of a replay URL.

https://replay.pokemonshowdown.com/gen7randomdoublesbattle-865046831.json

Or, if you only need the log itself, add `.log` instead:

https://replay.pokemonshowdown.com/gen7randomdoublesbattle-865046831.log

-->

<link rel="stylesheet" href="//pokemonshowdown.com/style/global.css?0.023195364461161105" />
<link rel="stylesheet" href="//play.pokemonshowdown.com/style/font-awesome.css?0.13261647063804238" />
<link rel="stylesheet" href="//play.pokemonshowdown.com/style/battle.css?0.8753245789963631" />
<link rel="stylesheet" href="//play.pokemonshowdown.com/style/utilichart.css?0.8627959624976733" />

<!-- Global site tag (gtag.js) - Google Analytics -->
<script async src="https://www.googletagmanager.com/gtag/js?id=UA-26211653-1"></script>
<script>
  window.dataLayer = window.dataLayer || [];
  function gtag(){dataLayer.push(arguments);}
  gtag('js', new Date());

  gtag('config', 'UA-26211653-1');
</script>
<!-- End Google Analytics -->
<!-- Venatus Ad Manager - Install in <HEAD> of page -->
	<script src="https://hb.vntsm.com/v3/live/ad-manager.min.js" type="text/javascript" data-site-id="642aba63ec9a7b11c3c9c1be" data-mode="scan" async></script>
<!-- / Venatus Ad Manager -->

<style>
	@media (max-width:820px) {
		.battle {
			margin: 0 auto;
		}
		.battle-log {
			margin: 7px auto 0;
			max-width: 640px;
			height: 300px;
			position: static;
		}
	}
	.optgroup {
		display: inline-block;
		line-height: 22px;
		font-size: 10pt;
	}
	.optgroup .button {
		height: 25px;
		padding-top: 0;
		padding-bottom: 0;
	}
	.optgroup button.button {
		padding-left: 12px;
		padding-right: 12px;
	}
	.linklist {
		list-style: none;
		margin: 0.5em 0;
		padding: 0;
	}
	.linklist li {
		padding: 2px 0;
	}
	.sidebar {
		float: left;
		width: 320px;
	}
	.bar-wrapper {
		max-width: 1100px;
		margin: 0 auto;
	}
	.bar-wrapper.has-sidebar {
		max-width: 1430px;
	}
	.mainbar {
		margin: 0;
		padding-right: 1px;
	}
	.mainbar.has-sidebar {
		margin-left: 330px;
	}
	@media (min-width: 1511px) {
		.sidebar {
			width: 400px;
		}
		.bar-wrapper.has-sidebar {
			max-width: 1510px;
		}
		.mainbar.has-sidebar {
			margin-left: 410px;
		}
	}
	.section.first-section {
		margin-top: 9px;
	}
	.blocklink small {
		white-space: normal;
	}
	.button {
		vertical-align: middle;
	}
	.replay-controls {
		padding-top: 10px;
	}
	.replay-controls h1 {
		font-size: 16pt;
		font-weight: normal;
		color: #CCC;
	}
	.pagelink {
		text-align: center;
	}
	.pagelink a {
		width: 150px;
	}
	.textbox, .button {
		font-size: 11pt;
		vertical-align: middle;
	}
	@media (max-width: 450px) {
		.button {
			font-size: 9pt;
		}
	}
</style>

<div>

	<header>
		<div class="nav-wrapper"><ul class="nav">
			<li><a class="button nav-first" href="//pokemonshowdown.com/"><img src="//pokemonshowdown.com/images/pokemonshowdownbeta.png" srcset="//pokemonshowdown.com/images/pokemonshowdownbeta.png 1x, //pokemonshowdown.com/images/pokemonshowdownbeta@2x.png 2x" alt="Pok&eacute;mon Showdown" width="146" height="44" /> Home</a></li>
			<li><a class="button" href="//pokemonshowdown.com/dex/">Pok&eacute;dex</a></li>
			<li><a class="button cur" href="/">Replays</a></li>
			<li><a class="button" href="//pokemonshowdown.com/ladder/">Ladder</a></li>
			<li><a class="button nav-last" href="//pokemonshowdown.com/forums/">Forum</a></li>
			<li><a class="button greenbutton nav-first nav-last" href="//play.pokemonshowdown.com/">Play</a></li>
		</ul></div>
	</header>

	<div class="main" id="main">

		<noscript><section class="section">You need to enable JavaScript to use this page; sorry!</section></noscript>

	</div>

</div>

<script defer nomodule src="//play.pokemonshowdown.com/js/lib/ps-polyfill.js"></script>
<script defer src="//play.pokemonshowdown.com/js/lib/preact.min.js"></script>

<script defer src="//play.pokemonshowdown.com/config/config.js?2bddbc15"></script>
<script defer src="//play.pokemonshowdown.com/js/lib/jquery-1.11.0.min.js"></script>
<script defer src="//play.pokemonshowdown.com/js/lib/html-sanitizer-minified.js"></script>
<script defer src="//play.pokemonshowdown.com/js/battle-sound.js"></script>
<script defer src="//play.pokemonshowdown.com/js/battledata.js?0.7209276989879541"></script>
<script defer src="//play.pokemonshowdown.com/data/pokedex-mini.js?0.6111056340867951"></script>
<script defer src="//play.pokemonshowdown.com/data/pokedex-mini-bw.js?0.3532142036491459"></script>
<script defer src="//play.pokemonshowdown.com/data/graphics.js?0.24223875632456182"></script>
<script defer src="//play.pokemonshowdown.com/data/pokedex.js?0.38839984266356864"></script>
<script defer src="//play.pokemonshowdown.com/data/moves.js?0.21866028504024015"></script>
<script defer src="//play.pokemonshowdown.com/data/abilities.js?0.2005157953846628"></script>
<script defer src="//play.pokemonshowdown.com/data/items.js?0.9894211263848525"></script>
<script defer src="//play.pokemonshowdown.com/data/teambuilder-tables.js?0.6008791140282215"></script>
<script defer src="//play.pokemonshowdown.com/js/battle-tooltips.js?0.7580118955022959"></script>
<script defer src="//play.pokemonshowdown.com/js/battle.js?0.6057722274234274"></script>

<script defer src="js/utils.js?e31f9a17"></script>
<script defer src="js/replays-battle.js?7008c182"></script>

<!-- don't scrape this data! just add .json or .log after the URL!
Full API docs: https://github.com/smogon/pokemon-showdown-client/blob/master/WEB-API.md -->
<script type="text/plain" class="log" id="replaylog-smogtours-gen3ou-803090">
|inactive|Battle timer is ON: inactive players will automatically lose when time's up.
|t:|1730137405
|gametype|singles
|player|p1|leng loi|#scl4machines2|
|player|p2|drogasas|scientist-gen4|
|teamsize|p1|6
|teamsize|p2|6
|gen|3
|tier|[Gen 3] OU
|rule|Sleep Clause Mod: Limit one foe put to sleep
|rule|Switch Priority Clause Mod: Faster Pokémon switch first
|rule|Species Clause: Limit one of each Pokémon
|rule|OHKO Clause: OHKO moves are banned
|rule|Evasion Items Clause: Evasion items are banned
|rule|Evasion Moves Clause: Evasion moves are banned
|rule|Endless Battle Clause: Forcing endless battles is banned
|rule|HP Percentage Mod: HP is shown in percentages
|rule|One Boost Passer Clause: Limit one Baton Passer that has a way to boost its stats
|rule|Freeze Clause Mod: Limit one foe frozen
|
|t:|1730137405
|start
|switch|p1a: Zapdos|Zapdos|100/100
|switch|p2a: Tyranitar|Tyranitar, F|100/100
|-weather|Sandstorm|[from] ability: Sand Stream|[of] p2a: Tyranitar
|turn|1
|
|t:|1730137434
|move|p1a: Zapdos|Baton Pass|p1a: Zapdos
|
|t:|1730137435
|switch|p1a: Swampert|Swampert, M|100/100|[from] Baton Pass
|move|p2a: Tyranitar|Rock Slide|p1a: Swampert
|-resisted|p1a: Swampert
|-damage|p1a: Swampert|82/100
|
|-weather|Sandstorm|[upkeep]
|-heal|p1a: Swampert|88/100|[from] item: Leftovers
|upkeep
|turn|2
|
|t:|1730137447
|switch|p2a: Skarmory|Skarmory, M|100/100
|move|p1a: Swampert|Ice Beam|p2a: Skarmory
|-damage|p2a: Skarmory|79/100
|-status|p2a: Skarmory|frz
|
|-weather|Sandstorm|[upkeep]
|-heal|p2a: Skarmory|85/100 frz|[from] item: Leftovers
|-heal|p1a: Swampert|94/100|[from] item: Leftovers
|upkeep
|turn|3
|
|t:|1730137454
|switch|p2a: Blissey|Blissey, F|100/100
|move|p1a: Swampert|Hydro Pump|p2a: Blissey
|-damage|p2a: Blissey|81/100
|
|-weather|Sandstorm|[upkeep]
|-damage|p2a: Blissey|75/100|[from] Sandstorm
|-heal|p1a: Swampert|99/100|[from] item: Leftovers
|-heal|p2a: Blissey|81/100|[from] item: Leftovers
|upkeep
|turn|4
|
|t:|1730137461
|switch|p1a: Metagross|Metagross|100/100
|move|p2a: Blissey|Aromatherapy|p2a: Blissey
|-cureteam|p2a: Blissey|[from] move: Aromatherapy
|
|-weather|Sandstorm|[upkeep]
|-damage|p2a: Blissey|75/100|[from] Sandstorm
|-heal|p2a: Blissey|81/100|[from] item: Leftovers
|upkeep
|turn|5
|
|t:|1730137465
|switch|p2a: Skarmory|Skarmory, M|85/100
|move|p1a: Metagross|Explosion|p2a: Skarmory
|-resisted|p2a: Skarmory
|-damage|p2a: Skarmory|0 fnt
|faint|p1a: Metagross
|faint|p2a: Skarmory
|
|t:|1730137474
|switch|p1a: Zapdos|Zapdos|100/100
|switch|p2a: Gengar|Gengar, M|100/100
|
|-weather|Sandstorm|[upkeep]
|-damage|p1a: Zapdos|94/100|[from] Sandstorm
|-damage|p2a: Gengar|94/100|[from] Sandstorm
|-heal|p1a: Zapdos|100/100|[from] item: Leftovers
|-heal|p2a: Gengar|100/100|[from] item: Leftovers
|upkeep
|turn|6
|
|t:|1730137477
|switch|p2a: Blissey|Blissey, F|81/100
|move|p1a: Zapdos|Substitute|p1a: Zapdos
|-start|p1a: Zapdos|Substitute
|-damage|p1a: Zapdos|76/100
|
|-weather|Sandstorm|[upkeep]
|-damage|p1a: Zapdos|69/100|[from] Sandstorm
|-damage|p2a: Blissey|75/100|[from] Sandstorm
|-heal|p1a: Zapdos|76/100|[from] item: Leftovers
|-heal|p2a: Blissey|81/100|[from] item: Leftovers
|upkeep
|turn|7
|
|t:|1730137483
|move|p1a: Zapdos|Baton Pass|p1a: Zapdos
|
|t:|1730137484
|switch|p1a: Breloom|Breloom, F|100/100|[from] Baton Pass
|move|p2a: Blissey|Seismic Toss|p1a: Breloom
|-end|p1a: Breloom|Substitute
|
|-weather|Sandstorm|[upkeep]
|-damage|p1a: Breloom|94/100|[from] Sandstorm
|-damage|p2a: Blissey|75/100|[from] Sandstorm
|-heal|p1a: Breloom|100/100|[from] item: Leftovers
|-heal|p2a: Blissey|81/100|[from] item: Leftovers
|upkeep
|turn|8
|inactive|drogasas has 270 seconds left.
|
|t:|1730137544
|switch|p2a: Swampert|Swampert, F|100/100
|move|p1a: Breloom|Spore|p2a: Swampert
|-status|p2a: Swampert|slp|[from] move: Spore
|
|-weather|Sandstorm|[upkeep]
|-damage|p1a: Breloom|94/100|[from] Sandstorm
|-heal|p1a: Breloom|100/100|[from] item: Leftovers
|upkeep
|turn|9
|
|t:|1730137554
|switch|p1a: Zapdos|Zapdos|76/100
|switch|p2a: Gengar|Gengar, M|100/100
|
|-weather|Sandstorm|[upkeep]
|-damage|p1a: Zapdos|69/100|[from] Sandstorm
|-damage|p2a: Gengar|94/100|[from] Sandstorm
|-heal|p1a: Zapdos|76/100|[from] item: Leftovers
|-heal|p2a: Gengar|100/100|[from] item: Leftovers
|upkeep
|turn|10
|
|t:|1730137559
|switch|p2a: Blissey|Blissey, F|81/100
|move|p1a: Zapdos|Baton Pass|p1a: Zapdos
|
|t:|1730137569
|switch|p1a: Tyranitar|Tyranitar, M|100/100|[from] Baton Pass
|
|-weather|Sandstorm|[upkeep]
|-damage|p2a: Blissey|75/100|[from] Sandstorm
|-heal|p2a: Blissey|81/100|[from] item: Leftovers
|upkeep
|turn|11
|inactive|drogasas has 270 seconds left.
|
|t:|1730137599
|move|p1a: Tyranitar|Dragon Dance|p1a: Tyranitar
|-boost|p1a: Tyranitar|atk|1
|-boost|p1a: Tyranitar|spe|1
|move|p2a: Blissey|Seismic Toss|p1a: Tyranitar
|-damage|p1a: Tyranitar|75/100
|
|-weather|Sandstorm|[upkeep]
|-damage|p2a: Blissey|75/100|[from] Sandstorm
|-heal|p1a: Tyranitar|81/100|[from] item: Leftovers
|-heal|p2a: Blissey|81/100|[from] item: Leftovers
|upkeep
|turn|12
|
|t:|1730137617
|switch|p2a: Gengar|Gengar, M|100/100
|move|p1a: Tyranitar|Rock Slide|p2a: Gengar
|-damage|p2a: Gengar|9/100
|
|-weather|Sandstorm|[upkeep]
|-damage|p2a: Gengar|3/100|[from] Sandstorm
|-heal|p2a: Gengar|9/100|[from] item: Leftovers
|-heal|p1a: Tyranitar|87/100|[from] item: Leftovers
|upkeep
|turn|13
|
|t:|1730137627
|switch|p1a: Zapdos|Zapdos|76/100
|move|p2a: Gengar|Will-O-Wisp|p1a: Zapdos
|-status|p1a: Zapdos|brn
|
|-weather|Sandstorm|[upkeep]
|-damage|p1a: Zapdos|69/100 brn|[from] Sandstorm
|-damage|p2a: Gengar|3/100|[from] Sandstorm
|-heal|p1a: Zapdos|76/100 brn|[from] item: Leftovers
|-damage|p1a: Zapdos|63/100 brn|[from] brn
|-heal|p2a: Gengar|9/100|[from] item: Leftovers
|upkeep
|turn|14
|inactive|drogasas has 240 seconds left.
|
|t:|1730137652
|switch|p2a: Blissey|Blissey, F|81/100
|move|p1a: Zapdos|Thunderbolt|p2a: Blissey
|-damage|p2a: Blissey|63/100
|-status|p2a: Blissey|par
|
|-weather|Sandstorm|[upkeep]
|-damage|p1a: Zapdos|57/100 brn|[from] Sandstorm
|-damage|p2a: Blissey|57/100 par|[from] Sandstorm
|-heal|p1a: Zapdos|63/100 brn|[from] item: Leftovers
|-damage|p1a: Zapdos|51/100 brn|[from] brn
|-heal|p2a: Blissey|63/100 par|[from] item: Leftovers
|upkeep
|turn|15
|
|t:|1730137658
|-curestatus|p2a: Blissey|par|[from] ability: Natural Cure
|switch|p2a: Tyranitar|Tyranitar, F|100/100
|move|p1a: Zapdos|Baton Pass|p1a: Zapdos
|
|t:|1730137663
|switch|p1a: Swampert|Swampert, M|99/100|[from] Baton Pass
|
|-weather|Sandstorm|[upkeep]
|-heal|p1a: Swampert|100/100|[from] item: Leftovers
|upkeep
|turn|16
|
|t:|1730137666
|switch|p2a: Starmie|Starmie|100/100
|move|p1a: Swampert|Earthquake|p2a: Starmie
|-damage|p2a: Starmie|49/100
|
|-weather|Sandstorm|[upkeep]
|-damage|p2a: Starmie|42/100|[from] Sandstorm
|-heal|p2a: Starmie|49/100|[from] item: Leftovers
|upkeep
|turn|17
|
|t:|1730137672
|move|p2a: Starmie|Hydro Pump|p1a: Swampert
|-damage|p1a: Swampert|49/100
|move|p1a: Swampert|Earthquake|p2a: Starmie
|-damage|p2a: Starmie|0 fnt
|faint|p2a: Starmie
|
|t:|1730137675
|switch|p2a: Gengar|Gengar, M|9/100
|
|-weather|Sandstorm|[upkeep]
|-damage|p2a: Gengar|3/100|[from] Sandstorm
|-heal|p2a: Gengar|9/100|[from] item: Leftovers
|-heal|p1a: Swampert|56/100|[from] item: Leftovers
|upkeep
|turn|18
|
|t:|1730137681
|switch|p1a: Zapdos|Zapdos|51/100 brn
|move|p2a: Gengar|Giga Drain|p1a: Zapdos
|-resisted|p1a: Zapdos
|-damage|p1a: Zapdos|41/100 brn
|-heal|p2a: Gengar|14/100|[from] drain|[of] p1a: Zapdos
|
|-weather|Sandstorm|[upkeep]
|-damage|p1a: Zapdos|34/100 brn|[from] Sandstorm
|-damage|p2a: Gengar|8/100|[from] Sandstorm
|-heal|p1a: Zapdos|41/100 brn|[from] item: Leftovers
|-damage|p1a: Zapdos|28/100 brn|[from] brn
|-heal|p2a: Gengar|14/100|[from] item: Leftovers
|upkeep
|turn|19
|
|t:|1730137690
|move|p1a: Zapdos|Baton Pass|p1a: Zapdos
|
|t:|1730137695
|switch|p1a: Salamence|Salamence, F|100/100|[from] Baton Pass
|-ability|p1a: Salamence|Intimidate|boost
|-unboost|p2a: Gengar|atk|1
|move|p2a: Gengar|Thunderbolt|p1a: Salamence
|-damage|p1a: Salamence|71/100
|
|-weather|Sandstorm|[upkeep]
|-damage|p2a: Gengar|8/100|[from] Sandstorm
|-damage|p1a: Salamence|65/100|[from] Sandstorm
|-heal|p2a: Gengar|14/100|[from] item: Leftovers
|-heal|p1a: Salamence|71/100|[from] item: Leftovers
|upkeep
|turn|20
|
|t:|1730137707
|move|p2a: Gengar|Will-O-Wisp|p1a: Salamence
|-status|p1a: Salamence|brn
|move|p1a: Salamence|Dragon Claw|p2a: Gengar
|-damage|p2a: Gengar|0 fnt
|faint|p2a: Gengar
|
|t:|1730137711
|switch|p2a: Tyranitar|Tyranitar, F|100/100
|
|-weather|Sandstorm|[upkeep]
|-damage|p1a: Salamence|65/100 brn|[from] Sandstorm
|-heal|p1a: Salamence|71/100 brn|[from] item: Leftovers
|-damage|p1a: Salamence|59/100 brn|[from] brn
|upkeep
|turn|21
|
|t:|1730137718
|move|p1a: Salamence|Brick Break|p2a: Tyranitar
|-supereffective|p2a: Tyranitar
|-damage|p2a: Tyranitar|57/100
|move|p2a: Tyranitar|Dragon Dance|p2a: Tyranitar
|-boost|p2a: Tyranitar|atk|1
|-boost|p2a: Tyranitar|spe|1
|
|-weather|Sandstorm|[upkeep]
|-damage|p1a: Salamence|52/100 brn|[from] Sandstorm
|-heal|p1a: Salamence|59/100 brn|[from] item: Leftovers
|-damage|p1a: Salamence|46/100 brn|[from] brn
|upkeep
|turn|22
|
|t:|1730137725
|switch|p1a: Zapdos|Zapdos|28/100 brn
|move|p2a: Tyranitar|Dragon Dance|p2a: Tyranitar
|-boost|p2a: Tyranitar|atk|1
|-boost|p2a: Tyranitar|spe|1
|
|-weather|Sandstorm|[upkeep]
|-damage|p1a: Zapdos|22/100 brn|[from] Sandstorm
|-heal|p1a: Zapdos|28/100 brn|[from] item: Leftovers
|-damage|p1a: Zapdos|16/100 brn|[from] brn
|upkeep
|turn|23
|
|t:|1730137731
|move|p2a: Tyranitar|Hidden Power|p1a: Zapdos
|-resisted|p1a: Zapdos
|-damage|p1a: Zapdos|0 fnt
|faint|p1a: Zapdos
|
|t:|1730137733
|switch|p1a: Breloom|Breloom, F|100/100
|
|-weather|Sandstorm|[upkeep]
|-damage|p1a: Breloom|94/100|[from] Sandstorm
|-heal|p1a: Breloom|100/100|[from] item: Leftovers
|upkeep
|turn|24
|
|t:|1730137742
|move|p1a: Breloom|Mach Punch|p2a: Tyranitar
|-supereffective|p2a: Tyranitar
|-damage|p2a: Tyranitar|0 fnt
|faint|p2a: Tyranitar
|
|t:|1730137753
|switch|p2a: Swampert|Swampert, F|100/100 slp
|
|-weather|Sandstorm|[upkeep]
|-damage|p1a: Breloom|94/100|[from] Sandstorm
|-heal|p1a: Breloom|100/100|[from] item: Leftovers
|upkeep
|turn|25
|
|t:|1730137755
|-singleturn|p1a: Breloom|move: Focus Punch
|cant|p2a: Swampert|slp
|move|p1a: Breloom|Focus Punch|p2a: Swampert
|-damage|p2a: Swampert|25/100 slp
|
|-weather|Sandstorm|[upkeep]
|-damage|p1a: Breloom|94/100|[from] Sandstorm
|-heal|p1a: Breloom|100/100|[from] item: Leftovers
|-heal|p2a: Swampert|31/100 slp|[from] item: Leftovers
|upkeep
|turn|26
|
|t:|1730137758
|-singleturn|p1a: Breloom|move: Focus Punch
|-curestatus|p2a: Swampert|slp|[msg]
|move|p2a: Swampert|Ice Beam|p1a: Breloom
|-supereffective|p1a: Breloom
|-damage|p1a: Breloom|0 fnt
|faint|p1a: Breloom
|
|t:|1730137764
|switch|p1a: Salamence|Salamence, F|46/100 brn
|-ability|p1a: Salamence|Intimidate|boost
|-unboost|p2a: Swampert|atk|1
|
|-weather|Sandstorm|[upkeep]
|-damage|p1a: Salamence|40/100 brn|[from] Sandstorm
|-heal|p1a: Salamence|46/100 brn|[from] item: Leftovers
|-damage|p1a: Salamence|34/100 brn|[from] brn
|-heal|p2a: Swampert|37/100|[from] item: Leftovers
|upkeep
|turn|27
|
|t:|1730137771
|switch|p2a: Blissey|Blissey, F|63/100
|move|p1a: Salamence|Dragon Claw|p2a: Blissey
|-damage|p2a: Blissey|46/100
|
|-weather|Sandstorm|[upkeep]
|-damage|p1a: Salamence|28/100 brn|[from] Sandstorm
|-damage|p2a: Blissey|40/100|[from] Sandstorm
|-heal|p1a: Salamence|34/100 brn|[from] item: Leftovers
|-damage|p1a: Salamence|21/100 brn|[from] brn
|-heal|p2a: Blissey|46/100|[from] item: Leftovers
|upkeep
|turn|28
|
|t:|1730137793
|switch|p1a: Tyranitar|Tyranitar, M|87/100
|move|p2a: Blissey|Soft-Boiled|p2a: Blissey
|-heal|p2a: Blissey|96/100
|
|-weather|Sandstorm|[upkeep]
|-damage|p2a: Blissey|90/100|[from] Sandstorm
|-heal|p1a: Tyranitar|93/100|[from] item: Leftovers
|-heal|p2a: Blissey|96/100|[from] item: Leftovers
|upkeep
|turn|29
|
|t:|1730137795
|switch|p2a: Swampert|Swampert, F|37/100
|move|p1a: Tyranitar|Dragon Dance|p1a: Tyranitar
|-boost|p1a: Tyranitar|atk|1
|-boost|p1a: Tyranitar|spe|1
|
|-weather|Sandstorm|[upkeep]
|-heal|p1a: Tyranitar|99/100|[from] item: Leftovers
|-heal|p2a: Swampert|43/100|[from] item: Leftovers
|upkeep
|turn|30
|
|t:|1730137802
|move|p1a: Tyranitar|Double-Edge|p2a: Swampert
|-damage|p2a: Swampert|0 fnt
|-damage|p1a: Tyranitar|87/100|[from] Recoil|[of] p2a: Swampert
|faint|p2a: Swampert
|
|t:|1730137805
|switch|p2a: Blissey|Blissey, F|96/100
|
|-weather|Sandstorm|[upkeep]
|-damage|p2a: Blissey|90/100|[from] Sandstorm
|-heal|p1a: Tyranitar|93/100|[from] item: Leftovers
|-heal|p2a: Blissey|96/100|[from] item: Leftovers
|upkeep
|turn|31
|c|☆drogasas|gg
|
|t:|1730137810
|move|p1a: Tyranitar|Earthquake|p2a: Blissey
|-damage|p2a: Blissey|43/100
|move|p2a: Blissey|Seismic Toss|p1a: Tyranitar
|-damage|p1a: Tyranitar|67/100
|
|-weather|Sandstorm|[upkeep]
|-damage|p2a: Blissey|37/100|[from] Sandstorm
|-heal|p1a: Tyranitar|73/100|[from] item: Leftovers
|-heal|p2a: Blissey|43/100|[from] item: Leftovers
|upkeep
|turn|32
|
|t:|1730137813
|move|p1a: Tyranitar|Earthquake|p2a: Blissey
|-damage|p2a: Blissey|0 fnt
|faint|p2a: Blissey
|
|win|leng loi
|c|☆leng loi|gg

</script>
<script type="application/json" class="data" id="replaydata-smogtours-gen3ou-803090">
{"id":"smogtours-gen3ou-803090","format":"[Gen 3] OU","players":["leng loi","drogasas"],"uploadtime":1730137813,"views":77,"formatid":"gen3ou","rating":null,"private":0,"password":null}
</script>

<script defer src="js/replays.js?9d40a366"></script>
