<!DOCTYPE html>
<meta charset="utf-8" />
<meta name="viewport" content="width=device-width" />

<title>[Gen 3] OU: berkyderky vs. DuxIncorporated - Replays - Pok&eacute;mon Showdown!</title>

<meta name="description" content="Watch a replay of a Pok&eacute;mon battle between berkyderky and DuxIncorporated! Format: [Gen 3] OU; Date: Oct 15, 2024" />
<!--

Hey, you! Looking in the source for the replay log?

You can find them in JSON format, just add `.json` at the end of a replay URL.

https://replay.pokemonshowdown.com/gen7randomdoublesbattle-865046831.json

Or, if you only need the log itself, add `.log` instead:

https://replay.pokemonshowdown.com/gen7randomdoublesbattle-865046831.log

-->

<link rel="stylesheet" href="//pokemonshowdown.com/style/global.css?0.023195364461161105" />
<link rel="stylesheet" href="//play.pokemonshowdown.com/style/font-awesome.css?0.13261647063804238" />
<link rel="stylesheet" href="//play.pokemonshowdown.com/style/battle.css?0.8753245789963631" />
<link rel="stylesheet" href="//play.pokemonshowdown.com/style/utilichart.css?0.8627959624976733" />

<!-- Global site tag (gtag.js) - Google Analytics -->
<script async src="https://www.googletagmanager.com/gtag/js?id=UA-26211653-1"></script>
<script>
  window.dataLayer = window.dataLayer || [];
  function gtag(){dataLayer.push(arguments);}
  gtag('js', new Date());

  gtag('config', 'UA-26211653-1');
</script>
<!-- End Google Analytics -->
<!-- Venatus Ad Manager - Install in <HEAD> of page -->
	<script src="https://hb.vntsm.com/v3/live/ad-manager.min.js" type="text/javascript" data-site-id="642aba63ec9a7b11c3c9c1be" data-mode="scan" async></script>
<!-- / Venatus Ad Manager -->

<style>
	@media (max-width:820px) {
		.battle {
			margin: 0 auto;
		}
		.battle-log {
			margin: 7px auto 0;
			max-width: 640px;
			height: 300px;
			position: static;
		}
	}
	.optgroup {
		display: inline-block;
		line-height: 22px;
		font-size: 10pt;
	}
	.optgroup .button {
		height: 25px;
		padding-top: 0;
		padding-bottom: 0;
	}
	.optgroup button.button {
		padding-left: 12px;
		padding-right: 12px;
	}
	.linklist {
		list-style: none;
		margin: 0.5em 0;
		padding: 0;
	}
	.linklist li {
		padding: 2px 0;
	}
	.sidebar {
		float: left;
		width: 320px;
	}
	.bar-wrapper {
		max-width: 1100px;
		margin: 0 auto;
	}
	.bar-wrapper.has-sidebar {
		max-width: 1430px;
	}
	.mainbar {
		margin: 0;
		padding-right: 1px;
	}
	.mainbar.has-sidebar {
		margin-left: 330px;
	}
	@media (min-width: 1511px) {
		.sidebar {
			width: 400px;
		}
		.bar-wrapper.has-sidebar {
			max-width: 1510px;
		}
		.mainbar.has-sidebar {
			margin-left: 410px;
		}
	}
	.section.first-section {
		margin-top: 9px;
	}
	.blocklink small {
		white-space: normal;
	}
	.button {
		vertical-align: middle;
	}
	.replay-controls {
		padding-top: 10px;
	}
	.replay-controls h1 {
		font-size: 16pt;
		font-weight: normal;
		color: #CCC;
	}
	.pagelink {
		text-align: center;
	}
	.pagelink a {
		width: 150px;
	}
	.textbox, .button {
		font-size: 11pt;
		vertical-align: middle;
	}
	@media (max-width: 450px) {
		.button {
			font-size: 9pt;
		}
	}
</style>

<div>

	<header>
		<div class="nav-wrapper"><ul class="nav">
			<li><a class="button nav-first" href="//pokemonshowdown.com/"><img src="//pokemonshowdown.com/images/pokemonshowdownbeta.png" srcset="//pokemonshowdown.com/images/pokemonshowdownbeta.png 1x, //pokemonshowdown.com/images/pokemonshowdownbeta@2x.png 2x" alt="Pok&eacute;mon Showdown" width="146" height="44" /> Home</a></li>
			<li><a class="button" href="//pokemonshowdown.com/dex/">Pok&eacute;dex</a></li>
			<li><a class="button cur" href="/">Replays</a></li>
			<li><a class="button" href="//pokemonshowdown.com/ladder/">Ladder</a></li>
			<li><a class="button nav-last" href="//pokemonshowdown.com/forums/">Forum</a></li>
			<li><a class="button greenbutton nav-first nav-last" href="//play.pokemonshowdown.com/">Play</a></li>
		</ul></div>
	</header>

	<div class="main" id="main">

		<noscript><section class="section">You need to enable JavaScript to use this page; sorry!</section></noscript>

	</div>

</div>

<script defer nomodule src="//play.pokemonshowdown.com/js/lib/ps-polyfill.js"></script>
<script defer src="//play.pokemonshowdown.com/js/lib/preact.min.js"></script>

<script defer src="//play.pokemonshowdown.com/config/config.js?2bddbc15"></script>
<script defer src="//play.pokemonshowdown.com/js/lib/jquery-1.11.0.min.js"></script>
<script defer src="//play.pokemonshowdown.com/js/lib/html-sanitizer-minified.js"></script>
<script defer src="//play.pokemonshowdown.com/js/battle-sound.js"></script>
<script defer src="//play.pokemonshowdown.com/js/battledata.js?0.7209276989879541"></script>
<script defer src="//play.pokemonshowdown.com/data/pokedex-mini.js?0.6111056340867951"></script>
<script defer src="//play.pokemonshowdown.com/data/pokedex-mini-bw.js?0.3532142036491459"></script>
<script defer src="//play.pokemonshowdown.com/data/graphics.js?0.24223875632456182"></script>
<script defer src="//play.pokemonshowdown.com/data/pokedex.js?0.38839984266356864"></script>
<script defer src="//play.pokemonshowdown.com/data/moves.js?0.21866028504024015"></script>
<script defer src="//play.pokemonshowdown.com/data/abilities.js?0.2005157953846628"></script>
<script defer src="//play.pokemonshowdown.com/data/items.js?0.9894211263848525"></script>
<script defer src="//play.pokemonshowdown.com/data/teambuilder-tables.js?0.6008791140282215"></script>
<script defer src="//play.pokemonshowdown.com/js/battle-tooltips.js?0.7580118955022959"></script>
<script defer src="//play.pokemonshowdown.com/js/battle.js?0.6057722274234274"></script>

<script defer src="js/utils.js?e31f9a17"></script>
<script defer src="js/replays-battle.js?7008c182"></script>

<!-- don't scrape this data! just add .json or .log after the URL!
Full API docs: https://github.com/smogon/pokemon-showdown-client/blob/master/WEB-API.md -->
<script type="text/plain" class="log" id="replaylog-smogtours-gen3ou-798859">
|inactive|Battle timer is ON: inactive players will automatically lose when time's up.
|t:|1728955277
|gametype|singles
|player|p1|berkyderky|1|
|player|p2|DuxIncorporated|n|
|teamsize|p1|6
|teamsize|p2|6
|gen|3
|tier|[Gen 3] OU
|rule|Sleep Clause Mod: Limit one foe put to sleep
|rule|Switch Priority Clause Mod: Faster Pokémon switch first
|rule|Species Clause: Limit one of each Pokémon
|rule|OHKO Clause: OHKO moves are banned
|rule|Evasion Items Clause: Evasion items are banned
|rule|Evasion Moves Clause: Evasion moves are banned
|rule|Endless Battle Clause: Forcing endless battles is banned
|rule|HP Percentage Mod: HP is shown in percentages
|rule|One Boost Passer Clause: Limit one Baton Passer that has a way to boost its stats
|rule|Freeze Clause Mod: Limit one foe frozen
|
|t:|1728955277
|start
|switch|p1a: Zapdos|Zapdos|100/100
|switch|p2a: SLOVAK FEMBOY|Celebi|100/100
|turn|1
|
|t:|1728955286
|move|p2a: SLOVAK FEMBOY|Swords Dance|p2a: SLOVAK FEMBOY
|-boost|p2a: SLOVAK FEMBOY|atk|2
|move|p1a: Zapdos|Hidden Power|p2a: SLOVAK FEMBOY
|-supereffective|p2a: SLOVAK FEMBOY
|-damage|p2a: SLOVAK FEMBOY|76/100
|
|-heal|p2a: SLOVAK FEMBOY|83/100|[from] item: Leftovers
|upkeep
|turn|2
|
|t:|1728955292
|move|p2a: SLOVAK FEMBOY|Leech Seed|p1a: Zapdos
|-start|p1a: Zapdos|move: Leech Seed
|move|p1a: Zapdos|Toxic|p2a: SLOVAK FEMBOY
|-status|p2a: SLOVAK FEMBOY|tox
|
|-heal|p2a: SLOVAK FEMBOY|89/100 tox|[from] item: Leftovers
|-damage|p2a: SLOVAK FEMBOY|83/100 tox|[from] psn
|-damage|p1a: Zapdos|88/100|[from] Leech Seed|[of] p2a: SLOVAK FEMBOY
|-heal|p2a: SLOVAK FEMBOY|94/100 tox|[silent]
|upkeep
|turn|3
|
|t:|1728955303
|move|p2a: SLOVAK FEMBOY|Giga Drain|p1a: Zapdos
|-resisted|p1a: Zapdos
|-damage|p1a: Zapdos|81/100
|-heal|p2a: SLOVAK FEMBOY|98/100 tox|[from] drain|[of] p1a: Zapdos
|move|p1a: Zapdos|Toxic|p2a: SLOVAK FEMBOY
|-fail|p2a: SLOVAK FEMBOY|tox
|
|-heal|p2a: SLOVAK FEMBOY|100/100 tox|[from] item: Leftovers
|-damage|p2a: SLOVAK FEMBOY|88/100 tox|[from] psn
|-heal|p1a: Zapdos|87/100|[from] item: Leftovers
|-damage|p1a: Zapdos|74/100|[from] Leech Seed|[of] p2a: SLOVAK FEMBOY
|-heal|p2a: SLOVAK FEMBOY|99/100 tox|[silent]
|upkeep
|turn|4
|
|t:|1728955310
|switch|p1a: Salamence|Salamence, F|100/100
|-ability|p1a: Salamence|Intimidate|boost
|-unboost|p2a: SLOVAK FEMBOY|atk|1
|move|p2a: SLOVAK FEMBOY|Giga Drain|p1a: Salamence
|-resisted|p1a: Salamence
|-damage|p1a: Salamence|95/100
|-heal|p2a: SLOVAK FEMBOY|100/100 tox|[from] drain|[of] p1a: Salamence
|
|-heal|p1a: Salamence|100/100|[from] item: Leftovers
|-damage|p2a: SLOVAK FEMBOY|82/100 tox|[from] psn
|upkeep
|turn|5
|
|t:|1728955328
|move|p1a: Salamence|Dragon Claw|p2a: SLOVAK FEMBOY
|-damage|p2a: SLOVAK FEMBOY|57/100 tox
|move|p2a: SLOVAK FEMBOY|Leech Seed|p1a: Salamence
|-start|p1a: Salamence|move: Leech Seed
|
|-damage|p1a: Salamence|88/100|[from] Leech Seed|[of] p2a: SLOVAK FEMBOY
|-heal|p2a: SLOVAK FEMBOY|68/100 tox|[silent]
|-heal|p2a: SLOVAK FEMBOY|74/100 tox|[from] item: Leftovers
|-damage|p2a: SLOVAK FEMBOY|49/100 tox|[from] psn
|upkeep
|turn|6
|
|t:|1728955339
|switch|p1a: Zapdos|Zapdos|74/100
|move|p2a: SLOVAK FEMBOY|Swords Dance|p2a: SLOVAK FEMBOY
|-boost|p2a: SLOVAK FEMBOY|atk|2
|
|-heal|p2a: SLOVAK FEMBOY|55/100 tox|[from] item: Leftovers
|-damage|p2a: SLOVAK FEMBOY|25/100 tox|[from] psn
|-heal|p1a: Zapdos|80/100|[from] item: Leftovers
|upkeep
|turn|7
|
|t:|1728955354
|move|p2a: SLOVAK FEMBOY|Baton Pass|p2a: SLOVAK FEMBOY
|
|t:|1728955380
|-curestatus|p2a: SLOVAK FEMBOY|tox|[from] ability: Natural Cure
|switch|p2a: FAT MAN|Tyranitar, M|100/100|[from] Baton Pass
|-weather|Sandstorm|[from] ability: Sand Stream|[of] p2a: FAT MAN
|move|p1a: Zapdos|Hidden Power|p2a: FAT MAN
|-damage|p2a: FAT MAN|79/100
|
|-weather|Sandstorm|[upkeep]
|-damage|p1a: Zapdos|74/100|[from] Sandstorm
|-heal|p1a: Zapdos|80/100|[from] item: Leftovers
|-heal|p2a: FAT MAN|86/100|[from] item: Leftovers
|upkeep
|turn|8
|
|t:|1728955392
|move|p1a: Zapdos|Toxic|p2a: FAT MAN
|-status|p2a: FAT MAN|tox
|move|p2a: FAT MAN|Dragon Dance|p2a: FAT MAN
|-boost|p2a: FAT MAN|atk|1
|-boost|p2a: FAT MAN|spe|1
|
|-weather|Sandstorm|[upkeep]
|-damage|p1a: Zapdos|74/100|[from] Sandstorm
|-heal|p2a: FAT MAN|92/100 tox|[from] item: Leftovers
|-damage|p2a: FAT MAN|86/100 tox|[from] psn
|-heal|p1a: Zapdos|80/100|[from] item: Leftovers
|upkeep
|turn|9
|
|t:|1728955404
|switch|p1a: Swampert|Swampert, F|100/100
|move|p2a: FAT MAN|Rock Slide|p1a: Swampert
|-resisted|p1a: Swampert
|-damage|p1a: Swampert|52/100
|
|-weather|Sandstorm|[upkeep]
|-heal|p2a: FAT MAN|92/100 tox|[from] item: Leftovers
|-damage|p2a: FAT MAN|79/100 tox|[from] psn
|-heal|p1a: Swampert|59/100|[from] item: Leftovers
|upkeep
|turn|10
|
|t:|1728955425
|switch|p2a: SLOVAK FEMBOY|Celebi|25/100
|move|p1a: Swampert|Surf|p2a: SLOVAK FEMBOY
|-resisted|p2a: SLOVAK FEMBOY
|-damage|p2a: SLOVAK FEMBOY|15/100
|
|-weather|Sandstorm|[upkeep]
|-damage|p2a: SLOVAK FEMBOY|9/100|[from] Sandstorm
|-heal|p2a: SLOVAK FEMBOY|15/100|[from] item: Leftovers
|-heal|p1a: Swampert|65/100|[from] item: Leftovers
|upkeep
|turn|11
|
|t:|1728955439
|move|p1a: Swampert|Protect|p1a: Swampert
|-singleturn|p1a: Swampert|Protect
|move|p2a: SLOVAK FEMBOY|Giga Drain|p1a: Swampert
|-activate|p1a: Swampert|Protect
|
|-weather|Sandstorm|[upkeep]
|-damage|p2a: SLOVAK FEMBOY|9/100|[from] Sandstorm
|-heal|p2a: SLOVAK FEMBOY|15/100|[from] item: Leftovers
|-heal|p1a: Swampert|71/100|[from] item: Leftovers
|upkeep
|turn|12
|
|t:|1728955449
|switch|p1a: Zapdos|Zapdos|80/100
|move|p2a: SLOVAK FEMBOY|Giga Drain|p1a: Zapdos
|-resisted|p1a: Zapdos
|-damage|p1a: Zapdos|74/100
|-heal|p2a: SLOVAK FEMBOY|18/100|[from] drain|[of] p1a: Zapdos
|
|-weather|Sandstorm|[upkeep]
|-damage|p2a: SLOVAK FEMBOY|12/100|[from] Sandstorm
|-damage|p1a: Zapdos|68/100|[from] Sandstorm
|-heal|p2a: SLOVAK FEMBOY|18/100|[from] item: Leftovers
|-heal|p1a: Zapdos|74/100|[from] item: Leftovers
|upkeep
|turn|13
|
|t:|1728955461
|switch|p2a: Claydol|Claydol|100/100
|move|p1a: Zapdos|Hidden Power|p2a: Claydol
|-supereffective|p2a: Claydol
|-damage|p2a: Claydol|66/100
|
|-weather|Sandstorm|[upkeep]
|-damage|p1a: Zapdos|68/100|[from] Sandstorm
|-heal|p1a: Zapdos|74/100|[from] item: Leftovers
|-heal|p2a: Claydol|72/100|[from] item: Leftovers
|upkeep
|turn|14
|
|t:|1728955475
|move|p1a: Zapdos|Hidden Power|p2a: Claydol
|-supereffective|p2a: Claydol
|-damage|p2a: Claydol|36/100
|move|p2a: Claydol|Ice Beam|p1a: Zapdos
|-supereffective|p1a: Zapdos
|-damage|p1a: Zapdos|41/100
|
|-weather|Sandstorm|[upkeep]
|-damage|p1a: Zapdos|35/100|[from] Sandstorm
|-heal|p1a: Zapdos|41/100|[from] item: Leftovers
|-heal|p2a: Claydol|42/100|[from] item: Leftovers
|upkeep
|turn|15
|
|t:|1728955485
|switch|p1a: Metagross|Metagross|100/100
|switch|p2a: SLOVAK FEMBOY|Celebi|18/100
|
|-weather|Sandstorm|[upkeep]
|-damage|p2a: SLOVAK FEMBOY|12/100|[from] Sandstorm
|-heal|p2a: SLOVAK FEMBOY|18/100|[from] item: Leftovers
|upkeep
|turn|16
|
|t:|1728955495
|move|p2a: SLOVAK FEMBOY|Leech Seed|p1a: Metagross
|-start|p1a: Metagross|move: Leech Seed
|move|p1a: Metagross|Meteor Mash|p2a: SLOVAK FEMBOY|[miss]
|-miss|p1a: Metagross|p2a: SLOVAK FEMBOY
|
|-weather|Sandstorm|[upkeep]
|-damage|p2a: SLOVAK FEMBOY|12/100|[from] Sandstorm
|-heal|p2a: SLOVAK FEMBOY|18/100|[from] item: Leftovers
|-damage|p1a: Metagross|88/100|[from] Leech Seed|[of] p2a: SLOVAK FEMBOY
|-heal|p2a: SLOVAK FEMBOY|29/100|[silent]
|upkeep
|turn|17
|
|t:|1728955507
|switch|p2a: EISENHOWER|Suicune|100/100
|move|p1a: Metagross|Meteor Mash|p2a: EISENHOWER
|-resisted|p2a: EISENHOWER
|-damage|p2a: EISENHOWER|81/100
|
|-weather|Sandstorm|[upkeep]
|-damage|p2a: EISENHOWER|75/100|[from] Sandstorm
|-heal|p2a: EISENHOWER|81/100|[from] item: Leftovers
|-heal|p1a: Metagross|94/100|[from] item: Leftovers
|-damage|p1a: Metagross|82/100|[from] Leech Seed|[of] p2a: EISENHOWER
|-heal|p2a: EISENHOWER|91/100|[silent]
|upkeep
|turn|18
|
|t:|1728955512
|move|p2a: EISENHOWER|Calm Mind|p2a: EISENHOWER
|-boost|p2a: EISENHOWER|spa|1
|-boost|p2a: EISENHOWER|spd|1
|move|p1a: Metagross|Explosion|p2a: EISENHOWER
|-damage|p2a: EISENHOWER|0 fnt
|faint|p1a: Metagross
|faint|p2a: EISENHOWER
|
|t:|1728955523
|switch|p2a: SLOVAK FEMBOY|Celebi|29/100
|switch|p1a: Salamence|Salamence, F|88/100
|-ability|p1a: Salamence|Intimidate|boost
|-unboost|p2a: SLOVAK FEMBOY|atk|1
|
|-weather|Sandstorm|[upkeep]
|-damage|p1a: Salamence|82/100|[from] Sandstorm
|-damage|p2a: SLOVAK FEMBOY|23/100|[from] Sandstorm
|-heal|p1a: Salamence|88/100|[from] item: Leftovers
|-heal|p2a: SLOVAK FEMBOY|29/100|[from] item: Leftovers
|upkeep
|turn|19
|
|t:|1728955533
|switch|p2a: Claydol|Claydol|42/100
|move|p1a: Salamence|Flamethrower|p2a: Claydol
|-damage|p2a: Claydol|14/100
|
|-weather|Sandstorm|[upkeep]
|-damage|p1a: Salamence|82/100|[from] Sandstorm
|-heal|p1a: Salamence|88/100|[from] item: Leftovers
|-heal|p2a: Claydol|20/100|[from] item: Leftovers
|upkeep
|turn|20
|
|t:|1728955542
|move|p1a: Salamence|Dragon Claw|p2a: Claydol
|-damage|p2a: Claydol|0 fnt
|faint|p2a: Claydol
|
|t:|1728955549
|switch|p2a: FAT MAN|Tyranitar, M|79/100 tox
|
|-weather|Sandstorm|[upkeep]
|-damage|p1a: Salamence|82/100|[from] Sandstorm
|-heal|p1a: Salamence|88/100|[from] item: Leftovers
|-heal|p2a: FAT MAN|86/100 tox|[from] item: Leftovers
|-damage|p2a: FAT MAN|79/100 tox|[from] psn
|upkeep
|turn|21
|
|t:|1728955552
|move|p1a: Salamence|Brick Break|p2a: FAT MAN
|-supereffective|p2a: FAT MAN
|-damage|p2a: FAT MAN|0 fnt
|faint|p2a: FAT MAN
|
|t:|1728955557
|switch|p2a: MUSSOLINI|Heracross, M|100/100
|
|-weather|Sandstorm|[upkeep]
|-damage|p2a: MUSSOLINI|94/100|[from] Sandstorm
|-damage|p1a: Salamence|82/100|[from] Sandstorm
|-heal|p2a: MUSSOLINI|100/100|[from] item: Leftovers
|-heal|p1a: Salamence|88/100|[from] item: Leftovers
|upkeep
|turn|22
|
|t:|1728955562
|move|p2a: MUSSOLINI|Swords Dance|p2a: MUSSOLINI
|-boost|p2a: MUSSOLINI|atk|2
|move|p1a: Salamence|Flamethrower|p2a: MUSSOLINI
|-supereffective|p2a: MUSSOLINI
|-damage|p2a: MUSSOLINI|29/100
|-status|p2a: MUSSOLINI|brn
|
|-weather|Sandstorm|[upkeep]
|-damage|p2a: MUSSOLINI|23/100 brn|[from] Sandstorm
|-damage|p1a: Salamence|82/100|[from] Sandstorm
|-heal|p2a: MUSSOLINI|29/100 brn|[from] item: Leftovers
|-damage|p2a: MUSSOLINI|16/100 brn|[from] brn
|-heal|p1a: Salamence|88/100|[from] item: Leftovers
|upkeep
|turn|23
|
|t:|1728955575
|move|p2a: MUSSOLINI|Megahorn|p1a: Salamence|[miss]
|-miss|p2a: MUSSOLINI|p1a: Salamence
|move|p1a: Salamence|Flamethrower|p2a: MUSSOLINI
|-supereffective|p2a: MUSSOLINI
|-crit|p2a: MUSSOLINI
|-damage|p2a: MUSSOLINI|0 fnt
|faint|p2a: MUSSOLINI
|c|☆DuxIncorporated|oh well
|
|t:|1728955581
|switch|p2a: OPPENHEIMER|Metagross|100/100
|
|-weather|Sandstorm|[upkeep]
|-damage|p1a: Salamence|82/100|[from] Sandstorm
|-heal|p1a: Salamence|88/100|[from] item: Leftovers
|upkeep
|turn|24
|c|☆DuxIncorporated|gg 
|
|t:|1728955590
|move|p1a: Salamence|Flamethrower|p2a: OPPENHEIMER
|-supereffective|p2a: OPPENHEIMER
|-damage|p2a: OPPENHEIMER|19/100
|move|p2a: OPPENHEIMER|Meteor Mash|p1a: Salamence
|-damage|p1a: Salamence|22/100
|-boost|p2a: OPPENHEIMER|atk|1
|
|-weather|Sandstorm|[upkeep]
|-damage|p1a: Salamence|16/100|[from] Sandstorm
|-heal|p1a: Salamence|22/100|[from] item: Leftovers
|-heal|p2a: OPPENHEIMER|25/100|[from] item: Leftovers
|upkeep
|turn|25
|
|t:|1728955600
|move|p1a: Salamence|Flamethrower|p2a: OPPENHEIMER
|-supereffective|p2a: OPPENHEIMER
|-damage|p2a: OPPENHEIMER|0 fnt
|faint|p2a: OPPENHEIMER
|
|t:|1728955602
|switch|p2a: SLOVAK FEMBOY|Celebi|29/100
|
|-weather|Sandstorm|[upkeep]
|-damage|p1a: Salamence|16/100|[from] Sandstorm
|-damage|p2a: SLOVAK FEMBOY|23/100|[from] Sandstorm
|-heal|p1a: Salamence|22/100|[from] item: Leftovers
|-heal|p2a: SLOVAK FEMBOY|29/100|[from] item: Leftovers
|upkeep
|turn|26
|
|t:|1728955606
|move|p1a: Salamence|Flamethrower|p2a: SLOVAK FEMBOY
|-supereffective|p2a: SLOVAK FEMBOY
|-damage|p2a: SLOVAK FEMBOY|0 fnt
|faint|p2a: SLOVAK FEMBOY
|
|win|berkyderky
|c|☆DuxIncorporated|gg!

</script>
<script type="application/json" class="data" id="replaydata-smogtours-gen3ou-798859">
{"id":"smogtours-gen3ou-798859","format":"[Gen 3] OU","players":["berkyderky","DuxIncorporated"],"uploadtime":1728955606,"views":91,"formatid":"gen3ou","rating":null,"private":0,"password":null}
</script>

<script defer src="js/replays.js?9d40a366"></script>
