<!DOCTYPE html>
<meta charset="utf-8" />
<meta name="viewport" content="width=device-width" />

<title>[Gen 3] OU: chad.lagos vs. WW_FortniteGamR - Replays - Pok&eacute;mon Showdown!</title>

<meta name="description" content="Watch a replay of a Pok&eacute;mon battle between chad.lagos and WW_FortniteGamR! Format: [Gen 3] OU; Date: Oct 13, 2024" />
<!--

Hey, you! Looking in the source for the replay log?

You can find them in JSON format, just add `.json` at the end of a replay URL.

https://replay.pokemonshowdown.com/gen7randomdoublesbattle-865046831.json

Or, if you only need the log itself, add `.log` instead:

https://replay.pokemonshowdown.com/gen7randomdoublesbattle-865046831.log

-->

<link rel="stylesheet" href="//pokemonshowdown.com/style/global.css?0.767286132409787" />
<link rel="stylesheet" href="//play.pokemonshowdown.com/style/font-awesome.css?0.9266228007934947" />
<link rel="stylesheet" href="//play.pokemonshowdown.com/style/battle.css?0.7924700842790926" />
<link rel="stylesheet" href="//play.pokemonshowdown.com/style/utilichart.css?0.8777417872839479" />

<!-- Global site tag (gtag.js) - Google Analytics -->
<script async src="https://www.googletagmanager.com/gtag/js?id=UA-26211653-1"></script>
<script>
  window.dataLayer = window.dataLayer || [];
  function gtag(){dataLayer.push(arguments);}
  gtag('js', new Date());

  gtag('config', 'UA-26211653-1');
</script>
<!-- End Google Analytics -->
<!-- Venatus Ad Manager - Install in <HEAD> of page -->
	<script src="https://hb.vntsm.com/v3/live/ad-manager.min.js" type="text/javascript" data-site-id="642aba63ec9a7b11c3c9c1be" data-mode="scan" async></script>
<!-- / Venatus Ad Manager -->

<style>
	@media (max-width:820px) {
		.battle {
			margin: 0 auto;
		}
		.battle-log {
			margin: 7px auto 0;
			max-width: 640px;
			height: 300px;
			position: static;
		}
	}
	.optgroup {
		display: inline-block;
		line-height: 22px;
		font-size: 10pt;
	}
	.optgroup .button {
		height: 25px;
		padding-top: 0;
		padding-bottom: 0;
	}
	.optgroup button.button {
		padding-left: 12px;
		padding-right: 12px;
	}
	.linklist {
		list-style: none;
		margin: 0.5em 0;
		padding: 0;
	}
	.linklist li {
		padding: 2px 0;
	}
	.sidebar {
		float: left;
		width: 320px;
	}
	.bar-wrapper {
		max-width: 1100px;
		margin: 0 auto;
	}
	.bar-wrapper.has-sidebar {
		max-width: 1430px;
	}
	.mainbar {
		margin: 0;
		padding-right: 1px;
	}
	.mainbar.has-sidebar {
		margin-left: 330px;
	}
	@media (min-width: 1511px) {
		.sidebar {
			width: 400px;
		}
		.bar-wrapper.has-sidebar {
			max-width: 1510px;
		}
		.mainbar.has-sidebar {
			margin-left: 410px;
		}
	}
	.section.first-section {
		margin-top: 9px;
	}
	.blocklink small {
		white-space: normal;
	}
	.button {
		vertical-align: middle;
	}
	.replay-controls {
		padding-top: 10px;
	}
	.replay-controls h1 {
		font-size: 16pt;
		font-weight: normal;
		color: #CCC;
	}
	.pagelink {
		text-align: center;
	}
	.pagelink a {
		width: 150px;
	}
	.textbox, .button {
		font-size: 11pt;
		vertical-align: middle;
	}
	@media (max-width: 450px) {
		.button {
			font-size: 9pt;
		}
	}
</style>

<div>

	<header>
		<div class="nav-wrapper"><ul class="nav">
			<li><a class="button nav-first" href="//pokemonshowdown.com/"><img src="//pokemonshowdown.com/images/pokemonshowdownbeta.png" srcset="//pokemonshowdown.com/images/pokemonshowdownbeta.png 1x, //pokemonshowdown.com/images/pokemonshowdownbeta@2x.png 2x" alt="Pok&eacute;mon Showdown" width="146" height="44" /> Home</a></li>
			<li><a class="button" href="//pokemonshowdown.com/dex/">Pok&eacute;dex</a></li>
			<li><a class="button cur" href="/">Replays</a></li>
			<li><a class="button" href="//pokemonshowdown.com/ladder/">Ladder</a></li>
			<li><a class="button nav-last" href="//pokemonshowdown.com/forums/">Forum</a></li>
			<li><a class="button greenbutton nav-first nav-last" href="//play.pokemonshowdown.com/">Play</a></li>
		</ul></div>
	</header>

	<div class="main" id="main">

		<noscript><section class="section">You need to enable JavaScript to use this page; sorry!</section></noscript>

	</div>

</div>

<script defer nomodule src="//play.pokemonshowdown.com/js/lib/ps-polyfill.js"></script>
<script defer src="//play.pokemonshowdown.com/js/lib/preact.min.js"></script>

<script defer src="//play.pokemonshowdown.com/config/config.js?6dec07f6"></script>
<script defer src="//play.pokemonshowdown.com/js/lib/jquery-1.11.0.min.js"></script>
<script defer src="//play.pokemonshowdown.com/js/lib/html-sanitizer-minified.js"></script>
<script defer src="//play.pokemonshowdown.com/js/battle-sound.js"></script>
<script defer src="//play.pokemonshowdown.com/js/battledata.js?0.6315294753075389"></script>
<script defer src="//play.pokemonshowdown.com/data/pokedex-mini.js?0.7603743185311358"></script>
<script defer src="//play.pokemonshowdown.com/data/pokedex-mini-bw.js?0.030888842834281283"></script>
<script defer src="//play.pokemonshowdown.com/data/graphics.js?0.05593094747507488"></script>
<script defer src="//play.pokemonshowdown.com/data/pokedex.js?0.47064822249611904"></script>
<script defer src="//play.pokemonshowdown.com/data/moves.js?0.8583693120512459"></script>
<script defer src="//play.pokemonshowdown.com/data/abilities.js?0.16017181182386842"></script>
<script defer src="//play.pokemonshowdown.com/data/items.js?0.4163379185673943"></script>
<script defer src="//play.pokemonshowdown.com/data/teambuilder-tables.js?0.31075597372830477"></script>
<script defer src="//play.pokemonshowdown.com/js/battle-tooltips.js?0.6536193500708172"></script>
<script defer src="//play.pokemonshowdown.com/js/battle.js?0.1916591943277901"></script>

<script defer src="js/utils.js?e31f9a17"></script>
<script defer src="js/replays-battle.js?7008c182"></script>

<!-- don't scrape this data! just add .json or .log after the URL!
Full API docs: https://github.com/smogon/pokemon-showdown-client/blob/master/WEB-API.md -->
<script type="text/plain" class="log" id="replaylog-smogtours-gen3ou-798486">
|inactive|Battle timer is ON: inactive players will automatically lose when time's up.
|t:|1728858499
|gametype|singles
|player|p1|chad.lagos|cyclist|
|player|p2|WW_FortniteGamR|1|
|teamsize|p1|6
|teamsize|p2|6
|gen|3
|tier|[Gen 3] OU
|rule|Sleep Clause Mod: Limit one foe put to sleep
|rule|Switch Priority Clause Mod: Faster Pokémon switch first
|rule|Species Clause: Limit one of each Pokémon
|rule|OHKO Clause: OHKO moves are banned
|rule|Evasion Items Clause: Evasion items are banned
|rule|Evasion Moves Clause: Evasion moves are banned
|rule|Endless Battle Clause: Forcing endless battles is banned
|rule|HP Percentage Mod: HP is shown in percentages
|rule|One Boost Passer Clause: Limit one Baton Passer that has a way to boost its stats
|rule|Freeze Clause Mod: Limit one foe frozen
|
|t:|1728858499
|start
|switch|p1a: No Fawks|Zapdos|100/100
|switch|p2a: Celebi|Celebi|100/100
|turn|1
|c|☆WW_FortniteGamR|glhf!
|inactive|chad.lagos has 270 seconds left.
|
|t:|1728858542
|move|p1a: No Fawks|Baton Pass|p1a: No Fawks
|
|t:|1728858557
|switch|p1a: BuzzSWOLE|Heracross, M|100/100|[from] Baton Pass
|move|p2a: Celebi|Leech Seed|p1a: BuzzSWOLE
|-start|p1a: BuzzSWOLE|move: Leech Seed
|
|-damage|p1a: BuzzSWOLE|88/100|[from] Leech Seed|[of] p2a: Celebi
|upkeep
|turn|2
|inactive|chad.lagos has 270 seconds left.
|
|t:|1728858589
|-singleturn|p1a: BuzzSWOLE|move: Focus Punch
|switch|p2a: Skarmory|Skarmory, F|100/100
|move|p1a: BuzzSWOLE|Focus Punch|p2a: Skarmory
|-damage|p2a: Skarmory|41/100
|
|-damage|p1a: BuzzSWOLE|76/100|[from] Leech Seed|[of] p2a: Skarmory
|-heal|p2a: Skarmory|52/100|[silent]
|-heal|p2a: Skarmory|58/100|[from] item: Leftovers
|upkeep
|turn|3
|inactive|chad.lagos has 270 seconds left.
|
|t:|1728858619
|switch|p1a: No Fawks|Zapdos|100/100
|move|p2a: Skarmory|Protect||[still]
|-fail|p2a: Skarmory
|
|-heal|p2a: Skarmory|64/100|[from] item: Leftovers
|upkeep
|turn|4
|
|t:|1728858635
|switch|p2a: Swampert|Swampert, F|100/100
|move|p1a: No Fawks|Baton Pass|p1a: No Fawks
|inactive|chad.lagos has 240 seconds left.
|inactive|chad.lagos has 210 seconds left.
|inactive|chad.lagos has 180 seconds left.
|
|t:|1728858709
|switch|p1a: Patrick Suizzy|Suicune|100/100|[from] Baton Pass
|
|upkeep
|turn|5
|inactive|chad.lagos has 180 seconds left.
|
|t:|1728858735
|move|p1a: Patrick Suizzy|Calm Mind|p1a: Patrick Suizzy
|-boost|p1a: Patrick Suizzy|spa|1
|-boost|p1a: Patrick Suizzy|spd|1
|move|p2a: Swampert|Toxic|p1a: Patrick Suizzy
|-status|p1a: Patrick Suizzy|tox
|
|-damage|p1a: Patrick Suizzy|94/100 tox|[from] psn
|upkeep
|turn|6
|
|t:|1728858744
|switch|p2a: Celebi|Celebi|100/100
|move|p1a: Patrick Suizzy|Calm Mind|p1a: Patrick Suizzy
|-boost|p1a: Patrick Suizzy|spa|1
|-boost|p1a: Patrick Suizzy|spd|1
|
|-heal|p1a: Patrick Suizzy|100/100 tox|[from] item: Leftovers
|-damage|p1a: Patrick Suizzy|88/100 tox|[from] psn
|upkeep
|turn|7
|inactive|chad.lagos has 180 seconds left.
|
|t:|1728858771
|move|p2a: Celebi|Light Screen|p2a: Celebi
|-sidestart|p2: WW_FortniteGamR|Light Screen
|move|p1a: Patrick Suizzy|Surf|p2a: Celebi
|-resisted|p2a: Celebi
|-damage|p2a: Celebi|82/100
|
|-heal|p2a: Celebi|88/100|[from] item: Leftovers
|-heal|p1a: Patrick Suizzy|94/100 tox|[from] item: Leftovers
|-damage|p1a: Patrick Suizzy|76/100 tox|[from] psn
|upkeep
|turn|8
|inactive|chad.lagos has 150 seconds left.
|
|t:|1728858819
|switch|p1a: FlyingMoleRats|Dugtrio, M|100/100
|move|p2a: Celebi|Leech Seed|p1a: FlyingMoleRats
|-start|p1a: FlyingMoleRats|move: Leech Seed
|
|-damage|p1a: FlyingMoleRats|88/100|[from] Leech Seed|[of] p2a: Celebi
|-heal|p2a: Celebi|96/100|[silent]
|-heal|p2a: Celebi|100/100|[from] item: Leftovers
|upkeep
|turn|9
|
|t:|1728858828
|move|p1a: FlyingMoleRats|Hidden Power|p2a: Celebi
|-supereffective|p2a: Celebi
|-damage|p2a: Celebi|24/100
|move|p2a: Celebi|Hidden Power|p1a: FlyingMoleRats
|-supereffective|p1a: FlyingMoleRats
|-damage|p1a: FlyingMoleRats|0 fnt
|faint|p1a: FlyingMoleRats
|inactive|chad.lagos has 120 seconds left.
|
|t:|1728858845
|switch|p1a: BuzzSWOLE|Heracross, M|76/100
|
|-heal|p2a: Celebi|30/100|[from] item: Leftovers
|upkeep
|turn|10
|inactive|WW_FortniteGamR has 270 seconds left.
|
|t:|1728858882
|move|p2a: Celebi|Recover|p2a: Celebi
|-heal|p2a: Celebi|80/100
|move|p1a: BuzzSWOLE|Substitute|p1a: BuzzSWOLE
|-start|p1a: BuzzSWOLE|Substitute
|-damage|p1a: BuzzSWOLE|51/100
|
|-heal|p2a: Celebi|87/100|[from] item: Leftovers
|upkeep
|turn|11
|inactive|WW_FortniteGamR has 270 seconds left.
|
|t:|1728858912
|switch|p2a: Magneton|Magneton|100/100
|move|p1a: BuzzSWOLE|Swords Dance|p1a: BuzzSWOLE
|-boost|p1a: BuzzSWOLE|atk|2
|
|-sideend|p2: WW_FortniteGamR|Light Screen
|upkeep
|turn|12
|
|t:|1728858924
|-singleturn|p1a: BuzzSWOLE|move: Focus Punch
|move|p2a: Magneton|Hidden Power|p1a: BuzzSWOLE
|-supereffective|p1a: BuzzSWOLE
|-end|p1a: BuzzSWOLE|Substitute
|move|p1a: BuzzSWOLE|Focus Punch|p2a: Magneton
|-supereffective|p2a: Magneton
|-damage|p2a: Magneton|0 fnt
|faint|p2a: Magneton
|
|t:|1728858937
|switch|p2a: Aerodactyl|Aerodactyl, M|100/100
|
|upkeep
|turn|13
|inactive|chad.lagos has 120 seconds left.
|
|t:|1728858963
|switch|p1a: Regard|Claydol|100/100
|move|p2a: Aerodactyl|Rock Slide|p1a: Regard
|-resisted|p1a: Regard
|-damage|p1a: Regard|75/100
|
|-heal|p1a: Regard|82/100|[from] item: Leftovers
|upkeep
|turn|14
|inactive|chad.lagos has 120 seconds left.
|inactive|WW_FortniteGamR has 240 seconds left.
|
|t:|1728859000
|switch|p2a: Skarmory|Skarmory, F|64/100
|switch|p1a: No Fawks|Zapdos|100/100
|
|-heal|p2a: Skarmory|70/100|[from] item: Leftovers
|upkeep
|turn|15
|inactive|chad.lagos has 90 seconds left.
|
|t:|1728859034
|move|p2a: Skarmory|Protect|p2a: Skarmory
|-singleturn|p2a: Skarmory|Protect
|move|p1a: No Fawks|Baton Pass|p1a: No Fawks
|inactive|chad.lagos has 90 seconds left.
|inactive|chad.lagos has 60 seconds left.
|
|t:|1728859071
|switch|p1a: Neptuna|Kingdra, M|100/100|[from] Baton Pass
|
|-heal|p2a: Skarmory|76/100|[from] item: Leftovers
|upkeep
|turn|16
|inactive|chad.lagos has 60 seconds left.
|inactive|WW_FortniteGamR has 210 seconds left.
|
|t:|1728859106
|move|p1a: Neptuna|Ice Beam|p2a: Skarmory
|-damage|p2a: Skarmory|46/100
|move|p2a: Skarmory|Toxic|p1a: Neptuna|[miss]
|-miss|p2a: Skarmory|p1a: Neptuna
|
|-heal|p2a: Skarmory|52/100|[from] item: Leftovers
|upkeep
|turn|17
|
|t:|1728859116
|move|p1a: Neptuna|Rain Dance|p1a: Neptuna
|-weather|RainDance
|move|p2a: Skarmory|Toxic|p1a: Neptuna|[miss]
|-miss|p2a: Skarmory|p1a: Neptuna
|
|-weather|RainDance|[upkeep]
|-heal|p2a: Skarmory|58/100|[from] item: Leftovers
|upkeep
|turn|18
|
|t:|1728859123
|move|p1a: Neptuna|Hydro Pump|p2a: Skarmory
|-crit|p2a: Skarmory
|-damage|p2a: Skarmory|0 fnt
|faint|p2a: Skarmory
|
|t:|1728859141
|switch|p2a: Swampert|Swampert, F|100/100
|
|-weather|RainDance|[upkeep]
|upkeep
|turn|19
|
|t:|1728859144
|move|p2a: Swampert|Protect|p2a: Swampert
|-singleturn|p2a: Swampert|Protect
|move|p1a: Neptuna|Hydro Pump|p2a: Swampert
|-activate|p2a: Swampert|Protect
|
|-weather|RainDance|[upkeep]
|upkeep
|turn|20
|inactive|chad.lagos has 90 seconds left.
|inactive|WW_FortniteGamR has 210 seconds left.
|
|t:|1728859153
|switch|p2a: Celebi|Celebi|87/100
|move|p1a: Neptuna|Hydro Pump|p2a: Celebi
|-resisted|p2a: Celebi
|-damage|p2a: Celebi|51/100
|
|-weather|RainDance|[upkeep]
|-heal|p2a: Celebi|58/100|[from] item: Leftovers
|upkeep
|turn|21
|inactive|chad.lagos has 90 seconds left.
|inactive|WW_FortniteGamR has 210 seconds left.
|
|t:|1728859173
|move|p1a: Neptuna|Ice Beam|p2a: Celebi
|-supereffective|p2a: Celebi
|-damage|p2a: Celebi|11/100
|move|p2a: Celebi|Light Screen|p2a: Celebi
|-sidestart|p2: WW_FortniteGamR|Light Screen
|
|-weather|none
|-heal|p2a: Celebi|17/100|[from] item: Leftovers
|upkeep
|turn|22
|inactive|chad.lagos has 90 seconds left.
|
|t:|1728859201
|switch|p1a: BuzzSWOLE|Heracross, M|51/100
|move|p2a: Celebi|Recover|p2a: Celebi
|-heal|p2a: Celebi|67/100
|
|-heal|p2a: Celebi|73/100|[from] item: Leftovers
|upkeep
|turn|23
|inactive|WW_FortniteGamR has 210 seconds left.
|inactive|WW_FortniteGamR has 180 seconds left.
|inactive|WW_FortniteGamR has 150 seconds left.
|inactive|WW_FortniteGamR has 120 seconds left.
|
|t:|1728859300
|move|p2a: Celebi|Leech Seed|p1a: BuzzSWOLE
|-start|p1a: BuzzSWOLE|move: Leech Seed
|move|p1a: BuzzSWOLE|Substitute|p1a: BuzzSWOLE
|-start|p1a: BuzzSWOLE|Substitute
|-damage|p1a: BuzzSWOLE|26/100
|
|-heal|p2a: Celebi|80/100|[from] item: Leftovers
|-damage|p1a: BuzzSWOLE|13/100|[from] Leech Seed|[of] p2a: Celebi
|-heal|p2a: Celebi|89/100|[silent]
|upkeep
|turn|24
|inactive|WW_FortniteGamR has 120 seconds left.
|
|t:|1728859325
|move|p2a: Celebi|Hidden Power|p1a: BuzzSWOLE
|-resisted|p1a: BuzzSWOLE
|-activate|p1a: BuzzSWOLE|Substitute|[damage]
|move|p1a: BuzzSWOLE|Megahorn|p2a: Celebi|[miss]
|-miss|p1a: BuzzSWOLE|p2a: Celebi
|
|-heal|p2a: Celebi|95/100|[from] item: Leftovers
|-enditem|p1a: BuzzSWOLE|Salac Berry|[eat]
|-boost|p1a: BuzzSWOLE|spe|1|[from] item: Salac Berry
|-damage|p1a: BuzzSWOLE|1/100|[from] Leech Seed|[of] p2a: Celebi
|-heal|p2a: Celebi|100/100|[silent]
|upkeep
|turn|25
|inactive|WW_FortniteGamR has 120 seconds left.
|
|t:|1728859342
|switch|p2a: Aerodactyl|Aerodactyl, M|100/100
|move|p1a: BuzzSWOLE|Megahorn|p2a: Aerodactyl
|-resisted|p2a: Aerodactyl
|-damage|p2a: Aerodactyl|25/100
|
|-sideend|p2: WW_FortniteGamR|Light Screen
|-damage|p1a: BuzzSWOLE|0 fnt|[from] Leech Seed|[of] p2a: Aerodactyl
|-heal|p2a: Aerodactyl|25/100|[silent]
|faint|p1a: BuzzSWOLE
|upkeep
|inactive|chad.lagos has 60 seconds left.
|
|t:|1728859376
|switch|p1a: Patrick Suizzy|Suicune|76/100 tox
|turn|26
|inactive|WW_FortniteGamR has 120 seconds left.
|
|t:|1728859395
|move|p2a: Aerodactyl|Rock Slide|p1a: Patrick Suizzy
|-damage|p1a: Patrick Suizzy|37/100 tox
|cant|p1a: Patrick Suizzy|flinch
|
|-heal|p1a: Patrick Suizzy|43/100 tox|[from] item: Leftovers
|-damage|p1a: Patrick Suizzy|37/100 tox|[from] psn
|upkeep
|turn|27
|inactive|chad.lagos has 30 seconds left.
|inactive|chad.lagos has 20 seconds left.
|
|t:|1728859428
|switch|p2a: Swampert|Swampert, F|100/100
|switch|p1a: Regard|Claydol|82/100
|
|-heal|p1a: Regard|88/100|[from] item: Leftovers
|upkeep
|turn|28
|inactive|chad.lagos has 30 seconds left this turn.
|inactive|chad.lagos has 20 seconds left.
|inactive|chad.lagos has 15 seconds left.
|
|t:|1728859446
|move|p1a: Regard|Psychic|p2a: Swampert
|-damage|p2a: Swampert|81/100
|move|p2a: Swampert|Toxic|p1a: Regard
|-status|p1a: Regard|tox
|
|-heal|p1a: Regard|94/100 tox|[from] item: Leftovers
|-damage|p1a: Regard|88/100 tox|[from] psn
|-heal|p2a: Swampert|87/100|[from] item: Leftovers
|upkeep
|turn|29
|inactive|chad.lagos has 25 seconds left this turn.
|inactive|chad.lagos has 20 seconds left.
|inactive|chad.lagos has 15 seconds left.
|
|t:|1728859458
|switch|p1a: Patrick Suizzy|Suicune|37/100 tox
|move|p2a: Swampert|Protect||[still]
|-fail|p2a: Swampert
|
|-heal|p1a: Patrick Suizzy|43/100 tox|[from] item: Leftovers
|-damage|p1a: Patrick Suizzy|37/100 tox|[from] psn
|-heal|p2a: Swampert|94/100|[from] item: Leftovers
|upkeep
|turn|30
|inactive|chad.lagos has 25 seconds left this turn.
|inactive|chad.lagos has 20 seconds left.
|
|t:|1728859468
|move|p1a: Patrick Suizzy|Rest|p1a: Patrick Suizzy
|-status|p1a: Patrick Suizzy|slp|[from] move: Rest
|-heal|p1a: Patrick Suizzy|100/100 slp|[silent]
|move|p2a: Swampert|Surf|p1a: Patrick Suizzy
|-resisted|p1a: Patrick Suizzy
|-damage|p1a: Patrick Suizzy|90/100 slp
|
|-heal|p1a: Patrick Suizzy|96/100 slp|[from] item: Leftovers
|-heal|p2a: Swampert|99/100|[from] item: Leftovers
|upkeep
|turn|31
|inactive|chad.lagos has 30 seconds left this turn.
|inactive|chad.lagos has 20 seconds left.
|
|t:|1728859478
|switch|p2a: Tyranitar|Tyranitar, F|100/100
|-weather|Sandstorm|[from] ability: Sand Stream|[of] p2a: Tyranitar
|cant|p1a: Patrick Suizzy|slp
|move|p1a: Patrick Suizzy|Sleep Talk|p1a: Patrick Suizzy
|move|p1a: Patrick Suizzy|Surf|p2a: Tyranitar|[from]Sleep Talk
|-supereffective|p2a: Tyranitar
|-damage|p2a: Tyranitar|27/100
|
|-weather|Sandstorm|[upkeep]
|-damage|p1a: Patrick Suizzy|90/100 slp|[from] Sandstorm
|-heal|p1a: Patrick Suizzy|96/100 slp|[from] item: Leftovers
|-heal|p2a: Tyranitar|33/100|[from] item: Leftovers
|upkeep
|turn|32
|inactive|chad.lagos has 30 seconds left this turn.
|inactive|chad.lagos has 20 seconds left.
|
|t:|1728859491
|cant|p1a: Patrick Suizzy|slp
|move|p1a: Patrick Suizzy|Sleep Talk|p1a: Patrick Suizzy
|move|p1a: Patrick Suizzy|Rest|p1a: Patrick Suizzy|[from]Sleep Talk
|move|p2a: Tyranitar|Hidden Power|p1a: Patrick Suizzy
|-supereffective|p1a: Patrick Suizzy
|-damage|p1a: Patrick Suizzy|63/100 slp
|
|-weather|Sandstorm|[upkeep]
|-damage|p1a: Patrick Suizzy|57/100 slp|[from] Sandstorm
|-heal|p1a: Patrick Suizzy|63/100 slp|[from] item: Leftovers
|-heal|p2a: Tyranitar|40/100|[from] item: Leftovers
|upkeep
|turn|33
|inactive|chad.lagos has 30 seconds left this turn.
|inactive|chad.lagos has 20 seconds left.
|
|t:|1728859512
|switch|p2a: Swampert|Swampert, F|99/100
|-curestatus|p1a: Patrick Suizzy|slp|[msg]
|move|p1a: Patrick Suizzy|Calm Mind|p1a: Patrick Suizzy
|-boost|p1a: Patrick Suizzy|spa|1
|-boost|p1a: Patrick Suizzy|spd|1
|
|-weather|Sandstorm|[upkeep]
|-damage|p1a: Patrick Suizzy|57/100|[from] Sandstorm
|-heal|p1a: Patrick Suizzy|63/100|[from] item: Leftovers
|-heal|p2a: Swampert|100/100|[from] item: Leftovers
|upkeep
|turn|34
|inactive|chad.lagos has 30 seconds left this turn.
|inactive|chad.lagos has 20 seconds left.
|
|t:|1728859525
|move|p1a: Patrick Suizzy|Calm Mind|p1a: Patrick Suizzy
|-boost|p1a: Patrick Suizzy|spa|1
|-boost|p1a: Patrick Suizzy|spd|1
|move|p2a: Swampert|Toxic|p1a: Patrick Suizzy
|-status|p1a: Patrick Suizzy|tox
|
|-weather|Sandstorm|[upkeep]
|-damage|p1a: Patrick Suizzy|57/100 tox|[from] Sandstorm
|-heal|p1a: Patrick Suizzy|63/100 tox|[from] item: Leftovers
|-damage|p1a: Patrick Suizzy|57/100 tox|[from] psn
|upkeep
|turn|35
|inactive|chad.lagos has 30 seconds left this turn.
|inactive|chad.lagos has 20 seconds left.
|
|t:|1728859539
|switch|p2a: Celebi|Celebi|100/100
|move|p1a: Patrick Suizzy|Rest|p1a: Patrick Suizzy
|-status|p1a: Patrick Suizzy|slp|[from] move: Rest
|-heal|p1a: Patrick Suizzy|100/100 slp|[silent]
|
|-weather|Sandstorm|[upkeep]
|-damage|p2a: Celebi|94/100|[from] Sandstorm
|-damage|p1a: Patrick Suizzy|94/100 slp|[from] Sandstorm
|-heal|p2a: Celebi|100/100|[from] item: Leftovers
|-heal|p1a: Patrick Suizzy|100/100 slp|[from] item: Leftovers
|upkeep
|turn|36
|inactive|chad.lagos has 30 seconds left this turn.
|inactive|chad.lagos has 20 seconds left.
|inactive|chad.lagos has 15 seconds left.
|
|t:|1728859558
|move|p2a: Celebi|Leech Seed|p1a: Patrick Suizzy
|-start|p1a: Patrick Suizzy|move: Leech Seed
|cant|p1a: Patrick Suizzy|slp
|move|p1a: Patrick Suizzy|Sleep Talk|p1a: Patrick Suizzy
|move|p1a: Patrick Suizzy|Surf|p2a: Celebi|[from]Sleep Talk
|-resisted|p2a: Celebi
|-damage|p2a: Celebi|64/100
|
|-weather|Sandstorm|[upkeep]
|-damage|p2a: Celebi|58/100|[from] Sandstorm
|-damage|p1a: Patrick Suizzy|94/100 slp|[from] Sandstorm
|-heal|p2a: Celebi|64/100|[from] item: Leftovers
|-heal|p1a: Patrick Suizzy|100/100 slp|[from] item: Leftovers
|-damage|p1a: Patrick Suizzy|88/100 slp|[from] Leech Seed|[of] p2a: Celebi
|-heal|p2a: Celebi|77/100|[silent]
|upkeep
|turn|37
|inactive|chad.lagos has 25 seconds left this turn.
|inactive|chad.lagos has 20 seconds left.
|inactive|chad.lagos has 15 seconds left.
|
|t:|1728859570
|move|p2a: Celebi|Light Screen|p2a: Celebi
|-sidestart|p2: WW_FortniteGamR|Light Screen
|cant|p1a: Patrick Suizzy|slp
|move|p1a: Patrick Suizzy|Sleep Talk|p1a: Patrick Suizzy
|move|p1a: Patrick Suizzy|Rest|p1a: Patrick Suizzy|[from]Sleep Talk
|
|-weather|Sandstorm|[upkeep]
|-damage|p2a: Celebi|70/100|[from] Sandstorm
|-damage|p1a: Patrick Suizzy|82/100 slp|[from] Sandstorm
|-heal|p2a: Celebi|77/100|[from] item: Leftovers
|-heal|p1a: Patrick Suizzy|88/100 slp|[from] item: Leftovers
|-damage|p1a: Patrick Suizzy|76/100 slp|[from] Leech Seed|[of] p2a: Celebi
|-heal|p2a: Celebi|89/100|[silent]
|upkeep
|turn|38
|inactive|chad.lagos has 25 seconds left this turn.
|inactive|chad.lagos has 20 seconds left.
|inactive|chad.lagos has 15 seconds left.
|
|t:|1728859581
|move|p2a: Celebi|Hidden Power|p1a: Patrick Suizzy
|-supereffective|p1a: Patrick Suizzy
|-crit|p1a: Patrick Suizzy
|-damage|p1a: Patrick Suizzy|0 fnt
|faint|p1a: Patrick Suizzy
|inactive|chad.lagos has 20 seconds left this turn.
|inactive|chad.lagos has 15 seconds left.
|
|t:|1728859590
|switch|p1a: Regard|Claydol|88/100 tox
|
|-weather|Sandstorm|[upkeep]
|-damage|p2a: Celebi|83/100|[from] Sandstorm
|-heal|p2a: Celebi|89/100|[from] item: Leftovers
|-heal|p1a: Regard|94/100 tox|[from] item: Leftovers
|-damage|p1a: Regard|88/100 tox|[from] psn
|upkeep
|turn|39
|inactive|chad.lagos has 25 seconds left this turn.
|inactive|chad.lagos has 20 seconds left.
|inactive|WW_FortniteGamR has 150 seconds left.
|
|t:|1728859605
|switch|p2a: Tyranitar|Tyranitar, F|40/100
|move|p1a: Regard|Explosion|p2a: Tyranitar
|-resisted|p2a: Tyranitar
|-damage|p2a: Tyranitar|0 fnt
|faint|p1a: Regard
|faint|p2a: Tyranitar
|inactive|chad.lagos has 30 seconds left this turn.
|inactive|chad.lagos has 20 seconds left.
|inactive|WW_FortniteGamR has 120 seconds left.
|
|t:|1728859640
|switch|p1a: Neptuna|Kingdra, M|100/100
|switch|p2a: Aerodactyl|Aerodactyl, M|25/100
|
|-weather|Sandstorm|[upkeep]
|-damage|p1a: Neptuna|95/100|[from] Sandstorm
|upkeep
|turn|40
|inactive|chad.lagos has 30 seconds left this turn.
|
|t:|1728859646
|move|p2a: Aerodactyl|Rock Slide|p1a: Neptuna|[miss]
|-miss|p2a: Aerodactyl|p1a: Neptuna
|move|p1a: Neptuna|Rain Dance|p1a: Neptuna
|-weather|RainDance
|
|-weather|RainDance|[upkeep]
|upkeep
|turn|41
|inactive|chad.lagos has 30 seconds left.
|
|t:|1728859657
|switch|p2a: Swampert|Swampert, F|100/100
|move|p1a: Neptuna|Ice Beam|p2a: Swampert
|-damage|p2a: Swampert|89/100
|
|-sideend|p2: WW_FortniteGamR|Light Screen
|-weather|RainDance|[upkeep]
|-heal|p2a: Swampert|95/100|[from] item: Leftovers
|upkeep
|turn|42
|
|t:|1728859664
|move|p1a: Neptuna|Hydro Pump|p2a: Swampert
|-damage|p2a: Swampert|24/100
|move|p2a: Swampert|Toxic|p1a: Neptuna
|-status|p1a: Neptuna|tox
|-enditem|p1a: Neptuna|Lum Berry|[eat]
|-curestatus|p1a: Neptuna|tox|[msg]
|
|-weather|RainDance|[upkeep]
|-heal|p2a: Swampert|30/100|[from] item: Leftovers
|upkeep
|turn|43
|
|t:|1728859672
|move|p2a: Swampert|Protect|p2a: Swampert
|-singleturn|p2a: Swampert|Protect
|move|p1a: Neptuna|Hydro Pump|p2a: Swampert
|-activate|p2a: Swampert|Protect
|
|-weather|RainDance|[upkeep]
|-heal|p2a: Swampert|37/100|[from] item: Leftovers
|upkeep
|turn|44
|
|t:|1728859679
|switch|p2a: Celebi|Celebi|89/100
|move|p1a: Neptuna|Hydro Pump|p2a: Celebi|[miss]
|-miss|p1a: Neptuna|p2a: Celebi
|
|-weather|none
|-heal|p2a: Celebi|95/100|[from] item: Leftovers
|upkeep
|turn|45
|
|t:|1728859692
|move|p2a: Celebi|Leech Seed|p1a: Neptuna
|-start|p1a: Neptuna|move: Leech Seed
|move|p1a: Neptuna|Ice Beam|p2a: Celebi
|-supereffective|p2a: Celebi
|-damage|p2a: Celebi|49/100
|
|-heal|p2a: Celebi|55/100|[from] item: Leftovers
|-damage|p1a: Neptuna|82/100|[from] Leech Seed|[of] p2a: Celebi
|-heal|p2a: Celebi|65/100|[silent]
|upkeep
|turn|46
|
|t:|1728859703
|switch|p1a: No Fawks|Zapdos|100/100
|move|p2a: Celebi|Light Screen|p2a: Celebi
|-sidestart|p2: WW_FortniteGamR|Light Screen
|
|-heal|p2a: Celebi|71/100|[from] item: Leftovers
|upkeep
|turn|47
|
|t:|1728859711
|move|p1a: No Fawks|Rain Dance|p1a: No Fawks
|-weather|RainDance
|move|p2a: Celebi|Recover|p2a: Celebi
|-heal|p2a: Celebi|100/100
|
|-weather|RainDance|[upkeep]
|upkeep
|turn|48
|
|t:|1728859728
|move|p1a: No Fawks|Hidden Power|p2a: Celebi
|-supereffective|p2a: Celebi
|-damage|p2a: Celebi|81/100
|move|p2a: Celebi|Leech Seed|p1a: No Fawks
|-start|p1a: No Fawks|move: Leech Seed
|
|-weather|RainDance|[upkeep]
|-damage|p1a: No Fawks|88/100|[from] Leech Seed|[of] p2a: Celebi
|-heal|p2a: Celebi|91/100|[silent]
|-heal|p2a: Celebi|98/100|[from] item: Leftovers
|upkeep
|turn|49
|
|t:|1728859737
|move|p1a: No Fawks|Hidden Power|p2a: Celebi
|-supereffective|p2a: Celebi
|-damage|p2a: Celebi|77/100
|move|p2a: Celebi|Hidden Power|p1a: No Fawks
|-resisted|p1a: No Fawks
|-damage|p1a: No Fawks|75/100
|
|-weather|RainDance|[upkeep]
|-heal|p1a: No Fawks|81/100|[from] item: Leftovers
|-damage|p1a: No Fawks|69/100|[from] Leech Seed|[of] p2a: Celebi
|-heal|p2a: Celebi|87/100|[silent]
|-heal|p2a: Celebi|93/100|[from] item: Leftovers
|upkeep
|turn|50
|
|t:|1728859750
|move|p1a: No Fawks|Hidden Power|p2a: Celebi
|-supereffective|p2a: Celebi
|-crit|p2a: Celebi
|-damage|p2a: Celebi|15/100
|move|p2a: Celebi|Leech Seed||[still]
|-fail|p2a: Celebi
|
|-sideend|p2: WW_FortniteGamR|Light Screen
|-weather|RainDance|[upkeep]
|-heal|p1a: No Fawks|75/100|[from] item: Leftovers
|-damage|p1a: No Fawks|62/100|[from] Leech Seed|[of] p2a: Celebi
|-heal|p2a: Celebi|25/100|[silent]
|-heal|p2a: Celebi|32/100|[from] item: Leftovers
|upkeep
|turn|51
|
|t:|1728859780
|switch|p2a: Swampert|Swampert, F|37/100
|move|p1a: No Fawks|Hidden Power|p2a: Swampert
|-damage|p2a: Swampert|18/100
|
|-weather|none
|-heal|p1a: No Fawks|68/100|[from] item: Leftovers
|-damage|p1a: No Fawks|56/100|[from] Leech Seed|[of] p2a: Swampert
|-heal|p2a: Swampert|28/100|[silent]
|-heal|p2a: Swampert|34/100|[from] item: Leftovers
|upkeep
|turn|52
|inactive|chad.lagos has 30 seconds left.
|
|t:|1728859804
|move|p1a: No Fawks|Hidden Power|p2a: Swampert
|-damage|p2a: Swampert|12/100
|move|p2a: Swampert|Toxic|p1a: No Fawks
|-status|p1a: No Fawks|tox
|
|-heal|p1a: No Fawks|62/100 tox|[from] item: Leftovers
|-damage|p1a: No Fawks|50/100 tox|[from] Leech Seed|[of] p2a: Swampert
|-heal|p2a: Swampert|23/100|[silent]
|-damage|p1a: No Fawks|44/100 tox|[from] psn
|-heal|p2a: Swampert|29/100|[from] item: Leftovers
|upkeep
|turn|53
|inactive|chad.lagos has 30 seconds left.
|
|t:|1728859814
|switch|p1a: Neptuna|Kingdra, M|82/100
|move|p2a: Swampert|Toxic|p1a: Neptuna
|-status|p1a: Neptuna|tox
|
|-damage|p1a: Neptuna|76/100 tox|[from] psn
|-heal|p2a: Swampert|35/100|[from] item: Leftovers
|upkeep
|turn|54
|inactive|chad.lagos has 30 seconds left.
|
|t:|1728859826
|move|p2a: Swampert|Protect|p2a: Swampert
|-singleturn|p2a: Swampert|Protect
|move|p1a: Neptuna|Rain Dance|p1a: Neptuna
|-weather|RainDance
|
|-weather|RainDance|[upkeep]
|-damage|p1a: Neptuna|64/100 tox|[from] psn
|-heal|p2a: Swampert|41/100|[from] item: Leftovers
|upkeep
|turn|55
|
|t:|1728859841
|move|p2a: Swampert|Protect||[still]
|-fail|p2a: Swampert
|move|p1a: Neptuna|Hydro Pump|p2a: Swampert|[miss]
|-miss|p1a: Neptuna|p2a: Swampert
|
|-weather|RainDance|[upkeep]
|-damage|p1a: Neptuna|46/100 tox|[from] psn
|-heal|p2a: Swampert|48/100|[from] item: Leftovers
|upkeep
|turn|56
|inactive|chad.lagos has 30 seconds left.
|
|t:|1728859859
|switch|p1a: No Fawks|Zapdos|44/100 tox
|switch|p2a: Celebi|Celebi|32/100
|
|-weather|RainDance|[upkeep]
|-heal|p1a: No Fawks|50/100 tox|[from] item: Leftovers
|-damage|p1a: No Fawks|44/100 tox|[from] psn
|-heal|p2a: Celebi|38/100|[from] item: Leftovers
|upkeep
|turn|57
|
|t:|1728859879
|move|p1a: No Fawks|Hidden Power|p2a: Celebi
|-supereffective|p2a: Celebi
|-damage|p2a: Celebi|1/100
|move|p2a: Celebi|Recover|p2a: Celebi
|-heal|p2a: Celebi|51/100
|
|-weather|RainDance|[upkeep]
|-heal|p1a: No Fawks|50/100 tox|[from] item: Leftovers
|-damage|p1a: No Fawks|38/100 tox|[from] psn
|-heal|p2a: Celebi|57/100|[from] item: Leftovers
|upkeep
|turn|58
|
|t:|1728859890
|move|p1a: No Fawks|Hidden Power|p2a: Celebi
|-supereffective|p2a: Celebi
|-damage|p2a: Celebi|20/100
|move|p2a: Celebi|Leech Seed|p1a: No Fawks
|-start|p1a: No Fawks|move: Leech Seed
|
|-weather|none
|-heal|p1a: No Fawks|44/100 tox|[from] item: Leftovers
|-damage|p1a: No Fawks|31/100 tox|[from] Leech Seed|[of] p2a: Celebi
|-heal|p2a: Celebi|31/100|[silent]
|-damage|p1a: No Fawks|13/100 tox|[from] psn
|-heal|p2a: Celebi|37/100|[from] item: Leftovers
|upkeep
|turn|59
|
|t:|1728859902
|move|p1a: No Fawks|Hidden Power|p2a: Celebi
|-supereffective|p2a: Celebi
|-damage|p2a: Celebi|0 fnt
|faint|p2a: Celebi
|
|t:|1728859906
|switch|p2a: Aerodactyl|Aerodactyl, M|25/100
|
|-heal|p1a: No Fawks|19/100 tox|[from] item: Leftovers
|-damage|p1a: No Fawks|7/100 tox|[from] Leech Seed|[of] p2a: Aerodactyl
|-heal|p2a: Aerodactyl|39/100|[silent]
|-damage|p1a: No Fawks|0 fnt|[from] psn
|faint|p1a: No Fawks
|upkeep
|
|t:|1728859912
|switch|p1a: Neptuna|Kingdra, M|46/100 tox
|turn|60
|inactive|WW_FortniteGamR has 180 seconds left.
|
|t:|1728859918
|move|p2a: Aerodactyl|Double-Edge|p1a: Neptuna
|-damage|p1a: Neptuna|0 fnt
|faint|p1a: Neptuna
|
|win|WW_FortniteGamR
|c|☆WW_FortniteGamR|gg
|c|☆chad.lagos|gg
|player|p1|

</script>
<script type="application/json" class="data" id="replaydata-smogtours-gen3ou-798486">
{"id":"smogtours-gen3ou-798486","format":"[Gen 3] OU","players":["chad.lagos","WW_FortniteGamR"],"uploadtime":1728859918,"views":111,"formatid":"gen3ou","rating":null,"private":0,"password":null}
</script>

<script defer src="js/replays.js?9d40a366"></script>
