<!DOCTYPE html>
<meta charset="utf-8" />
<meta name="viewport" content="width=device-width" />

<title>[Gen 3] OU: SteelSwaggy vs. LTG - Replays - Pok&eacute;mon Showdown!</title>

<meta name="description" content="Watch a replay of a Pok&eacute;mon battle between SteelSwaggy and LTG! Format: [Gen 3] OU; Date: Oct 3, 2024" />
<!--

Hey, you! Looking in the source for the replay log?

You can find them in JSON format, just add `.json` at the end of a replay URL.

https://replay.pokemonshowdown.com/gen7randomdoublesbattle-865046831.json

Or, if you only need the log itself, add `.log` instead:

https://replay.pokemonshowdown.com/gen7randomdoublesbattle-865046831.log

-->

<link rel="stylesheet" href="//pokemonshowdown.com/style/global.css?0.767286132409787" />
<link rel="stylesheet" href="//play.pokemonshowdown.com/style/font-awesome.css?0.9266228007934947" />
<link rel="stylesheet" href="//play.pokemonshowdown.com/style/battle.css?0.7924700842790926" />
<link rel="stylesheet" href="//play.pokemonshowdown.com/style/utilichart.css?0.8777417872839479" />

<!-- Global site tag (gtag.js) - Google Analytics -->
<script async src="https://www.googletagmanager.com/gtag/js?id=UA-26211653-1"></script>
<script>
  window.dataLayer = window.dataLayer || [];
  function gtag(){dataLayer.push(arguments);}
  gtag('js', new Date());

  gtag('config', 'UA-26211653-1');
</script>
<!-- End Google Analytics -->
<!-- Venatus Ad Manager - Install in <HEAD> of page -->
	<script src="https://hb.vntsm.com/v3/live/ad-manager.min.js" type="text/javascript" data-site-id="642aba63ec9a7b11c3c9c1be" data-mode="scan" async></script>
<!-- / Venatus Ad Manager -->

<style>
	@media (max-width:820px) {
		.battle {
			margin: 0 auto;
		}
		.battle-log {
			margin: 7px auto 0;
			max-width: 640px;
			height: 300px;
			position: static;
		}
	}
	.optgroup {
		display: inline-block;
		line-height: 22px;
		font-size: 10pt;
	}
	.optgroup .button {
		height: 25px;
		padding-top: 0;
		padding-bottom: 0;
	}
	.optgroup button.button {
		padding-left: 12px;
		padding-right: 12px;
	}
	.linklist {
		list-style: none;
		margin: 0.5em 0;
		padding: 0;
	}
	.linklist li {
		padding: 2px 0;
	}
	.sidebar {
		float: left;
		width: 320px;
	}
	.bar-wrapper {
		max-width: 1100px;
		margin: 0 auto;
	}
	.bar-wrapper.has-sidebar {
		max-width: 1430px;
	}
	.mainbar {
		margin: 0;
		padding-right: 1px;
	}
	.mainbar.has-sidebar {
		margin-left: 330px;
	}
	@media (min-width: 1511px) {
		.sidebar {
			width: 400px;
		}
		.bar-wrapper.has-sidebar {
			max-width: 1510px;
		}
		.mainbar.has-sidebar {
			margin-left: 410px;
		}
	}
	.section.first-section {
		margin-top: 9px;
	}
	.blocklink small {
		white-space: normal;
	}
	.button {
		vertical-align: middle;
	}
	.replay-controls {
		padding-top: 10px;
	}
	.replay-controls h1 {
		font-size: 16pt;
		font-weight: normal;
		color: #CCC;
	}
	.pagelink {
		text-align: center;
	}
	.pagelink a {
		width: 150px;
	}
	.textbox, .button {
		font-size: 11pt;
		vertical-align: middle;
	}
	@media (max-width: 450px) {
		.button {
			font-size: 9pt;
		}
	}
</style>

<div>

	<header>
		<div class="nav-wrapper"><ul class="nav">
			<li><a class="button nav-first" href="//pokemonshowdown.com/"><img src="//pokemonshowdown.com/images/pokemonshowdownbeta.png" srcset="//pokemonshowdown.com/images/pokemonshowdownbeta.png 1x, //pokemonshowdown.com/images/pokemonshowdownbeta@2x.png 2x" alt="Pok&eacute;mon Showdown" width="146" height="44" /> Home</a></li>
			<li><a class="button" href="//pokemonshowdown.com/dex/">Pok&eacute;dex</a></li>
			<li><a class="button cur" href="/">Replays</a></li>
			<li><a class="button" href="//pokemonshowdown.com/ladder/">Ladder</a></li>
			<li><a class="button nav-last" href="//pokemonshowdown.com/forums/">Forum</a></li>
			<li><a class="button greenbutton nav-first nav-last" href="//play.pokemonshowdown.com/">Play</a></li>
		</ul></div>
	</header>

	<div class="main" id="main">

		<noscript><section class="section">You need to enable JavaScript to use this page; sorry!</section></noscript>

	</div>

</div>

<script defer nomodule src="//play.pokemonshowdown.com/js/lib/ps-polyfill.js"></script>
<script defer src="//play.pokemonshowdown.com/js/lib/preact.min.js"></script>

<script defer src="//play.pokemonshowdown.com/config/config.js?6dec07f6"></script>
<script defer src="//play.pokemonshowdown.com/js/lib/jquery-1.11.0.min.js"></script>
<script defer src="//play.pokemonshowdown.com/js/lib/html-sanitizer-minified.js"></script>
<script defer src="//play.pokemonshowdown.com/js/battle-sound.js"></script>
<script defer src="//play.pokemonshowdown.com/js/battledata.js?0.6315294753075389"></script>
<script defer src="//play.pokemonshowdown.com/data/pokedex-mini.js?0.7603743185311358"></script>
<script defer src="//play.pokemonshowdown.com/data/pokedex-mini-bw.js?0.030888842834281283"></script>
<script defer src="//play.pokemonshowdown.com/data/graphics.js?0.05593094747507488"></script>
<script defer src="//play.pokemonshowdown.com/data/pokedex.js?0.47064822249611904"></script>
<script defer src="//play.pokemonshowdown.com/data/moves.js?0.8583693120512459"></script>
<script defer src="//play.pokemonshowdown.com/data/abilities.js?0.16017181182386842"></script>
<script defer src="//play.pokemonshowdown.com/data/items.js?0.4163379185673943"></script>
<script defer src="//play.pokemonshowdown.com/data/teambuilder-tables.js?0.31075597372830477"></script>
<script defer src="//play.pokemonshowdown.com/js/battle-tooltips.js?0.6536193500708172"></script>
<script defer src="//play.pokemonshowdown.com/js/battle.js?0.1916591943277901"></script>

<script defer src="js/utils.js?e31f9a17"></script>
<script defer src="js/replays-battle.js?7008c182"></script>

<!-- don't scrape this data! just add .json or .log after the URL!
Full API docs: https://github.com/smogon/pokemon-showdown-client/blob/master/WEB-API.md -->
<script type="text/plain" class="log" id="replaylog-smogtours-gen3ou-794235">
|inactive|Battle timer is ON: inactive players will automatically lose when time's up.
|t:|1727972078
|gametype|singles
|player|p1|SteelSwaggy|169|
|player|p2|LTG|#ltg|
|teamsize|p1|6
|teamsize|p2|6
|gen|3
|tier|[Gen 3] OU
|rule|Sleep Clause Mod: Limit one foe put to sleep
|rule|Switch Priority Clause Mod: Faster Pokémon switch first
|rule|Species Clause: Limit one of each Pokémon
|rule|OHKO Clause: OHKO moves are banned
|rule|Evasion Items Clause: Evasion items are banned
|rule|Evasion Moves Clause: Evasion moves are banned
|rule|Endless Battle Clause: Forcing endless battles is banned
|rule|HP Percentage Mod: HP is shown in percentages
|rule|One Boost Passer Clause: Limit one Baton Passer that has a way to boost its stats
|rule|Freeze Clause Mod: Limit one foe frozen
|
|t:|1727972078
|start
|switch|p1a: E101mkII|Metagross, shiny|100/100
|switch|p2a: Skarmory|Skarmory, F|100/100
|turn|1
|
|t:|1727972086
|switch|p1a: Starflash250|Starmie|100/100
|move|p2a: Skarmory|Spikes|p1a: Starflash250
|-sidestart|p1: SteelSwaggy|Spikes
|
|upkeep
|turn|2
|
|t:|1727972096
|switch|p2a: Snorlax|Snorlax, M|100/100
|move|p1a: Starflash250|Thunderbolt|p2a: Snorlax
|-damage|p2a: Snorlax|84/100
|
|-heal|p2a: Snorlax|90/100|[from] item: Leftovers
|upkeep
|turn|3
|
|t:|1727972105
|switch|p1a: Celebity|Celebi|100/100
|-damage|p1a: Celebity|88/100|[from] Spikes
|move|p2a: Snorlax|Body Slam|p1a: Celebity
|-damage|p1a: Celebity|62/100
|
|-heal|p1a: Celebity|68/100|[from] item: Leftovers
|-heal|p2a: Snorlax|96/100|[from] item: Leftovers
|upkeep
|turn|4
|
|t:|1727972116
|move|p1a: Celebity|Leech Seed|p2a: Snorlax|[miss]
|-miss|p1a: Celebity|p2a: Snorlax
|move|p2a: Snorlax|Body Slam|p1a: Celebity
|-damage|p1a: Celebity|42/100
|
|-heal|p1a: Celebity|48/100|[from] item: Leftovers
|-heal|p2a: Snorlax|100/100|[from] item: Leftovers
|upkeep
|turn|5
|
|t:|1727972126
|move|p1a: Celebity|Leech Seed|p2a: Snorlax
|-start|p2a: Snorlax|move: Leech Seed
|move|p2a: Snorlax|Shadow Ball|p1a: Celebity
|-supereffective|p1a: Celebity
|-damage|p1a: Celebity|12/100
|
|-heal|p1a: Celebity|18/100|[from] item: Leftovers
|-damage|p2a: Snorlax|88/100|[from] Leech Seed|[of] p1a: Celebity
|-heal|p1a: Celebity|33/100|[silent]
|upkeep
|turn|6
|
|t:|1727972132
|move|p1a: Celebity|Recover|p1a: Celebity
|-heal|p1a: Celebity|83/100
|move|p2a: Snorlax|Shadow Ball|p1a: Celebity
|-supereffective|p1a: Celebity
|-damage|p1a: Celebity|47/100
|-unboost|p1a: Celebity|spd|1
|
|-heal|p1a: Celebity|53/100|[from] item: Leftovers
|-heal|p2a: Snorlax|94/100|[from] item: Leftovers
|-damage|p2a: Snorlax|82/100|[from] Leech Seed|[of] p1a: Celebity
|-heal|p1a: Celebity|68/100|[silent]
|upkeep
|turn|7
|
|t:|1727972138
|switch|p2a: Skarmory|Skarmory, F|100/100
|move|p1a: Celebity|Psychic|p2a: Skarmory
|-resisted|p2a: Skarmory
|-crit|p2a: Skarmory
|-damage|p2a: Skarmory|41/100
|
|-heal|p1a: Celebity|75/100|[from] item: Leftovers
|-heal|p2a: Skarmory|47/100|[from] item: Leftovers
|upkeep
|turn|8
|
|t:|1727972144
|move|p1a: Celebity|Leech Seed|p2a: Skarmory|[miss]
|-miss|p1a: Celebity|p2a: Skarmory
|move|p2a: Skarmory|Drill Peck|p1a: Celebity
|-supereffective|p1a: Celebity
|-crit|p1a: Celebity
|-damage|p1a: Celebity|0 fnt
|faint|p1a: Celebity
|
|t:|1727972149
|switch|p1a: Starflash250|Starmie|100/100
|-damage|p1a: Starflash250|88/100|[from] Spikes
|
|-heal|p1a: Starflash250|94/100|[from] item: Leftovers
|-heal|p2a: Skarmory|53/100|[from] item: Leftovers
|upkeep
|turn|9
|
|t:|1727972155
|switch|p2a: Snorlax|Snorlax, M|82/100
|move|p1a: Starflash250|Rapid Spin|p2a: Snorlax
|-damage|p2a: Snorlax|79/100
|-sideend|p1: SteelSwaggy|Spikes|[from] move: Rapid Spin|[of] p1a: Starflash250
|
|-heal|p1a: Starflash250|100/100|[from] item: Leftovers
|-heal|p2a: Snorlax|85/100|[from] item: Leftovers
|upkeep
|turn|10
|
|t:|1727972160
|switch|p1a: E101mkII|Metagross, shiny|100/100
|move|p2a: Snorlax|Body Slam|p1a: E101mkII
|-resisted|p1a: E101mkII
|-damage|p1a: E101mkII|87/100
|
|-heal|p1a: E101mkII|93/100|[from] item: Leftovers
|-heal|p2a: Snorlax|91/100|[from] item: Leftovers
|upkeep
|turn|11
|
|t:|1727972170
|move|p1a: E101mkII|Meteor Mash|p2a: Snorlax
|-damage|p2a: Snorlax|47/100
|-boost|p1a: E101mkII|atk|1
|move|p2a: Snorlax|Body Slam|p1a: E101mkII
|-resisted|p1a: E101mkII
|-damage|p1a: E101mkII|80/100
|
|-heal|p1a: E101mkII|86/100|[from] item: Leftovers
|-heal|p2a: Snorlax|54/100|[from] item: Leftovers
|upkeep
|turn|12
|
|t:|1727972186
|move|p1a: E101mkII|Meteor Mash|p2a: Snorlax
|-damage|p2a: Snorlax|0 fnt
|faint|p2a: Snorlax
|inactive|LTG has 270 seconds left.
|inactive|LTG has 240 seconds left.
|inactive|LTG has 210 seconds left.
|
|t:|1727972272
|switch|p2a: Skarmory|Skarmory, F|53/100
|
|-heal|p2a: Skarmory|60/100|[from] item: Leftovers
|-heal|p1a: E101mkII|92/100|[from] item: Leftovers
|upkeep
|turn|13
|
|t:|1727972276
|move|p2a: Skarmory|Hidden Power|p1a: E101mkII
|-supereffective|p1a: E101mkII
|-damage|p1a: E101mkII|63/100
|move|p1a: E101mkII|Meteor Mash|p2a: Skarmory
|-resisted|p2a: Skarmory
|-damage|p2a: Skarmory|22/100
|
|-heal|p2a: Skarmory|28/100|[from] item: Leftovers
|-heal|p1a: E101mkII|69/100|[from] item: Leftovers
|upkeep
|turn|14
|
|t:|1727972284
|move|p1a: E101mkII|Protect|p1a: E101mkII
|-singleturn|p1a: E101mkII|Protect
|move|p2a: Skarmory|Hidden Power|p1a: E101mkII
|-activate|p1a: E101mkII|Protect
|
|-heal|p2a: Skarmory|34/100|[from] item: Leftovers
|-heal|p1a: E101mkII|75/100|[from] item: Leftovers
|upkeep
|turn|15
|
|t:|1727972287
|move|p2a: Skarmory|Hidden Power|p1a: E101mkII
|-supereffective|p1a: E101mkII
|-damage|p1a: E101mkII|49/100
|move|p1a: E101mkII|Meteor Mash|p2a: Skarmory
|-resisted|p2a: Skarmory
|-damage|p2a: Skarmory|0 fnt
|faint|p2a: Skarmory
|inactive|LTG has 210 seconds left.
|
|t:|1727972324
|switch|p2a: Magneton|Magneton|100/100
|
|-heal|p1a: E101mkII|55/100|[from] item: Leftovers
|upkeep
|turn|16
|
|t:|1727972332
|move|p1a: E101mkII|Protect|p1a: E101mkII
|-singleturn|p1a: E101mkII|Protect
|move|p2a: Magneton|Thunderbolt|p1a: E101mkII
|-activate|p1a: E101mkII|Protect
|
|-heal|p1a: E101mkII|61/100|[from] item: Leftovers
|upkeep
|turn|17
|
|t:|1727972335
|move|p2a: Magneton|Thunderbolt|p1a: E101mkII
|-damage|p1a: E101mkII|3/100
|move|p1a: E101mkII|Earthquake|p2a: Magneton
|-supereffective|p2a: Magneton
|-damage|p2a: Magneton|0 fnt
|faint|p2a: Magneton
|inactive|LTG has 210 seconds left.
|
|t:|1727972351
|switch|p2a: Aerodactyl|Aerodactyl, M|100/100
|
|-heal|p1a: E101mkII|9/100|[from] item: Leftovers
|upkeep
|turn|18
|
|t:|1727972356
|move|p1a: E101mkII|Protect|p1a: E101mkII
|-singleturn|p1a: E101mkII|Protect
|move|p2a: Aerodactyl|Earthquake|p1a: E101mkII
|-activate|p1a: E101mkII|Protect
|
|-heal|p1a: E101mkII|15/100|[from] item: Leftovers
|upkeep
|turn|19
|
|t:|1727972362
|switch|p1a: Spyro|Dragonite, M|100/100
|move|p2a: Aerodactyl|Earthquake|p1a: Spyro
|-immune|p1a: Spyro
|
|upkeep
|turn|20
|
|t:|1727972369
|move|p2a: Aerodactyl|Rock Slide|p1a: Spyro
|-supereffective|p1a: Spyro
|-damage|p1a: Spyro|37/100
|move|p1a: Spyro|Substitute|p1a: Spyro
|-start|p1a: Spyro|Substitute
|-damage|p1a: Spyro|12/100
|
|-heal|p1a: Spyro|18/100|[from] item: Leftovers
|upkeep
|turn|21
|
|t:|1727972374
|-singleturn|p1a: Spyro|move: Focus Punch
|move|p2a: Aerodactyl|Double-Edge|p1a: Spyro
|-end|p1a: Spyro|Substitute
|move|p1a: Spyro|Focus Punch|p2a: Aerodactyl
|-damage|p2a: Aerodactyl|11/100
|
|-heal|p2a: Aerodactyl|17/100|[from] item: Leftovers
|-heal|p1a: Spyro|24/100|[from] item: Leftovers
|upkeep
|turn|22
|
|t:|1727972389
|switch|p1a: Swagpert|Swampert, M|100/100
|move|p2a: Aerodactyl|Double-Edge|p1a: Swagpert
|-crit|p1a: Swagpert
|-damage|p1a: Swagpert|30/100
|
|-heal|p2a: Aerodactyl|23/100|[from] item: Leftovers
|-heal|p1a: Swagpert|37/100|[from] item: Leftovers
|upkeep
|turn|23
|inactive|LTG has 240 seconds left.
|
|t:|1727972403
|switch|p1a: E101mkII|Metagross, shiny|15/100
|move|p2a: Aerodactyl|Double-Edge|p1a: E101mkII
|-resisted|p1a: E101mkII
|-damage|p1a: E101mkII|2/100
|
|-heal|p2a: Aerodactyl|29/100|[from] item: Leftovers
|-heal|p1a: E101mkII|8/100|[from] item: Leftovers
|upkeep
|turn|24
|
|t:|1727972410
|move|p2a: Aerodactyl|Substitute|p2a: Aerodactyl
|-start|p2a: Aerodactyl|Substitute
|-damage|p2a: Aerodactyl|4/100
|move|p1a: E101mkII|Meteor Mash|p2a: Aerodactyl
|-supereffective|p2a: Aerodactyl
|-crit|p2a: Aerodactyl
|-end|p2a: Aerodactyl|Substitute
|
|-heal|p2a: Aerodactyl|10/100|[from] item: Leftovers
|-heal|p1a: E101mkII|14/100|[from] item: Leftovers
|upkeep
|turn|25
|
|t:|1727972416
|move|p2a: Aerodactyl|Earthquake|p1a: E101mkII
|-supereffective|p1a: E101mkII
|-damage|p1a: E101mkII|0 fnt
|faint|p1a: E101mkII
|
|t:|1727972421
|switch|p1a: Starflash250|Starmie|100/100
|
|-heal|p2a: Aerodactyl|16/100|[from] item: Leftovers
|upkeep
|turn|26
|
|t:|1727972424
|move|p2a: Aerodactyl|Rock Slide|p1a: Starflash250
|-damage|p1a: Starflash250|54/100
|cant|p1a: Starflash250|flinch
|
|-heal|p2a: Aerodactyl|22/100|[from] item: Leftovers
|-heal|p1a: Starflash250|60/100|[from] item: Leftovers
|upkeep
|turn|27
|
|t:|1727972429
|move|p2a: Aerodactyl|Rock Slide|p1a: Starflash250
|-damage|p1a: Starflash250|12/100
|move|p1a: Starflash250|Ice Beam|p2a: Aerodactyl
|-supereffective|p2a: Aerodactyl
|-damage|p2a: Aerodactyl|0 fnt
|faint|p2a: Aerodactyl
|
|t:|1727972434
|switch|p2a: Celebi|Celebi|100/100
|
|-heal|p1a: Starflash250|18/100|[from] item: Leftovers
|upkeep
|turn|28
|
|t:|1727972450
|move|p1a: Starflash250|Ice Beam|p2a: Celebi
|-supereffective|p2a: Celebi
|-damage|p2a: Celebi|52/100
|-status|p2a: Celebi|frz
|cant|p2a: Celebi|frz
|
|-heal|p1a: Starflash250|24/100|[from] item: Leftovers
|-heal|p2a: Celebi|59/100 frz|[from] item: Leftovers
|upkeep
|turn|29
|
|t:|1727972460
|move|p1a: Starflash250|Ice Beam|p2a: Celebi
|-supereffective|p2a: Celebi
|-damage|p2a: Celebi|12/100 frz
|cant|p2a: Celebi|frz
|
|-heal|p1a: Starflash250|30/100|[from] item: Leftovers
|-heal|p2a: Celebi|18/100 frz|[from] item: Leftovers
|upkeep
|turn|30
|
|t:|1727972464
|move|p1a: Starflash250|Ice Beam|p2a: Celebi
|-supereffective|p2a: Celebi
|-damage|p2a: Celebi|0 fnt
|faint|p2a: Celebi
|
|t:|1727972466
|switch|p2a: Tyranitar|Tyranitar, F|100/100
|-weather|Sandstorm|[from] ability: Sand Stream|[of] p2a: Tyranitar
|
|-weather|Sandstorm|[upkeep]
|-damage|p1a: Starflash250|24/100|[from] Sandstorm
|-heal|p1a: Starflash250|30/100|[from] item: Leftovers
|upkeep
|turn|31
|
|t:|1727972471
|move|p1a: Starflash250|Hydro Pump|p2a: Tyranitar
|-supereffective|p2a: Tyranitar
|-damage|p2a: Tyranitar|0 fnt
|faint|p2a: Tyranitar
|
|win|SteelSwaggy
|c|☆LTG|gg
|c|☆SteelSwaggy|gg
|player|p2|
|player|p1|

</script>
<script type="application/json" class="data" id="replaydata-smogtours-gen3ou-794235">
{"id":"smogtours-gen3ou-794235","format":"[Gen 3] OU","players":["SteelSwaggy","LTG"],"uploadtime":1727972471,"views":116,"formatid":"gen3ou","rating":null,"private":0,"password":null}
</script>

<script defer src="js/replays.js?9d40a366"></script>
