<!DOCTYPE html>
<meta charset="utf-8" />
<meta name="viewport" content="width=device-width" />

<title>[Gen 3] OU: emma_emma_emma vs. Tasmanian Demon - Replays - Pok&eacute;mon Showdown!</title>

<meta name="description" content="Watch a replay of a Pok&eacute;mon battle between emma_emma_emma and Tasmanian Demon! Format: [Gen 3] OU; Date: Oct 2, 2024" />
<!--

Hey, you! Looking in the source for the replay log?

You can find them in JSON format, just add `.json` at the end of a replay URL.

https://replay.pokemonshowdown.com/gen7randomdoublesbattle-865046831.json

Or, if you only need the log itself, add `.log` instead:

https://replay.pokemonshowdown.com/gen7randomdoublesbattle-865046831.log

-->

<link rel="stylesheet" href="//pokemonshowdown.com/style/global.css?0.767286132409787" />
<link rel="stylesheet" href="//play.pokemonshowdown.com/style/font-awesome.css?0.9266228007934947" />
<link rel="stylesheet" href="//play.pokemonshowdown.com/style/battle.css?0.7924700842790926" />
<link rel="stylesheet" href="//play.pokemonshowdown.com/style/utilichart.css?0.8777417872839479" />

<!-- Global site tag (gtag.js) - Google Analytics -->
<script async src="https://www.googletagmanager.com/gtag/js?id=UA-26211653-1"></script>
<script>
  window.dataLayer = window.dataLayer || [];
  function gtag(){dataLayer.push(arguments);}
  gtag('js', new Date());

  gtag('config', 'UA-26211653-1');
</script>
<!-- End Google Analytics -->
<!-- Venatus Ad Manager - Install in <HEAD> of page -->
	<script src="https://hb.vntsm.com/v3/live/ad-manager.min.js" type="text/javascript" data-site-id="642aba63ec9a7b11c3c9c1be" data-mode="scan" async></script>
<!-- / Venatus Ad Manager -->

<style>
	@media (max-width:820px) {
		.battle {
			margin: 0 auto;
		}
		.battle-log {
			margin: 7px auto 0;
			max-width: 640px;
			height: 300px;
			position: static;
		}
	}
	.optgroup {
		display: inline-block;
		line-height: 22px;
		font-size: 10pt;
	}
	.optgroup .button {
		height: 25px;
		padding-top: 0;
		padding-bottom: 0;
	}
	.optgroup button.button {
		padding-left: 12px;
		padding-right: 12px;
	}
	.linklist {
		list-style: none;
		margin: 0.5em 0;
		padding: 0;
	}
	.linklist li {
		padding: 2px 0;
	}
	.sidebar {
		float: left;
		width: 320px;
	}
	.bar-wrapper {
		max-width: 1100px;
		margin: 0 auto;
	}
	.bar-wrapper.has-sidebar {
		max-width: 1430px;
	}
	.mainbar {
		margin: 0;
		padding-right: 1px;
	}
	.mainbar.has-sidebar {
		margin-left: 330px;
	}
	@media (min-width: 1511px) {
		.sidebar {
			width: 400px;
		}
		.bar-wrapper.has-sidebar {
			max-width: 1510px;
		}
		.mainbar.has-sidebar {
			margin-left: 410px;
		}
	}
	.section.first-section {
		margin-top: 9px;
	}
	.blocklink small {
		white-space: normal;
	}
	.button {
		vertical-align: middle;
	}
	.replay-controls {
		padding-top: 10px;
	}
	.replay-controls h1 {
		font-size: 16pt;
		font-weight: normal;
		color: #CCC;
	}
	.pagelink {
		text-align: center;
	}
	.pagelink a {
		width: 150px;
	}
	.textbox, .button {
		font-size: 11pt;
		vertical-align: middle;
	}
	@media (max-width: 450px) {
		.button {
			font-size: 9pt;
		}
	}
</style>

<div>

	<header>
		<div class="nav-wrapper"><ul class="nav">
			<li><a class="button nav-first" href="//pokemonshowdown.com/"><img src="//pokemonshowdown.com/images/pokemonshowdownbeta.png" srcset="//pokemonshowdown.com/images/pokemonshowdownbeta.png 1x, //pokemonshowdown.com/images/pokemonshowdownbeta@2x.png 2x" alt="Pok&eacute;mon Showdown" width="146" height="44" /> Home</a></li>
			<li><a class="button" href="//pokemonshowdown.com/dex/">Pok&eacute;dex</a></li>
			<li><a class="button cur" href="/">Replays</a></li>
			<li><a class="button" href="//pokemonshowdown.com/ladder/">Ladder</a></li>
			<li><a class="button nav-last" href="//pokemonshowdown.com/forums/">Forum</a></li>
			<li><a class="button greenbutton nav-first nav-last" href="//play.pokemonshowdown.com/">Play</a></li>
		</ul></div>
	</header>

	<div class="main" id="main">

		<noscript><section class="section">You need to enable JavaScript to use this page; sorry!</section></noscript>

	</div>

</div>

<script defer nomodule src="//play.pokemonshowdown.com/js/lib/ps-polyfill.js"></script>
<script defer src="//play.pokemonshowdown.com/js/lib/preact.min.js"></script>

<script defer src="//play.pokemonshowdown.com/config/config.js?6dec07f6"></script>
<script defer src="//play.pokemonshowdown.com/js/lib/jquery-1.11.0.min.js"></script>
<script defer src="//play.pokemonshowdown.com/js/lib/html-sanitizer-minified.js"></script>
<script defer src="//play.pokemonshowdown.com/js/battle-sound.js"></script>
<script defer src="//play.pokemonshowdown.com/js/battledata.js?0.6315294753075389"></script>
<script defer src="//play.pokemonshowdown.com/data/pokedex-mini.js?0.7603743185311358"></script>
<script defer src="//play.pokemonshowdown.com/data/pokedex-mini-bw.js?0.030888842834281283"></script>
<script defer src="//play.pokemonshowdown.com/data/graphics.js?0.05593094747507488"></script>
<script defer src="//play.pokemonshowdown.com/data/pokedex.js?0.47064822249611904"></script>
<script defer src="//play.pokemonshowdown.com/data/moves.js?0.8583693120512459"></script>
<script defer src="//play.pokemonshowdown.com/data/abilities.js?0.16017181182386842"></script>
<script defer src="//play.pokemonshowdown.com/data/items.js?0.4163379185673943"></script>
<script defer src="//play.pokemonshowdown.com/data/teambuilder-tables.js?0.31075597372830477"></script>
<script defer src="//play.pokemonshowdown.com/js/battle-tooltips.js?0.6536193500708172"></script>
<script defer src="//play.pokemonshowdown.com/js/battle.js?0.1916591943277901"></script>

<script defer src="js/utils.js?e31f9a17"></script>
<script defer src="js/replays-battle.js?7008c182"></script>

<!-- don't scrape this data! just add .json or .log after the URL!
Full API docs: https://github.com/smogon/pokemon-showdown-client/blob/master/WEB-API.md -->
<script type="text/plain" class="log" id="replaylog-smogtours-gen3ou-794009">
|inactive|Battle timer is ON: inactive players will automatically lose when time's up.
|t:|1727896374
|gametype|singles
|player|p1|emma_emma_emma|265|
|player|p2|Tasmanian Demon|rood|
|teamsize|p1|6
|teamsize|p2|6
|gen|3
|tier|[Gen 3] OU
|rule|Sleep Clause Mod: Limit one foe put to sleep
|rule|Switch Priority Clause Mod: Faster Pokémon switch first
|rule|Species Clause: Limit one of each Pokémon
|rule|OHKO Clause: OHKO moves are banned
|rule|Evasion Items Clause: Evasion items are banned
|rule|Evasion Moves Clause: Evasion moves are banned
|rule|Endless Battle Clause: Forcing endless battles is banned
|rule|HP Percentage Mod: HP is shown in percentages
|rule|One Boost Passer Clause: Limit one Baton Passer that has a way to boost its stats
|rule|Freeze Clause Mod: Limit one foe frozen
|
|t:|1727896374
|start
|switch|p1a: hexenzsene|Salamence, F, shiny|100/100
|switch|p2a: Hariyama|Hariyama, M|100/100
|-ability|p1a: hexenzsene|Intimidate|boost
|-unboost|p2a: Hariyama|atk|1
|turn|1
|
|t:|1727896391
|switch|p2a: Swampert|Swampert, F|100/100
|move|p1a: hexenzsene|Dragon Claw|p2a: Swampert
|-damage|p2a: Swampert|63/100
|
|-heal|p2a: Swampert|69/100|[from] item: Leftovers
|upkeep
|turn|2
|
|t:|1727896396
|move|p2a: Swampert|Protect|p2a: Swampert
|-singleturn|p2a: Swampert|Protect
|move|p1a: hexenzsene|Hidden Power|p2a: Swampert
|-activate|p2a: Swampert|Protect
|
|-heal|p2a: Swampert|75/100|[from] item: Leftovers
|upkeep
|turn|3
|
|t:|1727896411
|switch|p1a: usual dosage|Skarmory, M, shiny|100/100
|switch|p2a: Regice|Regice|100/100
|
|upkeep
|turn|4
|
|t:|1727896420
|switch|p1a: abstraktions|Blissey, F|100/100
|move|p2a: Regice|Thunder Wave|p1a: abstraktions
|-status|p1a: abstraktions|par
|
|upkeep
|turn|5
|
|t:|1727896447
|switch|p2a: Hariyama|Hariyama, M|100/100
|-curestatus|p1a: abstraktions|par|[from] ability: Natural Cure
|switch|p1a: what was wound|Claydol|100/100
|
|upkeep
|turn|6
|inactive|Tasmanian Demon has 270 seconds left.
|
|t:|1727896473
|switch|p1a: usual dosage|Skarmory, M, shiny|100/100
|move|p2a: Hariyama|Knock Off|p1a: usual dosage
|-resisted|p1a: usual dosage
|-damage|p1a: usual dosage|99/100
|-enditem|p1a: usual dosage|Leftovers|[from] move: Knock Off|[of] p2a: Hariyama
|-hint|In Gens 3-4, Knock Off only makes the target's item unusable; it cannot obtain a new item.
|
|upkeep
|turn|7
|inactive|Tasmanian Demon has 270 seconds left.
|
|t:|1727896495
|switch|p2a: Zapdos|Zapdos|100/100
|move|p1a: usual dosage|Spikes|p2a: Zapdos
|-sidestart|p2: Tasmanian Demon|Spikes
|
|upkeep
|turn|8
|
|t:|1727896503
|switch|p1a: abstraktions|Blissey, F|100/100
|move|p2a: Zapdos|Roar|p1a: abstraktions
|drag|p1a: hexenzsene|Salamence, F, shiny|100/100
|-ability|p1a: hexenzsene|Intimidate|boost
|-unboost|p2a: Zapdos|atk|1
|
|upkeep
|turn|9
|inactive|Tasmanian Demon has 270 seconds left.
|
|t:|1727896515
|move|p2a: Zapdos|Thunder Wave|p1a: hexenzsene
|-status|p1a: hexenzsene|par
|move|p1a: hexenzsene|Dragon Claw|p2a: Zapdos
|-damage|p2a: Zapdos|55/100
|
|-heal|p2a: Zapdos|61/100|[from] item: Leftovers
|upkeep
|turn|10
|
|t:|1727896520
|move|p2a: Zapdos|Thunderbolt|p1a: hexenzsene
|-damage|p1a: hexenzsene|33/100 par
|move|p1a: hexenzsene|Hidden Power|p2a: Zapdos
|-resisted|p2a: Zapdos
|-damage|p2a: Zapdos|48/100
|
|-heal|p2a: Zapdos|55/100|[from] item: Leftovers
|-heal|p1a: hexenzsene|39/100 par|[from] item: Leftovers
|upkeep
|turn|11
|
|t:|1727896525
|switch|p1a: abstraktions|Blissey, F|100/100
|move|p2a: Zapdos|Thunderbolt|p1a: abstraktions
|-crit|p1a: abstraktions
|-damage|p1a: abstraktions|65/100
|
|-heal|p2a: Zapdos|61/100|[from] item: Leftovers
|-heal|p1a: abstraktions|71/100|[from] item: Leftovers
|upkeep
|turn|12
|
|t:|1727896534
|switch|p2a: Hariyama|Hariyama, M|100/100
|-damage|p2a: Hariyama|88/100|[from] Spikes
|move|p1a: abstraktions|Sing|p2a: Hariyama
|-status|p2a: Hariyama|slp|[from] move: Sing
|
|-heal|p1a: abstraktions|77/100|[from] item: Leftovers
|-heal|p2a: Hariyama|94/100 slp|[from] item: Leftovers
|upkeep
|turn|13
|
|t:|1727896564
|switch|p1a: fiction friction|Metagross|100/100
|switch|p2a: Claydol|Claydol|100/100
|
|upkeep
|turn|14
|
|t:|1727896573
|move|p2a: Claydol|Earthquake|p1a: fiction friction
|-supereffective|p1a: fiction friction
|-crit|p1a: fiction friction
|-damage|p1a: fiction friction|8/100
|move|p1a: fiction friction|Meteor Mash|p2a: Claydol
|-damage|p2a: Claydol|49/100
|
|-heal|p2a: Claydol|55/100|[from] item: Leftovers
|-heal|p1a: fiction friction|15/100|[from] item: Leftovers
|upkeep
|turn|15
|
|t:|1727896585
|move|p2a: Claydol|Earthquake|p1a: fiction friction
|-supereffective|p1a: fiction friction
|-damage|p1a: fiction friction|0 fnt
|faint|p1a: fiction friction
|inactive|emma_emma_emma has 270 seconds left.
|
|t:|1727896602
|switch|p1a: arboretum|Tyranitar, M|100/100
|-weather|Sandstorm|[from] ability: Sand Stream|[of] p1a: arboretum
|
|-weather|Sandstorm|[upkeep]
|-heal|p2a: Claydol|62/100|[from] item: Leftovers
|upkeep
|turn|16
|
|t:|1727896610
|move|p1a: arboretum|Hidden Power|p2a: Claydol
|-supereffective|p2a: Claydol
|-damage|p2a: Claydol|16/100
|move|p2a: Claydol|Earthquake|p1a: arboretum
|-supereffective|p1a: arboretum
|-damage|p1a: arboretum|46/100
|
|-weather|Sandstorm|[upkeep]
|-heal|p1a: arboretum|53/100|[from] item: Leftovers
|-heal|p2a: Claydol|22/100|[from] item: Leftovers
|upkeep
|turn|17
|
|t:|1727896627
|switch|p2a: Zapdos|Zapdos|61/100
|move|p1a: arboretum|Hidden Power|p2a: Zapdos
|-resisted|p2a: Zapdos
|-damage|p2a: Zapdos|46/100
|
|-weather|Sandstorm|[upkeep]
|-damage|p2a: Zapdos|40/100|[from] Sandstorm
|-heal|p2a: Zapdos|46/100|[from] item: Leftovers
|-heal|p1a: arboretum|59/100|[from] item: Leftovers
|upkeep
|turn|18
|
|t:|1727896633
|move|p2a: Zapdos|Thunderbolt|p1a: arboretum
|-damage|p1a: arboretum|16/100
|move|p1a: arboretum|Rock Slide|p2a: Zapdos
|-supereffective|p2a: Zapdos
|-damage|p2a: Zapdos|0 fnt
|faint|p2a: Zapdos
|
|t:|1727896644
|switch|p2a: Aerodactyl|Aerodactyl, F|100/100
|
|-weather|Sandstorm|[upkeep]
|-heal|p1a: arboretum|22/100|[from] item: Leftovers
|upkeep
|turn|19
|
|t:|1727896653
|switch|p1a: what was wound|Claydol|100/100
|move|p2a: Aerodactyl|Hidden Power|p1a: what was wound
|-damage|p1a: what was wound|52/100
|
|-weather|Sandstorm|[upkeep]
|-heal|p1a: what was wound|58/100|[from] item: Leftovers
|upkeep
|turn|20
|
|t:|1727896667
|switch|p2a: Swampert|Swampert, F|75/100
|-damage|p2a: Swampert|63/100|[from] Spikes
|switch|p1a: usual dosage|Skarmory, M, shiny|99/100
|
|-weather|Sandstorm|[upkeep]
|-heal|p2a: Swampert|69/100|[from] item: Leftovers
|upkeep
|turn|21
|
|t:|1727896673
|switch|p2a: Claydol|Claydol|22/100
|move|p1a: usual dosage|Toxic|p2a: Claydol
|-status|p2a: Claydol|tox
|
|-weather|Sandstorm|[upkeep]
|-heal|p2a: Claydol|29/100 tox|[from] item: Leftovers
|-damage|p2a: Claydol|22/100 tox|[from] psn
|upkeep
|turn|22
|
|t:|1727896678
|move|p1a: usual dosage|Protect|p1a: usual dosage
|-singleturn|p1a: usual dosage|Protect
|move|p2a: Claydol|Rapid Spin|p1a: usual dosage
|-activate|p1a: usual dosage|Protect
|
|-weather|Sandstorm|[upkeep]
|-heal|p2a: Claydol|29/100 tox|[from] item: Leftovers
|-damage|p2a: Claydol|16/100 tox|[from] psn
|upkeep
|turn|23
|
|t:|1727896687
|move|p2a: Claydol|Explosion|p1a: usual dosage
|-resisted|p1a: usual dosage
|-damage|p1a: usual dosage|50/100
|faint|p2a: Claydol
|
|t:|1727896697
|switch|p2a: Regice|Regice|100/100
|-damage|p2a: Regice|88/100|[from] Spikes
|
|-weather|Sandstorm|[upkeep]
|-damage|p2a: Regice|82/100|[from] Sandstorm
|-heal|p2a: Regice|88/100|[from] item: Leftovers
|upkeep
|turn|24
|
|t:|1727896706
|move|p1a: usual dosage|Protect|p1a: usual dosage
|-singleturn|p1a: usual dosage|Protect
|move|p2a: Regice|Thunderbolt|p1a: usual dosage
|-activate|p1a: usual dosage|Protect
|
|-weather|Sandstorm|[upkeep]
|-damage|p2a: Regice|82/100|[from] Sandstorm
|-heal|p2a: Regice|88/100|[from] item: Leftovers
|upkeep
|turn|25
|
|t:|1727896712
|move|p1a: usual dosage|Spikes|p2a: Regice
|-sidestart|p2: Tasmanian Demon|Spikes
|move|p2a: Regice|Thunderbolt|p1a: usual dosage
|-supereffective|p1a: usual dosage
|-damage|p1a: usual dosage|0 fnt
|faint|p1a: usual dosage
|
|t:|1727896718
|switch|p1a: arboretum|Tyranitar, M|22/100
|
|-weather|Sandstorm|[upkeep]
|-damage|p2a: Regice|82/100|[from] Sandstorm
|-heal|p1a: arboretum|29/100|[from] item: Leftovers
|-heal|p2a: Regice|88/100|[from] item: Leftovers
|upkeep
|turn|26
|
|t:|1727896725
|move|p1a: arboretum|Rock Slide|p2a: Regice|[miss]
|-miss|p1a: arboretum|p2a: Regice
|move|p2a: Regice|Thunderbolt|p1a: arboretum
|-damage|p1a: arboretum|6/100
|
|-weather|Sandstorm|[upkeep]
|-damage|p2a: Regice|82/100|[from] Sandstorm
|-heal|p1a: arboretum|13/100|[from] item: Leftovers
|-heal|p2a: Regice|88/100|[from] item: Leftovers
|upkeep
|turn|27
|
|t:|1727896734
|move|p1a: arboretum|Rock Slide|p2a: Regice
|-supereffective|p2a: Regice
|-damage|p2a: Regice|11/100
|cant|p2a: Regice|flinch
|
|-weather|Sandstorm|[upkeep]
|-damage|p2a: Regice|5/100|[from] Sandstorm
|-heal|p1a: arboretum|19/100|[from] item: Leftovers
|-heal|p2a: Regice|11/100|[from] item: Leftovers
|upkeep
|turn|28
|
|t:|1727896739
|move|p1a: arboretum|Rock Slide|p2a: Regice
|-supereffective|p2a: Regice
|-damage|p2a: Regice|0 fnt
|faint|p2a: Regice
|
|t:|1727896743
|switch|p2a: Aerodactyl|Aerodactyl, F|100/100
|
|-weather|Sandstorm|[upkeep]
|-heal|p1a: arboretum|25/100|[from] item: Leftovers
|upkeep
|turn|29
|
|t:|1727896773
|switch|p1a: hexenzsene|Salamence, F, shiny|39/100 par
|-ability|p1a: hexenzsene|Intimidate|boost
|-unboost|p2a: Aerodactyl|atk|1
|move|p2a: Aerodactyl|Double-Edge|p1a: hexenzsene
|-damage|p1a: hexenzsene|0 fnt
|faint|p1a: hexenzsene
|inactive|emma_emma_emma has 270 seconds left.
|
|t:|1727896819
|switch|p1a: arboretum|Tyranitar, M|25/100
|
|-weather|Sandstorm|[upkeep]
|-heal|p1a: arboretum|31/100|[from] item: Leftovers
|upkeep
|turn|30
|
|t:|1727896837
|move|p2a: Aerodactyl|Double-Edge|p1a: arboretum
|-resisted|p1a: arboretum
|-damage|p1a: arboretum|17/100
|move|p1a: arboretum|Dragon Dance|p1a: arboretum
|-boost|p1a: arboretum|atk|1
|-boost|p1a: arboretum|spe|1
|
|-weather|Sandstorm|[upkeep]
|-heal|p1a: arboretum|23/100|[from] item: Leftovers
|upkeep
|turn|31
|
|t:|1727896842
|switch|p2a: Swampert|Swampert, F|69/100
|-damage|p2a: Swampert|52/100|[from] Spikes
|move|p1a: arboretum|Rock Slide|p2a: Swampert
|-resisted|p2a: Swampert
|-damage|p2a: Swampert|34/100
|
|-weather|Sandstorm|[upkeep]
|-heal|p1a: arboretum|29/100|[from] item: Leftovers
|-heal|p2a: Swampert|40/100|[from] item: Leftovers
|upkeep
|turn|32
|
|t:|1727896852
|move|p1a: arboretum|Earthquake|p2a: Swampert
|-damage|p2a: Swampert|2/100
|move|p2a: Swampert|Earthquake|p1a: arboretum
|-supereffective|p1a: arboretum
|-damage|p1a: arboretum|0 fnt
|faint|p1a: arboretum
|
|t:|1727896864
|switch|p1a: abstraktions|Blissey, F|77/100
|
|-weather|Sandstorm|[upkeep]
|-damage|p1a: abstraktions|71/100|[from] Sandstorm
|-heal|p1a: abstraktions|77/100|[from] item: Leftovers
|-heal|p2a: Swampert|9/100|[from] item: Leftovers
|upkeep
|turn|33
|
|t:|1727896872
|move|p1a: abstraktions|Ice Beam|p2a: Swampert
|-damage|p2a: Swampert|0 fnt
|faint|p2a: Swampert
|
|t:|1727896876
|switch|p2a: Hariyama|Hariyama, M|94/100 slp
|-damage|p2a: Hariyama|78/100 slp|[from] Spikes
|
|-weather|Sandstorm|[upkeep]
|-damage|p1a: abstraktions|71/100|[from] Sandstorm
|-damage|p2a: Hariyama|72/100 slp|[from] Sandstorm
|-heal|p1a: abstraktions|77/100|[from] item: Leftovers
|-heal|p2a: Hariyama|78/100 slp|[from] item: Leftovers
|upkeep
|turn|34
|inactive|emma_emma_emma has 270 seconds left.
|
|t:|1727896888
|switch|p1a: what was wound|Claydol|58/100
|cant|p2a: Hariyama|slp
|
|-weather|Sandstorm|[upkeep]
|-damage|p2a: Hariyama|72/100 slp|[from] Sandstorm
|-heal|p1a: what was wound|64/100|[from] item: Leftovers
|-heal|p2a: Hariyama|78/100 slp|[from] item: Leftovers
|upkeep
|turn|35
|inactive|emma_emma_emma has 270 seconds left.
|
|t:|1727896903
|switch|p2a: Aerodactyl|Aerodactyl, F|100/100
|move|p1a: what was wound|Psychic|p2a: Aerodactyl
|-damage|p2a: Aerodactyl|70/100
|
|-weather|Sandstorm|[upkeep]
|-heal|p1a: what was wound|71/100|[from] item: Leftovers
|upkeep
|turn|36
|
|t:|1727896908
|move|p2a: Aerodactyl|Double-Edge|p1a: what was wound
|-damage|p1a: what was wound|13/100
|move|p1a: what was wound|Explosion|p2a: Aerodactyl
|-resisted|p2a: Aerodactyl
|-damage|p2a: Aerodactyl|0 fnt
|faint|p1a: what was wound
|faint|p2a: Aerodactyl
|
|t:|1727896911
|switch|p2a: Hariyama|Hariyama, M|78/100 slp
|switch|p1a: abstraktions|Blissey, F|77/100
|-damage|p2a: Hariyama|61/100 slp|[from] Spikes
|
|-weather|Sandstorm|[upkeep]
|-damage|p1a: abstraktions|71/100|[from] Sandstorm
|-damage|p2a: Hariyama|55/100 slp|[from] Sandstorm
|-heal|p1a: abstraktions|77/100|[from] item: Leftovers
|-heal|p2a: Hariyama|61/100 slp|[from] item: Leftovers
|upkeep
|turn|37
|
|t:|1727896924
|move|p1a: abstraktions|Thunderbolt|p2a: Hariyama
|-damage|p2a: Hariyama|36/100 slp
|cant|p2a: Hariyama|slp
|
|-weather|Sandstorm|[upkeep]
|-damage|p1a: abstraktions|71/100|[from] Sandstorm
|-damage|p2a: Hariyama|30/100 slp|[from] Sandstorm
|-heal|p1a: abstraktions|77/100|[from] item: Leftovers
|-heal|p2a: Hariyama|36/100 slp|[from] item: Leftovers
|upkeep
|turn|38
|
|t:|1727896930
|move|p1a: abstraktions|Thunderbolt|p2a: Hariyama
|-damage|p2a: Hariyama|12/100 slp
|-curestatus|p2a: Hariyama|slp|[msg]
|move|p2a: Hariyama|Cross Chop|p1a: abstraktions
|-supereffective|p1a: abstraktions
|-damage|p1a: abstraktions|0 fnt
|faint|p1a: abstraktions
|
|win|Tasmanian Demon
|c|☆Tasmanian Demon|gg
|c|☆emma_emma_emma|gg!

</script>
<script type="application/json" class="data" id="replaydata-smogtours-gen3ou-794009">
{"id":"smogtours-gen3ou-794009","format":"[Gen 3] OU","players":["emma_emma_emma","Tasmanian Demon"],"uploadtime":1727896930,"views":112,"formatid":"gen3ou","rating":null,"private":0,"password":null}
</script>

<script defer src="js/replays.js?9d40a366"></script>
