<!DOCTYPE html>
<meta charset="utf-8" />
<meta name="viewport" content="width=device-width" />

<title>[Gen 3] OU: MenaCicada vs. drby - Replays - Pok&eacute;mon Showdown!</title>

<meta name="description" content="Watch a replay of a Pok&eacute;mon battle between MenaCicada and drby! Format: [Gen 3] OU; Date: Oct 9, 2024" />
<!--

Hey, you! Looking in the source for the replay log?

You can find them in JSON format, just add `.json` at the end of a replay URL.

https://replay.pokemonshowdown.com/gen7randomdoublesbattle-865046831.json

Or, if you only need the log itself, add `.log` instead:

https://replay.pokemonshowdown.com/gen7randomdoublesbattle-865046831.log

-->

<link rel="stylesheet" href="//pokemonshowdown.com/style/global.css?0.023195364461161105" />
<link rel="stylesheet" href="//play.pokemonshowdown.com/style/font-awesome.css?0.13261647063804238" />
<link rel="stylesheet" href="//play.pokemonshowdown.com/style/battle.css?0.8753245789963631" />
<link rel="stylesheet" href="//play.pokemonshowdown.com/style/utilichart.css?0.8627959624976733" />

<!-- Global site tag (gtag.js) - Google Analytics -->
<script async src="https://www.googletagmanager.com/gtag/js?id=UA-26211653-1"></script>
<script>
  window.dataLayer = window.dataLayer || [];
  function gtag(){dataLayer.push(arguments);}
  gtag('js', new Date());

  gtag('config', 'UA-26211653-1');
</script>
<!-- End Google Analytics -->
<!-- Venatus Ad Manager - Install in <HEAD> of page -->
	<script src="https://hb.vntsm.com/v3/live/ad-manager.min.js" type="text/javascript" data-site-id="642aba63ec9a7b11c3c9c1be" data-mode="scan" async></script>
<!-- / Venatus Ad Manager -->

<style>
	@media (max-width:820px) {
		.battle {
			margin: 0 auto;
		}
		.battle-log {
			margin: 7px auto 0;
			max-width: 640px;
			height: 300px;
			position: static;
		}
	}
	.optgroup {
		display: inline-block;
		line-height: 22px;
		font-size: 10pt;
	}
	.optgroup .button {
		height: 25px;
		padding-top: 0;
		padding-bottom: 0;
	}
	.optgroup button.button {
		padding-left: 12px;
		padding-right: 12px;
	}
	.linklist {
		list-style: none;
		margin: 0.5em 0;
		padding: 0;
	}
	.linklist li {
		padding: 2px 0;
	}
	.sidebar {
		float: left;
		width: 320px;
	}
	.bar-wrapper {
		max-width: 1100px;
		margin: 0 auto;
	}
	.bar-wrapper.has-sidebar {
		max-width: 1430px;
	}
	.mainbar {
		margin: 0;
		padding-right: 1px;
	}
	.mainbar.has-sidebar {
		margin-left: 330px;
	}
	@media (min-width: 1511px) {
		.sidebar {
			width: 400px;
		}
		.bar-wrapper.has-sidebar {
			max-width: 1510px;
		}
		.mainbar.has-sidebar {
			margin-left: 410px;
		}
	}
	.section.first-section {
		margin-top: 9px;
	}
	.blocklink small {
		white-space: normal;
	}
	.button {
		vertical-align: middle;
	}
	.replay-controls {
		padding-top: 10px;
	}
	.replay-controls h1 {
		font-size: 16pt;
		font-weight: normal;
		color: #CCC;
	}
	.pagelink {
		text-align: center;
	}
	.pagelink a {
		width: 150px;
	}
	.textbox, .button {
		font-size: 11pt;
		vertical-align: middle;
	}
	@media (max-width: 450px) {
		.button {
			font-size: 9pt;
		}
	}
</style>

<div>

	<header>
		<div class="nav-wrapper"><ul class="nav">
			<li><a class="button nav-first" href="//pokemonshowdown.com/"><img src="//pokemonshowdown.com/images/pokemonshowdownbeta.png" srcset="//pokemonshowdown.com/images/pokemonshowdownbeta.png 1x, //pokemonshowdown.com/images/pokemonshowdownbeta@2x.png 2x" alt="Pok&eacute;mon Showdown" width="146" height="44" /> Home</a></li>
			<li><a class="button" href="//pokemonshowdown.com/dex/">Pok&eacute;dex</a></li>
			<li><a class="button cur" href="/">Replays</a></li>
			<li><a class="button" href="//pokemonshowdown.com/ladder/">Ladder</a></li>
			<li><a class="button nav-last" href="//pokemonshowdown.com/forums/">Forum</a></li>
			<li><a class="button greenbutton nav-first nav-last" href="//play.pokemonshowdown.com/">Play</a></li>
		</ul></div>
	</header>

	<div class="main" id="main">

		<noscript><section class="section">You need to enable JavaScript to use this page; sorry!</section></noscript>

	</div>

</div>

<script defer nomodule src="//play.pokemonshowdown.com/js/lib/ps-polyfill.js"></script>
<script defer src="//play.pokemonshowdown.com/js/lib/preact.min.js"></script>

<script defer src="//play.pokemonshowdown.com/config/config.js?2bddbc15"></script>
<script defer src="//play.pokemonshowdown.com/js/lib/jquery-1.11.0.min.js"></script>
<script defer src="//play.pokemonshowdown.com/js/lib/html-sanitizer-minified.js"></script>
<script defer src="//play.pokemonshowdown.com/js/battle-sound.js"></script>
<script defer src="//play.pokemonshowdown.com/js/battledata.js?0.7209276989879541"></script>
<script defer src="//play.pokemonshowdown.com/data/pokedex-mini.js?0.6111056340867951"></script>
<script defer src="//play.pokemonshowdown.com/data/pokedex-mini-bw.js?0.3532142036491459"></script>
<script defer src="//play.pokemonshowdown.com/data/graphics.js?0.24223875632456182"></script>
<script defer src="//play.pokemonshowdown.com/data/pokedex.js?0.38839984266356864"></script>
<script defer src="//play.pokemonshowdown.com/data/moves.js?0.21866028504024015"></script>
<script defer src="//play.pokemonshowdown.com/data/abilities.js?0.2005157953846628"></script>
<script defer src="//play.pokemonshowdown.com/data/items.js?0.9894211263848525"></script>
<script defer src="//play.pokemonshowdown.com/data/teambuilder-tables.js?0.6008791140282215"></script>
<script defer src="//play.pokemonshowdown.com/js/battle-tooltips.js?0.7580118955022959"></script>
<script defer src="//play.pokemonshowdown.com/js/battle.js?0.6057722274234274"></script>

<script defer src="js/utils.js?e31f9a17"></script>
<script defer src="js/replays-battle.js?7008c182"></script>

<!-- don't scrape this data! just add .json or .log after the URL!
Full API docs: https://github.com/smogon/pokemon-showdown-client/blob/master/WEB-API.md -->
<script type="text/plain" class="log" id="replaylog-smogtours-gen3ou-796544">
|inactive|Battle timer is ON: inactive players will automatically lose when time's up.
|t:|1728431735
|gametype|singles
|player|p1|MenaCicada|169|
|player|p2|drby|pokemonbreeder-gen4|
|teamsize|p1|6
|teamsize|p2|6
|gen|3
|tier|[Gen 3] OU
|rule|Sleep Clause Mod: Limit one foe put to sleep
|rule|Switch Priority Clause Mod: Faster Pokémon switch first
|rule|Species Clause: Limit one of each Pokémon
|rule|OHKO Clause: OHKO moves are banned
|rule|Evasion Items Clause: Evasion items are banned
|rule|Evasion Moves Clause: Evasion moves are banned
|rule|Endless Battle Clause: Forcing endless battles is banned
|rule|HP Percentage Mod: HP is shown in percentages
|rule|One Boost Passer Clause: Limit one Baton Passer that has a way to boost its stats
|rule|Freeze Clause Mod: Limit one foe frozen
|
|t:|1728431735
|start
|switch|p1a: Tyranitar|Tyranitar, M|100/100
|switch|p2a: Charizard|Charizard, F|100/100
|-weather|Sandstorm|[from] ability: Sand Stream|[of] p1a: Tyranitar
|turn|1
|
|t:|1728431747
|-activate|p2a: Charizard|move: Pursuit
|move|p1a: Tyranitar|Pursuit|p2a: Charizard|[from]Pursuit
|-damage|p2a: Charizard|53/100
|switch|p2a: Metagross|Metagross|100/100
|
|-weather|Sandstorm|[upkeep]
|upkeep
|turn|2
|
|t:|1728431779
|switch|p1a: Metagross|Metagross|100/100
|move|p2a: Metagross|Earthquake|p1a: Metagross
|-supereffective|p1a: Metagross
|-damage|p1a: Metagross|38/100
|
|-weather|Sandstorm|[upkeep]
|-heal|p1a: Metagross|45/100|[from] item: Leftovers
|upkeep
|turn|3
|
|t:|1728431787
|switch|p1a: Skarmory|Skarmory, M|100/100
|switch|p2a: Forretress|Forretress, F|100/100
|
|-weather|Sandstorm|[upkeep]
|upkeep
|turn|4
|
|t:|1728431799
|switch|p1a: Tyranitar|Tyranitar, M|100/100
|move|p2a: Forretress|Spikes|p1a: Tyranitar
|-sidestart|p1: MenaCicada|Spikes
|
|-weather|Sandstorm|[upkeep]
|upkeep
|turn|5
|
|t:|1728431808
|switch|p2a: Milotic|Milotic, M, shiny|100/100
|move|p1a: Tyranitar|Flamethrower|p2a: Milotic
|-resisted|p2a: Milotic
|-damage|p2a: Milotic|93/100
|
|-weather|Sandstorm|[upkeep]
|-damage|p2a: Milotic|87/100|[from] Sandstorm
|-heal|p2a: Milotic|93/100|[from] item: Leftovers
|upkeep
|turn|6
|
|t:|1728431818
|switch|p1a: Ludicolo|Ludicolo, F|100/100
|-damage|p1a: Ludicolo|88/100|[from] Spikes
|move|p2a: Milotic|Surf|p1a: Ludicolo
|-resisted|p1a: Ludicolo
|-damage|p1a: Ludicolo|81/100
|
|-weather|Sandstorm|[upkeep]
|-damage|p1a: Ludicolo|74/100|[from] Sandstorm
|-damage|p2a: Milotic|87/100|[from] Sandstorm
|-heal|p1a: Ludicolo|81/100|[from] item: Leftovers
|-heal|p2a: Milotic|93/100|[from] item: Leftovers
|upkeep
|turn|7
|
|t:|1728431821
|move|p1a: Ludicolo|Leech Seed|p2a: Milotic
|-start|p2a: Milotic|move: Leech Seed
|move|p2a: Milotic|Toxic|p1a: Ludicolo
|-status|p1a: Ludicolo|tox
|
|-weather|Sandstorm|[upkeep]
|-damage|p1a: Ludicolo|74/100 tox|[from] Sandstorm
|-damage|p2a: Milotic|87/100|[from] Sandstorm
|-heal|p1a: Ludicolo|81/100 tox|[from] item: Leftovers
|-damage|p1a: Ludicolo|74/100 tox|[from] psn
|-heal|p2a: Milotic|93/100|[from] item: Leftovers
|-damage|p2a: Milotic|80/100|[from] Leech Seed|[of] p1a: Ludicolo
|-heal|p1a: Ludicolo|89/100 tox|[silent]
|upkeep
|turn|8
|
|t:|1728431831
|switch|p1a: Blissey|Blissey, F|100/100
|-damage|p1a: Blissey|88/100|[from] Spikes
|switch|p2a: Celebi|Celebi|100/100
|
|-weather|Sandstorm|[upkeep]
|-damage|p2a: Celebi|94/100|[from] Sandstorm
|-damage|p1a: Blissey|82/100|[from] Sandstorm
|-heal|p2a: Celebi|100/100|[from] item: Leftovers
|-heal|p1a: Blissey|88/100|[from] item: Leftovers
|upkeep
|turn|9
|
|t:|1728431835
|move|p2a: Celebi|Leech Seed|p1a: Blissey
|-start|p1a: Blissey|move: Leech Seed
|move|p1a: Blissey|Ice Beam|p2a: Celebi
|-supereffective|p2a: Celebi
|-damage|p2a: Celebi|57/100
|
|-weather|Sandstorm|[upkeep]
|-damage|p2a: Celebi|51/100|[from] Sandstorm
|-damage|p1a: Blissey|82/100|[from] Sandstorm
|-heal|p2a: Celebi|57/100|[from] item: Leftovers
|-heal|p1a: Blissey|88/100|[from] item: Leftovers
|-damage|p1a: Blissey|76/100|[from] Leech Seed|[of] p2a: Celebi
|-heal|p2a: Celebi|81/100|[silent]
|upkeep
|turn|10
|
|t:|1728431848
|switch|p1a: Skarmory|Skarmory, M|100/100
|move|p2a: Celebi|Hidden Power|p1a: Skarmory
|-supereffective|p1a: Skarmory
|-damage|p1a: Skarmory|61/100
|
|-weather|Sandstorm|[upkeep]
|-damage|p2a: Celebi|74/100|[from] Sandstorm
|-heal|p2a: Celebi|81/100|[from] item: Leftovers
|-heal|p1a: Skarmory|67/100|[from] item: Leftovers
|upkeep
|turn|11
|
|t:|1728431852
|move|p1a: Skarmory|Protect|p1a: Skarmory
|-singleturn|p1a: Skarmory|Protect
|move|p2a: Celebi|Hidden Power|p1a: Skarmory
|-activate|p1a: Skarmory|Protect
|
|-weather|Sandstorm|[upkeep]
|-damage|p2a: Celebi|74/100|[from] Sandstorm
|-heal|p2a: Celebi|81/100|[from] item: Leftovers
|-heal|p1a: Skarmory|73/100|[from] item: Leftovers
|upkeep
|turn|12
|
|t:|1728431865
|switch|p1a: Ludicolo|Ludicolo, F|89/100 tox
|-damage|p1a: Ludicolo|77/100 tox|[from] Spikes
|move|p2a: Celebi|Leech Seed|p1a: Ludicolo
|-immune|p1a: Ludicolo
|
|-weather|Sandstorm|[upkeep]
|-damage|p2a: Celebi|74/100|[from] Sandstorm
|-damage|p1a: Ludicolo|70/100 tox|[from] Sandstorm
|-heal|p2a: Celebi|81/100|[from] item: Leftovers
|-heal|p1a: Ludicolo|77/100 tox|[from] item: Leftovers
|-damage|p1a: Ludicolo|70/100 tox|[from] psn
|upkeep
|turn|13
|
|t:|1728431882
|switch|p2a: Milotic|Milotic, M, shiny|80/100
|move|p1a: Ludicolo|Ice Beam|p2a: Milotic
|-resisted|p2a: Milotic
|-damage|p2a: Milotic|73/100
|
|-weather|Sandstorm|[upkeep]
|-damage|p1a: Ludicolo|64/100 tox|[from] Sandstorm
|-damage|p2a: Milotic|67/100|[from] Sandstorm
|-heal|p1a: Ludicolo|70/100 tox|[from] item: Leftovers
|-damage|p1a: Ludicolo|58/100 tox|[from] psn
|-heal|p2a: Milotic|73/100|[from] item: Leftovers
|upkeep
|turn|14
|
|t:|1728431886
|move|p1a: Ludicolo|Leech Seed|p2a: Milotic
|-start|p2a: Milotic|move: Leech Seed
|move|p2a: Milotic|Recover|p2a: Milotic
|-heal|p2a: Milotic|100/100
|
|-weather|Sandstorm|[upkeep]
|-damage|p1a: Ludicolo|52/100 tox|[from] Sandstorm
|-damage|p2a: Milotic|94/100|[from] Sandstorm
|-heal|p1a: Ludicolo|58/100 tox|[from] item: Leftovers
|-damage|p1a: Ludicolo|40/100 tox|[from] psn
|-heal|p2a: Milotic|100/100|[from] item: Leftovers
|-damage|p2a: Milotic|88/100|[from] Leech Seed|[of] p1a: Ludicolo
|-heal|p1a: Ludicolo|54/100 tox|[silent]
|upkeep
|turn|15
|
|t:|1728431890
|switch|p1a: Skarmory|Skarmory, M|73/100
|switch|p2a: Celebi|Celebi|81/100
|
|-weather|Sandstorm|[upkeep]
|-damage|p2a: Celebi|74/100|[from] Sandstorm
|-heal|p2a: Celebi|81/100|[from] item: Leftovers
|-heal|p1a: Skarmory|79/100|[from] item: Leftovers
|upkeep
|turn|16
|
|t:|1728431893
|move|p1a: Skarmory|Protect|p1a: Skarmory
|-singleturn|p1a: Skarmory|Protect
|move|p2a: Celebi|Hidden Power|p1a: Skarmory
|-activate|p1a: Skarmory|Protect
|
|-weather|Sandstorm|[upkeep]
|-damage|p2a: Celebi|74/100|[from] Sandstorm
|-heal|p2a: Celebi|81/100|[from] item: Leftovers
|-heal|p1a: Skarmory|85/100|[from] item: Leftovers
|upkeep
|turn|17
|
|t:|1728431900
|switch|p1a: Blissey|Blissey, F|76/100
|-damage|p1a: Blissey|63/100|[from] Spikes
|move|p2a: Celebi|Leech Seed|p1a: Blissey
|-start|p1a: Blissey|move: Leech Seed
|
|-weather|Sandstorm|[upkeep]
|-damage|p2a: Celebi|74/100|[from] Sandstorm
|-damage|p1a: Blissey|57/100|[from] Sandstorm
|-heal|p2a: Celebi|81/100|[from] item: Leftovers
|-heal|p1a: Blissey|63/100|[from] item: Leftovers
|-damage|p1a: Blissey|51/100|[from] Leech Seed|[of] p2a: Celebi
|-heal|p2a: Celebi|100/100|[silent]
|upkeep
|turn|18
|
|t:|1728431904
|move|p2a: Celebi|Psychic|p1a: Blissey
|-damage|p1a: Blissey|35/100
|move|p1a: Blissey|Soft-Boiled|p1a: Blissey
|-heal|p1a: Blissey|85/100
|
|-weather|Sandstorm|[upkeep]
|-damage|p2a: Celebi|94/100|[from] Sandstorm
|-damage|p1a: Blissey|79/100|[from] Sandstorm
|-heal|p2a: Celebi|100/100|[from] item: Leftovers
|-heal|p1a: Blissey|85/100|[from] item: Leftovers
|-damage|p1a: Blissey|72/100|[from] Leech Seed|[of] p2a: Celebi
|upkeep
|turn|19
|
|t:|1728431921
|switch|p1a: Tyranitar|Tyranitar, M|100/100
|-damage|p1a: Tyranitar|88/100|[from] Spikes
|move|p2a: Celebi|Leech Seed|p1a: Tyranitar|[miss]
|-miss|p2a: Celebi|p1a: Tyranitar
|
|-weather|Sandstorm|[upkeep]
|-damage|p2a: Celebi|94/100|[from] Sandstorm
|-heal|p2a: Celebi|100/100|[from] item: Leftovers
|-heal|p1a: Tyranitar|94/100|[from] item: Leftovers
|upkeep
|turn|20
|
|t:|1728431927
|move|p2a: Celebi|Giga Drain|p1a: Tyranitar
|-supereffective|p1a: Tyranitar
|-damage|p1a: Tyranitar|47/100
|move|p1a: Tyranitar|Crunch|p2a: Celebi
|-supereffective|p2a: Celebi
|-damage|p2a: Celebi|33/100
|
|-weather|Sandstorm|[upkeep]
|-damage|p2a: Celebi|27/100|[from] Sandstorm
|-heal|p2a: Celebi|33/100|[from] item: Leftovers
|-heal|p1a: Tyranitar|53/100|[from] item: Leftovers
|upkeep
|turn|21
|
|t:|1728431932
|move|p2a: Celebi|Giga Drain|p1a: Tyranitar
|-supereffective|p1a: Tyranitar
|-damage|p1a: Tyranitar|6/100
|-heal|p2a: Celebi|61/100|[from] drain|[of] p1a: Tyranitar
|move|p1a: Tyranitar|Crunch|p2a: Celebi
|-supereffective|p2a: Celebi
|-damage|p2a: Celebi|0 fnt
|faint|p2a: Celebi
|
|t:|1728431940
|switch|p2a: Charizard|Charizard, F|53/100
|
|-weather|Sandstorm|[upkeep]
|-damage|p2a: Charizard|47/100|[from] Sandstorm
|-heal|p1a: Tyranitar|12/100|[from] item: Leftovers
|upkeep
|turn|22
|
|t:|1728431945
|move|p2a: Charizard|Hidden Power|p1a: Tyranitar
|-supereffective|p1a: Tyranitar
|-damage|p1a: Tyranitar|0 fnt
|faint|p1a: Tyranitar
|
|t:|1728431953
|switch|p1a: Claydol|Claydol|100/100
|
|-weather|Sandstorm|[upkeep]
|-damage|p2a: Charizard|41/100|[from] Sandstorm
|upkeep
|turn|23
|
|t:|1728431958
|move|p2a: Charizard|Hidden Power|p1a: Claydol
|-supereffective|p1a: Claydol
|-crit|p1a: Claydol
|-damage|p1a: Claydol|22/100
|move|p1a: Claydol|Rock Slide|p2a: Charizard
|-supereffective|p2a: Charizard
|-damage|p2a: Charizard|0 fnt
|faint|p2a: Charizard
|
|t:|1728431963
|switch|p2a: Gengar|Gengar, F, shiny|100/100
|
|-weather|Sandstorm|[upkeep]
|-damage|p2a: Gengar|94/100|[from] Sandstorm
|-heal|p2a: Gengar|100/100|[from] item: Leftovers
|-heal|p1a: Claydol|28/100|[from] item: Leftovers
|upkeep
|turn|24
|
|t:|1728431972
|switch|p1a: Ludicolo|Ludicolo, F|54/100 tox
|-damage|p1a: Ludicolo|42/100 tox|[from] Spikes
|move|p2a: Gengar|Ice Punch|p1a: Ludicolo
|-damage|p1a: Ludicolo|20/100 tox
|
|-weather|Sandstorm|[upkeep]
|-damage|p2a: Gengar|94/100|[from] Sandstorm
|-damage|p1a: Ludicolo|14/100 tox|[from] Sandstorm
|-heal|p2a: Gengar|100/100|[from] item: Leftovers
|-heal|p1a: Ludicolo|20/100 tox|[from] item: Leftovers
|-damage|p1a: Ludicolo|14/100 tox|[from] psn
|upkeep
|turn|25
|
|t:|1728431979
|move|p2a: Gengar|Thunderbolt|p1a: Ludicolo
|-damage|p1a: Ludicolo|0 fnt
|faint|p1a: Ludicolo
|
|t:|1728431982
|switch|p1a: Blissey|Blissey, F|72/100
|-damage|p1a: Blissey|60/100|[from] Spikes
|
|-weather|Sandstorm|[upkeep]
|-damage|p2a: Gengar|94/100|[from] Sandstorm
|-damage|p1a: Blissey|54/100|[from] Sandstorm
|-heal|p2a: Gengar|100/100|[from] item: Leftovers
|-heal|p1a: Blissey|60/100|[from] item: Leftovers
|upkeep
|turn|26
|
|t:|1728431995
|switch|p1a: Claydol|Claydol|28/100
|move|p2a: Gengar|Will-O-Wisp|p1a: Claydol
|-status|p1a: Claydol|brn
|
|-weather|Sandstorm|[upkeep]
|-damage|p2a: Gengar|94/100|[from] Sandstorm
|-heal|p2a: Gengar|100/100|[from] item: Leftovers
|-heal|p1a: Claydol|35/100 brn|[from] item: Leftovers
|-damage|p1a: Claydol|22/100 brn|[from] brn
|upkeep
|turn|27
|
|t:|1728431998
|move|p2a: Gengar|Ice Punch|p1a: Claydol
|-supereffective|p1a: Claydol
|-damage|p1a: Claydol|0 fnt
|faint|p1a: Claydol
|
|t:|1728431999
|switch|p1a: Blissey|Blissey, F|60/100
|-damage|p1a: Blissey|47/100|[from] Spikes
|
|-weather|Sandstorm|[upkeep]
|-damage|p2a: Gengar|94/100|[from] Sandstorm
|-damage|p1a: Blissey|41/100|[from] Sandstorm
|-heal|p2a: Gengar|100/100|[from] item: Leftovers
|-heal|p1a: Blissey|47/100|[from] item: Leftovers
|upkeep
|turn|28
|
|t:|1728432005
|switch|p2a: Forretress|Forretress, F|100/100
|move|p1a: Blissey|Soft-Boiled|p1a: Blissey
|-heal|p1a: Blissey|97/100
|
|-weather|Sandstorm|[upkeep]
|-damage|p1a: Blissey|91/100|[from] Sandstorm
|-heal|p1a: Blissey|97/100|[from] item: Leftovers
|upkeep
|turn|29
|
|t:|1728432009
|move|p1a: Blissey|Thunder Wave|p2a: Forretress
|-status|p2a: Forretress|par
|move|p2a: Forretress|Spikes|p1a: Blissey
|-sidestart|p1: MenaCicada|Spikes
|
|-weather|Sandstorm|[upkeep]
|-damage|p1a: Blissey|91/100|[from] Sandstorm
|-heal|p1a: Blissey|97/100|[from] item: Leftovers
|upkeep
|turn|30
|
|t:|1728432021
|move|p1a: Blissey|Seismic Toss|p2a: Forretress
|-damage|p2a: Forretress|72/100 par
|move|p2a: Forretress|Spikes|p1a: Blissey
|-sidestart|p1: MenaCicada|Spikes
|
|-weather|Sandstorm|[upkeep]
|-damage|p1a: Blissey|91/100|[from] Sandstorm
|-heal|p1a: Blissey|97/100|[from] item: Leftovers
|-heal|p2a: Forretress|78/100 par|[from] item: Leftovers
|upkeep
|turn|31
|
|t:|1728432031
|switch|p1a: Skarmory|Skarmory, M|85/100
|switch|p2a: Metagross|Metagross|100/100
|
|-weather|Sandstorm|[upkeep]
|-heal|p1a: Skarmory|91/100|[from] item: Leftovers
|upkeep
|turn|32
|
|t:|1728432035
|move|p1a: Skarmory|Spikes|p2a: Metagross
|-sidestart|p2: drby|Spikes
|move|p2a: Metagross|Meteor Mash|p1a: Skarmory|[miss]
|-miss|p2a: Metagross|p1a: Skarmory
|
|-weather|Sandstorm|[upkeep]
|-heal|p1a: Skarmory|97/100|[from] item: Leftovers
|upkeep
|turn|33
|
|t:|1728432040
|move|p1a: Skarmory|Protect|p1a: Skarmory
|-singleturn|p1a: Skarmory|Protect
|move|p2a: Metagross|Meteor Mash|p1a: Skarmory
|-activate|p1a: Skarmory|Protect
|
|-weather|Sandstorm|[upkeep]
|-heal|p1a: Skarmory|100/100|[from] item: Leftovers
|upkeep
|turn|34
|
|t:|1728432042
|move|p1a: Skarmory|Spikes|p2a: Metagross
|-sidestart|p2: drby|Spikes
|move|p2a: Metagross|Meteor Mash|p1a: Skarmory
|-resisted|p1a: Skarmory
|-crit|p1a: Skarmory
|-damage|p1a: Skarmory|57/100
|
|-weather|Sandstorm|[upkeep]
|-heal|p1a: Skarmory|63/100|[from] item: Leftovers
|upkeep
|turn|35
|
|t:|1728432047
|move|p1a: Skarmory|Protect|p1a: Skarmory
|-singleturn|p1a: Skarmory|Protect
|move|p2a: Metagross|Meteor Mash|p1a: Skarmory
|-activate|p1a: Skarmory|Protect
|
|-weather|Sandstorm|[upkeep]
|-heal|p1a: Skarmory|69/100|[from] item: Leftovers
|upkeep
|turn|36
|
|t:|1728432050
|move|p1a: Skarmory|Spikes|p2a: Metagross
|-sidestart|p2: drby|Spikes
|move|p2a: Metagross|Meteor Mash|p1a: Skarmory
|-resisted|p1a: Skarmory
|-damage|p1a: Skarmory|48/100
|
|-weather|Sandstorm|[upkeep]
|-heal|p1a: Skarmory|54/100|[from] item: Leftovers
|upkeep
|turn|37
|
|t:|1728432056
|move|p1a: Skarmory|Protect|p1a: Skarmory
|-singleturn|p1a: Skarmory|Protect
|move|p2a: Metagross|Meteor Mash|p1a: Skarmory
|-activate|p1a: Skarmory|Protect
|
|-weather|Sandstorm|[upkeep]
|-heal|p1a: Skarmory|60/100|[from] item: Leftovers
|upkeep
|turn|38
|
|t:|1728432058
|move|p2a: Metagross|Meteor Mash|p1a: Skarmory
|-resisted|p1a: Skarmory
|-damage|p1a: Skarmory|36/100
|move|p1a: Skarmory|Roar|p2a: Metagross
|drag|p2a: Forretress|Forretress, F|78/100 par
|-damage|p2a: Forretress|54/100 par|[from] Spikes
|
|-weather|Sandstorm|[upkeep]
|-heal|p1a: Skarmory|42/100|[from] item: Leftovers
|-heal|p2a: Forretress|60/100 par|[from] item: Leftovers
|upkeep
|turn|39
|
|t:|1728432063
|move|p1a: Skarmory|Protect|p1a: Skarmory
|-singleturn|p1a: Skarmory|Protect
|cant|p2a: Forretress|par
|
|-weather|Sandstorm|[upkeep]
|-heal|p1a: Skarmory|48/100|[from] item: Leftovers
|-heal|p2a: Forretress|66/100 par|[from] item: Leftovers
|upkeep
|turn|40
|
|t:|1728432065
|cant|p2a: Forretress|par
|move|p1a: Skarmory|Roar|p2a: Forretress
|drag|p2a: Gengar|Gengar, F, shiny|100/100
|
|-weather|Sandstorm|[upkeep]
|-damage|p2a: Gengar|94/100|[from] Sandstorm
|-heal|p2a: Gengar|100/100|[from] item: Leftovers
|-heal|p1a: Skarmory|54/100|[from] item: Leftovers
|upkeep
|turn|41
|
|t:|1728432071
|move|p1a: Skarmory|Protect|p1a: Skarmory
|-singleturn|p1a: Skarmory|Protect
|move|p2a: Gengar|Thunderbolt|p1a: Skarmory
|-activate|p1a: Skarmory|Protect
|
|-weather|Sandstorm|[upkeep]
|-damage|p2a: Gengar|94/100|[from] Sandstorm
|-heal|p2a: Gengar|100/100|[from] item: Leftovers
|-heal|p1a: Skarmory|60/100|[from] item: Leftovers
|upkeep
|turn|42
|
|t:|1728432082
|switch|p1a: Metagross|Metagross|45/100
|-damage|p1a: Metagross|20/100|[from] Spikes
|move|p2a: Gengar|Will-O-Wisp|p1a: Metagross
|-status|p1a: Metagross|brn
|
|-weather|Sandstorm|[upkeep]
|-damage|p2a: Gengar|94/100|[from] Sandstorm
|-heal|p2a: Gengar|100/100|[from] item: Leftovers
|-heal|p1a: Metagross|26/100 brn|[from] item: Leftovers
|-damage|p1a: Metagross|14/100 brn|[from] brn
|upkeep
|turn|43
|
|t:|1728432087
|move|p2a: Gengar|Thunderbolt|p1a: Metagross
|-damage|p1a: Metagross|0 fnt
|faint|p1a: Metagross
|
|t:|1728432089
|switch|p1a: Blissey|Blissey, F|97/100
|-damage|p1a: Blissey|72/100|[from] Spikes
|
|-weather|Sandstorm|[upkeep]
|-damage|p2a: Gengar|94/100|[from] Sandstorm
|-damage|p1a: Blissey|66/100|[from] Sandstorm
|-heal|p2a: Gengar|100/100|[from] item: Leftovers
|-heal|p1a: Blissey|72/100|[from] item: Leftovers
|upkeep
|turn|44
|
|t:|1728432094
|move|p2a: Gengar|Will-O-Wisp|p1a: Blissey
|-status|p1a: Blissey|brn
|move|p1a: Blissey|Thunder Wave|p2a: Gengar
|-status|p2a: Gengar|par
|
|-weather|Sandstorm|[upkeep]
|-damage|p1a: Blissey|66/100 brn|[from] Sandstorm
|-damage|p2a: Gengar|94/100 par|[from] Sandstorm
|-heal|p1a: Blissey|72/100 brn|[from] item: Leftovers
|-damage|p1a: Blissey|60/100 brn|[from] brn
|-heal|p2a: Gengar|100/100 par|[from] item: Leftovers
|upkeep
|turn|45
|
|t:|1728432100
|switch|p2a: Forretress|Forretress, F|66/100 par
|-damage|p2a: Forretress|41/100 par|[from] Spikes
|move|p1a: Blissey|Soft-Boiled|p1a: Blissey
|-heal|p1a: Blissey|100/100 brn
|
|-weather|Sandstorm|[upkeep]
|-damage|p1a: Blissey|94/100 brn|[from] Sandstorm
|-heal|p1a: Blissey|100/100 brn|[from] item: Leftovers
|-damage|p1a: Blissey|88/100 brn|[from] brn
|-heal|p2a: Forretress|47/100 par|[from] item: Leftovers
|upkeep
|turn|46
|
|t:|1728432105
|move|p1a: Blissey|Seismic Toss|p2a: Forretress
|-damage|p2a: Forretress|19/100 par
|move|p2a: Forretress|Rapid Spin|p1a: Blissey
|-damage|p1a: Blissey|83/100 brn
|-sideend|p2: drby|Spikes|[from] move: Rapid Spin|[of] p2a: Forretress
|
|-weather|Sandstorm|[upkeep]
|-damage|p1a: Blissey|77/100 brn|[from] Sandstorm
|-heal|p1a: Blissey|83/100 brn|[from] item: Leftovers
|-damage|p1a: Blissey|71/100 brn|[from] brn
|-heal|p2a: Forretress|25/100 par|[from] item: Leftovers
|upkeep
|turn|47
|
|t:|1728432110
|move|p1a: Blissey|Seismic Toss|p2a: Forretress
|-damage|p2a: Forretress|0 fnt
|faint|p2a: Forretress
|
|t:|1728432123
|switch|p2a: Metagross|Metagross|100/100
|
|-weather|Sandstorm|[upkeep]
|-damage|p1a: Blissey|65/100 brn|[from] Sandstorm
|-heal|p1a: Blissey|71/100 brn|[from] item: Leftovers
|-damage|p1a: Blissey|58/100 brn|[from] brn
|upkeep
|turn|48
|
|t:|1728432131
|-curestatus|p1a: Blissey|brn|[from] ability: Natural Cure
|switch|p1a: Skarmory|Skarmory, M|60/100
|move|p2a: Metagross|Meteor Mash|p1a: Skarmory|[miss]
|-miss|p2a: Metagross|p1a: Skarmory
|
|-weather|Sandstorm|[upkeep]
|-heal|p1a: Skarmory|66/100|[from] item: Leftovers
|upkeep
|turn|49
|
|t:|1728432136
|move|p1a: Skarmory|Spikes|p2a: Metagross
|-sidestart|p2: drby|Spikes
|move|p2a: Metagross|Meteor Mash|p1a: Skarmory|[miss]
|-miss|p2a: Metagross|p1a: Skarmory
|
|-weather|Sandstorm|[upkeep]
|-heal|p1a: Skarmory|72/100|[from] item: Leftovers
|upkeep
|turn|50
|
|t:|1728432139
|move|p1a: Skarmory|Protect|p1a: Skarmory
|-singleturn|p1a: Skarmory|Protect
|move|p2a: Metagross|Meteor Mash|p1a: Skarmory
|-activate|p1a: Skarmory|Protect
|
|-weather|Sandstorm|[upkeep]
|-heal|p1a: Skarmory|78/100|[from] item: Leftovers
|upkeep
|turn|51
|
|t:|1728432143
|move|p2a: Metagross|Meteor Mash|p1a: Skarmory|[miss]
|-miss|p2a: Metagross|p1a: Skarmory
|move|p1a: Skarmory|Roar|p2a: Metagross
|drag|p2a: Milotic|Milotic, M, shiny|88/100
|-damage|p2a: Milotic|76/100|[from] Spikes
|
|-weather|Sandstorm|[upkeep]
|-damage|p2a: Milotic|70/100|[from] Sandstorm
|-heal|p2a: Milotic|76/100|[from] item: Leftovers
|-heal|p1a: Skarmory|84/100|[from] item: Leftovers
|upkeep
|turn|52
|c|☆drby|heck
|c|☆drby|lmao
|c|☆drby|my gross needs glasses
|
|t:|1728432156
|move|p1a: Skarmory|Protect|p1a: Skarmory
|-singleturn|p1a: Skarmory|Protect
|move|p2a: Milotic|Surf|p1a: Skarmory
|-activate|p1a: Skarmory|Protect
|
|-weather|Sandstorm|[upkeep]
|-damage|p2a: Milotic|70/100|[from] Sandstorm
|-heal|p2a: Milotic|76/100|[from] item: Leftovers
|-heal|p1a: Skarmory|90/100|[from] item: Leftovers
|upkeep
|turn|53
|c|☆MenaCicada|Was just about to say that
|
|t:|1728432168
|move|p2a: Milotic|Surf|p1a: Skarmory
|-crit|p1a: Skarmory
|-damage|p1a: Skarmory|33/100
|move|p1a: Skarmory|Toxic|p2a: Milotic
|-status|p2a: Milotic|tox
|
|-weather|Sandstorm|[upkeep]
|-damage|p2a: Milotic|70/100 tox|[from] Sandstorm
|-heal|p2a: Milotic|76/100 tox|[from] item: Leftovers
|-damage|p2a: Milotic|70/100 tox|[from] psn
|-heal|p1a: Skarmory|39/100|[from] item: Leftovers
|upkeep
|turn|54
|
|t:|1728432172
|move|p1a: Skarmory|Protect|p1a: Skarmory
|-singleturn|p1a: Skarmory|Protect
|move|p2a: Milotic|Refresh|p2a: Milotic
|-curestatus|p2a: Milotic|tox|[msg]
|
|-weather|Sandstorm|[upkeep]
|-damage|p2a: Milotic|63/100|[from] Sandstorm
|-heal|p2a: Milotic|70/100|[from] item: Leftovers
|-heal|p1a: Skarmory|45/100|[from] item: Leftovers
|upkeep
|turn|55
|
|t:|1728432178
|switch|p1a: Blissey|Blissey, F|58/100
|-damage|p1a: Blissey|34/100|[from] Spikes
|move|p2a: Milotic|Surf|p1a: Blissey
|-damage|p1a: Blissey|20/100
|
|-weather|Sandstorm|[upkeep]
|-damage|p2a: Milotic|63/100|[from] Sandstorm
|-damage|p1a: Blissey|13/100|[from] Sandstorm
|-heal|p2a: Milotic|70/100|[from] item: Leftovers
|-heal|p1a: Blissey|20/100|[from] item: Leftovers
|upkeep
|turn|56
|
|t:|1728432183
|switch|p2a: Metagross|Metagross|100/100
|-damage|p2a: Metagross|88/100|[from] Spikes
|move|p1a: Blissey|Soft-Boiled|p1a: Blissey
|-heal|p1a: Blissey|69/100
|
|-weather|Sandstorm|[upkeep]
|-damage|p1a: Blissey|63/100|[from] Sandstorm
|-heal|p2a: Metagross|94/100|[from] item: Leftovers
|-heal|p1a: Blissey|69/100|[from] item: Leftovers
|upkeep
|turn|57
|
|t:|1728432191
|move|p2a: Metagross|Explosion|p1a: Blissey
|-damage|p1a: Blissey|0 fnt
|faint|p2a: Metagross
|faint|p1a: Blissey
|c|☆MenaCicada|Gg
|c|☆drby|gg
|
|t:|1728432200
|switch|p2a: Gengar|Gengar, F, shiny|100/100 par
|switch|p1a: Skarmory|Skarmory, M|45/100
|
|-weather|Sandstorm|[upkeep]
|-damage|p2a: Gengar|94/100 par|[from] Sandstorm
|-heal|p1a: Skarmory|51/100|[from] item: Leftovers
|-heal|p2a: Gengar|100/100 par|[from] item: Leftovers
|upkeep
|turn|58
|
|t:|1728432204
|move|p1a: Skarmory|Spikes|p2a: Gengar
|-sidestart|p2: drby|Spikes
|move|p2a: Gengar|Thunderbolt|p1a: Skarmory
|-supereffective|p1a: Skarmory
|-damage|p1a: Skarmory|0 fnt
|faint|p1a: Skarmory
|
|win|drby
|player|p1|

</script>
<script type="application/json" class="data" id="replaydata-smogtours-gen3ou-796544">
{"id":"smogtours-gen3ou-796544","format":"[Gen 3] OU","players":["MenaCicada","drby"],"uploadtime":1728432204,"views":129,"formatid":"gen3ou","rating":null,"private":0,"password":null}
</script>

<script defer src="js/replays.js?9d40a366"></script>
