<!DOCTYPE html>
<meta charset="utf-8" />
<meta name="viewport" content="width=device-width" />

<title>[Gen 3] OU: Oskari SOSA vs. kittencel - Replays - Pok&eacute;mon Showdown!</title>

<meta name="description" content="Watch a replay of a Pok&eacute;mon battle between Oskari SOSA and kittencel! Format: [Gen 3] OU; Date: Oct 17, 2024" />
<!--

Hey, you! Looking in the source for the replay log?

You can find them in JSON format, just add `.json` at the end of a replay URL.

https://replay.pokemonshowdown.com/gen7randomdoublesbattle-865046831.json

Or, if you only need the log itself, add `.log` instead:

https://replay.pokemonshowdown.com/gen7randomdoublesbattle-865046831.log

-->

<link rel="stylesheet" href="//pokemonshowdown.com/style/global.css?0.023195364461161105" />
<link rel="stylesheet" href="//play.pokemonshowdown.com/style/font-awesome.css?0.13261647063804238" />
<link rel="stylesheet" href="//play.pokemonshowdown.com/style/battle.css?0.8753245789963631" />
<link rel="stylesheet" href="//play.pokemonshowdown.com/style/utilichart.css?0.8627959624976733" />

<!-- Global site tag (gtag.js) - Google Analytics -->
<script async src="https://www.googletagmanager.com/gtag/js?id=UA-26211653-1"></script>
<script>
  window.dataLayer = window.dataLayer || [];
  function gtag(){dataLayer.push(arguments);}
  gtag('js', new Date());

  gtag('config', 'UA-26211653-1');
</script>
<!-- End Google Analytics -->
<!-- Venatus Ad Manager - Install in <HEAD> of page -->
	<script src="https://hb.vntsm.com/v3/live/ad-manager.min.js" type="text/javascript" data-site-id="642aba63ec9a7b11c3c9c1be" data-mode="scan" async></script>
<!-- / Venatus Ad Manager -->

<style>
	@media (max-width:820px) {
		.battle {
			margin: 0 auto;
		}
		.battle-log {
			margin: 7px auto 0;
			max-width: 640px;
			height: 300px;
			position: static;
		}
	}
	.optgroup {
		display: inline-block;
		line-height: 22px;
		font-size: 10pt;
	}
	.optgroup .button {
		height: 25px;
		padding-top: 0;
		padding-bottom: 0;
	}
	.optgroup button.button {
		padding-left: 12px;
		padding-right: 12px;
	}
	.linklist {
		list-style: none;
		margin: 0.5em 0;
		padding: 0;
	}
	.linklist li {
		padding: 2px 0;
	}
	.sidebar {
		float: left;
		width: 320px;
	}
	.bar-wrapper {
		max-width: 1100px;
		margin: 0 auto;
	}
	.bar-wrapper.has-sidebar {
		max-width: 1430px;
	}
	.mainbar {
		margin: 0;
		padding-right: 1px;
	}
	.mainbar.has-sidebar {
		margin-left: 330px;
	}
	@media (min-width: 1511px) {
		.sidebar {
			width: 400px;
		}
		.bar-wrapper.has-sidebar {
			max-width: 1510px;
		}
		.mainbar.has-sidebar {
			margin-left: 410px;
		}
	}
	.section.first-section {
		margin-top: 9px;
	}
	.blocklink small {
		white-space: normal;
	}
	.button {
		vertical-align: middle;
	}
	.replay-controls {
		padding-top: 10px;
	}
	.replay-controls h1 {
		font-size: 16pt;
		font-weight: normal;
		color: #CCC;
	}
	.pagelink {
		text-align: center;
	}
	.pagelink a {
		width: 150px;
	}
	.textbox, .button {
		font-size: 11pt;
		vertical-align: middle;
	}
	@media (max-width: 450px) {
		.button {
			font-size: 9pt;
		}
	}
</style>

<div>

	<header>
		<div class="nav-wrapper"><ul class="nav">
			<li><a class="button nav-first" href="//pokemonshowdown.com/"><img src="//pokemonshowdown.com/images/pokemonshowdownbeta.png" srcset="//pokemonshowdown.com/images/pokemonshowdownbeta.png 1x, //pokemonshowdown.com/images/pokemonshowdownbeta@2x.png 2x" alt="Pok&eacute;mon Showdown" width="146" height="44" /> Home</a></li>
			<li><a class="button" href="//pokemonshowdown.com/dex/">Pok&eacute;dex</a></li>
			<li><a class="button cur" href="/">Replays</a></li>
			<li><a class="button" href="//pokemonshowdown.com/ladder/">Ladder</a></li>
			<li><a class="button nav-last" href="//pokemonshowdown.com/forums/">Forum</a></li>
			<li><a class="button greenbutton nav-first nav-last" href="//play.pokemonshowdown.com/">Play</a></li>
		</ul></div>
	</header>

	<div class="main" id="main">

		<noscript><section class="section">You need to enable JavaScript to use this page; sorry!</section></noscript>

	</div>

</div>

<script defer nomodule src="//play.pokemonshowdown.com/js/lib/ps-polyfill.js"></script>
<script defer src="//play.pokemonshowdown.com/js/lib/preact.min.js"></script>

<script defer src="//play.pokemonshowdown.com/config/config.js?2bddbc15"></script>
<script defer src="//play.pokemonshowdown.com/js/lib/jquery-1.11.0.min.js"></script>
<script defer src="//play.pokemonshowdown.com/js/lib/html-sanitizer-minified.js"></script>
<script defer src="//play.pokemonshowdown.com/js/battle-sound.js"></script>
<script defer src="//play.pokemonshowdown.com/js/battledata.js?0.7209276989879541"></script>
<script defer src="//play.pokemonshowdown.com/data/pokedex-mini.js?0.6111056340867951"></script>
<script defer src="//play.pokemonshowdown.com/data/pokedex-mini-bw.js?0.3532142036491459"></script>
<script defer src="//play.pokemonshowdown.com/data/graphics.js?0.24223875632456182"></script>
<script defer src="//play.pokemonshowdown.com/data/pokedex.js?0.38839984266356864"></script>
<script defer src="//play.pokemonshowdown.com/data/moves.js?0.21866028504024015"></script>
<script defer src="//play.pokemonshowdown.com/data/abilities.js?0.2005157953846628"></script>
<script defer src="//play.pokemonshowdown.com/data/items.js?0.9894211263848525"></script>
<script defer src="//play.pokemonshowdown.com/data/teambuilder-tables.js?0.6008791140282215"></script>
<script defer src="//play.pokemonshowdown.com/js/battle-tooltips.js?0.7580118955022959"></script>
<script defer src="//play.pokemonshowdown.com/js/battle.js?0.6057722274234274"></script>

<script defer src="js/utils.js?e31f9a17"></script>
<script defer src="js/replays-battle.js?7008c182"></script>

<!-- don't scrape this data! just add .json or .log after the URL!
Full API docs: https://github.com/smogon/pokemon-showdown-client/blob/master/WEB-API.md -->
<script type="text/plain" class="log" id="replaylog-smogtours-gen3ou-799274">
|inactive|Battle timer is ON: inactive players will automatically lose when time's up.
|t:|1729177825
|gametype|singles
|player|p1|Oskari SOSA|giovanni|
|player|p2|kittencel|lady|
|teamsize|p1|6
|teamsize|p2|6
|gen|3
|tier|[Gen 3] OU
|rule|Sleep Clause Mod: Limit one foe put to sleep
|rule|Switch Priority Clause Mod: Faster Pokémon switch first
|rule|Species Clause: Limit one of each Pokémon
|rule|OHKO Clause: OHKO moves are banned
|rule|Evasion Items Clause: Evasion items are banned
|rule|Evasion Moves Clause: Evasion moves are banned
|rule|Endless Battle Clause: Forcing endless battles is banned
|rule|HP Percentage Mod: HP is shown in percentages
|rule|One Boost Passer Clause: Limit one Baton Passer that has a way to boost its stats
|rule|Freeze Clause Mod: Limit one foe frozen
|
|t:|1729177825
|start
|switch|p1a: Tyranitar|Tyranitar, M|100/100
|switch|p2a: Dogland|Suicune, shiny|100/100
|-weather|Sandstorm|[from] ability: Sand Stream|[of] p1a: Tyranitar
|turn|1
|c|☆kittencel|hf
|c|☆Oskari SOSA|likewise
|
|t:|1729177849
|switch|p1a: Zapdos|Zapdos|100/100
|move|p2a: Dogland|Calm Mind|p2a: Dogland
|-boost|p2a: Dogland|spa|1
|-boost|p2a: Dogland|spd|1
|
|-weather|Sandstorm|[upkeep]
|-damage|p1a: Zapdos|94/100|[from] Sandstorm
|-damage|p2a: Dogland|94/100|[from] Sandstorm
|-heal|p1a: Zapdos|100/100|[from] item: Leftovers
|-heal|p2a: Dogland|100/100|[from] item: Leftovers
|upkeep
|turn|2
|
|t:|1729177852
|move|p1a: Zapdos|Thunderbolt|p2a: Dogland
|-supereffective|p2a: Dogland
|-damage|p2a: Dogland|45/100
|move|p2a: Dogland|Mirror Coat|p1a: Zapdos
|-damage|p1a: Zapdos|0 fnt
|faint|p1a: Zapdos
|
|t:|1729177864
|switch|p1a: Skarmory|Skarmory, F|100/100
|
|-weather|Sandstorm|[upkeep]
|-damage|p2a: Dogland|39/100|[from] Sandstorm
|-heal|p2a: Dogland|45/100|[from] item: Leftovers
|upkeep
|turn|3
|
|t:|1729177867
|move|p2a: Dogland|Hydro Pump|p1a: Skarmory
|-damage|p1a: Skarmory|27/100
|move|p1a: Skarmory|Roar|p2a: Dogland
|drag|p2a: Tablet|Cloyster, F, shiny|100/100
|
|-weather|Sandstorm|[upkeep]
|-damage|p2a: Tablet|94/100|[from] Sandstorm
|-heal|p2a: Tablet|100/100|[from] item: Leftovers
|-heal|p1a: Skarmory|33/100|[from] item: Leftovers
|upkeep
|turn|4
|
|t:|1729177873
|move|p2a: Tablet|Surf|p1a: Skarmory
|-damage|p1a: Skarmory|4/100
|move|p1a: Skarmory|Spikes|p2a: Tablet
|-sidestart|p2: kittencel|Spikes
|
|-weather|Sandstorm|[upkeep]
|-damage|p2a: Tablet|94/100|[from] Sandstorm
|-heal|p2a: Tablet|100/100|[from] item: Leftovers
|-heal|p1a: Skarmory|10/100|[from] item: Leftovers
|upkeep
|turn|5
|
|t:|1729177876
|switch|p1a: Gengar|Gengar, M|100/100
|move|p2a: Tablet|Surf|p1a: Gengar
|-damage|p1a: Gengar|68/100
|
|-weather|Sandstorm|[upkeep]
|-damage|p1a: Gengar|62/100|[from] Sandstorm
|-damage|p2a: Tablet|94/100|[from] Sandstorm
|-heal|p1a: Gengar|68/100|[from] item: Leftovers
|-heal|p2a: Tablet|100/100|[from] item: Leftovers
|upkeep
|turn|6
|
|t:|1729177882
|switch|p2a: In The Back Room|Swampert, M|100/100
|-damage|p2a: In The Back Room|88/100|[from] Spikes
|move|p1a: Gengar|Giga Drain|p2a: In The Back Room
|-supereffective|p2a: In The Back Room
|-damage|p2a: In The Back Room|13/100
|-heal|p1a: Gengar|100/100|[from] drain|[of] p2a: In The Back Room
|
|-weather|Sandstorm|[upkeep]
|-damage|p1a: Gengar|94/100|[from] Sandstorm
|-heal|p1a: Gengar|100/100|[from] item: Leftovers
|-heal|p2a: In The Back Room|19/100|[from] item: Leftovers
|upkeep
|turn|7
|
|t:|1729177885
|switch|p2a: Chainsaw Blood|Metagross|100/100
|-damage|p2a: Chainsaw Blood|88/100|[from] Spikes
|move|p1a: Gengar|Giga Drain|p2a: Chainsaw Blood
|-resisted|p2a: Chainsaw Blood
|-damage|p2a: Chainsaw Blood|76/100
|
|-weather|Sandstorm|[upkeep]
|-damage|p1a: Gengar|94/100|[from] Sandstorm
|-heal|p1a: Gengar|100/100|[from] item: Leftovers
|-heal|p2a: Chainsaw Blood|82/100|[from] item: Leftovers
|upkeep
|turn|8
|
|t:|1729177893
|switch|p1a: Swampert|Swampert, M|100/100
|move|p2a: Chainsaw Blood|Psychic|p1a: Swampert
|-damage|p1a: Swampert|67/100
|
|-weather|Sandstorm|[upkeep]
|-heal|p2a: Chainsaw Blood|88/100|[from] item: Leftovers
|-heal|p1a: Swampert|73/100|[from] item: Leftovers
|upkeep
|turn|9
|
|t:|1729177898
|switch|p2a: Tablet|Cloyster, F, shiny|100/100
|-damage|p2a: Tablet|88/100|[from] Spikes
|move|p1a: Swampert|Surf|p2a: Tablet
|-resisted|p2a: Tablet
|-damage|p2a: Tablet|65/100
|
|-weather|Sandstorm|[upkeep]
|-damage|p2a: Tablet|59/100|[from] Sandstorm
|-heal|p2a: Tablet|65/100|[from] item: Leftovers
|-heal|p1a: Swampert|79/100|[from] item: Leftovers
|upkeep
|turn|10
|
|t:|1729177901
|switch|p1a: Gengar|Gengar, M|100/100
|move|p2a: Tablet|Spikes|p1a: Gengar
|-sidestart|p1: Oskari SOSA|Spikes
|
|-weather|Sandstorm|[upkeep]
|-damage|p1a: Gengar|94/100|[from] Sandstorm
|-damage|p2a: Tablet|59/100|[from] Sandstorm
|-heal|p1a: Gengar|100/100|[from] item: Leftovers
|-heal|p2a: Tablet|65/100|[from] item: Leftovers
|upkeep
|turn|11
|
|t:|1729177906
|switch|p2a: Chainsaw Blood|Metagross|88/100
|-damage|p2a: Chainsaw Blood|76/100|[from] Spikes
|move|p1a: Gengar|Thunderbolt|p2a: Chainsaw Blood
|-damage|p2a: Chainsaw Blood|39/100
|
|-weather|Sandstorm|[upkeep]
|-damage|p1a: Gengar|94/100|[from] Sandstorm
|-heal|p1a: Gengar|100/100|[from] item: Leftovers
|-heal|p2a: Chainsaw Blood|45/100|[from] item: Leftovers
|upkeep
|turn|12
|
|t:|1729177911
|switch|p1a: Skarmory|Skarmory, F|10/100
|move|p2a: Chainsaw Blood|Psychic|p1a: Skarmory
|-resisted|p1a: Skarmory
|-damage|p1a: Skarmory|0 fnt
|faint|p1a: Skarmory
|
|t:|1729177914
|switch|p1a: Swampert|Swampert, M|79/100
|-damage|p1a: Swampert|67/100|[from] Spikes
|
|-weather|Sandstorm|[upkeep]
|-heal|p2a: Chainsaw Blood|51/100|[from] item: Leftovers
|-heal|p1a: Swampert|73/100|[from] item: Leftovers
|upkeep
|turn|13
|
|t:|1729177918
|switch|p2a: Tablet|Cloyster, F, shiny|65/100
|-damage|p2a: Tablet|53/100|[from] Spikes
|move|p1a: Swampert|Surf|p2a: Tablet
|-resisted|p2a: Tablet
|-damage|p2a: Tablet|29/100
|
|-weather|Sandstorm|[upkeep]
|-damage|p2a: Tablet|23/100|[from] Sandstorm
|-heal|p2a: Tablet|29/100|[from] item: Leftovers
|-heal|p1a: Swampert|79/100|[from] item: Leftovers
|upkeep
|turn|14
|
|t:|1729177921
|switch|p1a: Gengar|Gengar, M|100/100
|move|p2a: Tablet|Surf|p1a: Gengar
|-damage|p1a: Gengar|68/100
|
|-weather|Sandstorm|[upkeep]
|-damage|p1a: Gengar|62/100|[from] Sandstorm
|-damage|p2a: Tablet|23/100|[from] Sandstorm
|-heal|p1a: Gengar|68/100|[from] item: Leftovers
|-heal|p2a: Tablet|29/100|[from] item: Leftovers
|upkeep
|turn|15
|
|t:|1729177940
|switch|p2a: In The Back Room|Swampert, M|19/100
|-damage|p2a: In The Back Room|7/100|[from] Spikes
|move|p1a: Gengar|Thunderbolt|p2a: In The Back Room
|-immune|p2a: In The Back Room
|
|-weather|Sandstorm|[upkeep]
|-damage|p1a: Gengar|62/100|[from] Sandstorm
|-heal|p1a: Gengar|68/100|[from] item: Leftovers
|-heal|p2a: In The Back Room|13/100|[from] item: Leftovers
|upkeep
|turn|16
|inactive|kittencel has 270 seconds left.
|
|t:|1729177981
|switch|p2a: Violence|Salamence, M|100/100
|-ability|p2a: Violence|Intimidate|boost
|-unboost|p1a: Gengar|atk|1
|move|p1a: Gengar|Giga Drain|p2a: Violence
|-resisted|p2a: Violence
|-damage|p2a: Violence|95/100
|-heal|p1a: Gengar|71/100|[from] drain|[of] p2a: Violence
|
|-weather|Sandstorm|[upkeep]
|-damage|p1a: Gengar|65/100|[from] Sandstorm
|-damage|p2a: Violence|89/100|[from] Sandstorm
|-heal|p1a: Gengar|71/100|[from] item: Leftovers
|-heal|p2a: Violence|95/100|[from] item: Leftovers
|upkeep
|turn|17
|
|t:|1729177995
|switch|p2a: In The Back Room|Swampert, M|13/100
|-damage|p2a: In The Back Room|1/100|[from] Spikes
|move|p1a: Gengar|Will-O-Wisp|p2a: In The Back Room
|-status|p2a: In The Back Room|brn
|
|-weather|Sandstorm|[upkeep]
|-damage|p1a: Gengar|65/100|[from] Sandstorm
|-heal|p1a: Gengar|71/100|[from] item: Leftovers
|-heal|p2a: In The Back Room|7/100 brn|[from] item: Leftovers
|-damage|p2a: In The Back Room|0 fnt|[from] brn
|faint|p2a: In The Back Room
|upkeep
|
|t:|1729178001
|switch|p2a: Chainsaw Blood|Metagross|51/100
|-damage|p2a: Chainsaw Blood|39/100|[from] Spikes
|turn|18
|
|t:|1729178013
|switch|p1a: Tyranitar|Tyranitar, M|100/100
|-damage|p1a: Tyranitar|88/100|[from] Spikes
|move|p2a: Chainsaw Blood|Psychic|p1a: Tyranitar
|-immune|p1a: Tyranitar
|
|-weather|Sandstorm|[upkeep]
|-heal|p1a: Tyranitar|94/100|[from] item: Leftovers
|-heal|p2a: Chainsaw Blood|45/100|[from] item: Leftovers
|upkeep
|turn|19
|
|t:|1729178023
|move|p1a: Tyranitar|Dragon Dance|p1a: Tyranitar
|-boost|p1a: Tyranitar|atk|1
|-boost|p1a: Tyranitar|spe|1
|move|p2a: Chainsaw Blood|Meteor Mash|p1a: Tyranitar|[miss]
|-miss|p2a: Chainsaw Blood|p1a: Tyranitar
|
|-weather|Sandstorm|[upkeep]
|-heal|p1a: Tyranitar|100/100|[from] item: Leftovers
|-heal|p2a: Chainsaw Blood|51/100|[from] item: Leftovers
|upkeep
|turn|20
|
|t:|1729178029
|switch|p2a: Violence|Salamence, M|95/100
|-ability|p2a: Violence|Intimidate|boost
|-unboost|p1a: Tyranitar|atk|1
|move|p1a: Tyranitar|Earthquake|p2a: Violence
|-immune|p2a: Violence
|
|-weather|Sandstorm|[upkeep]
|-damage|p2a: Violence|89/100|[from] Sandstorm
|-heal|p2a: Violence|95/100|[from] item: Leftovers
|upkeep
|turn|21
|
|t:|1729178032
|switch|p2a: Tablet|Cloyster, F, shiny|29/100
|-damage|p2a: Tablet|17/100|[from] Spikes
|move|p1a: Tyranitar|Dragon Dance|p1a: Tyranitar
|-boost|p1a: Tyranitar|atk|1
|-boost|p1a: Tyranitar|spe|1
|
|-weather|Sandstorm|[upkeep]
|-damage|p2a: Tablet|11/100|[from] Sandstorm
|-heal|p2a: Tablet|17/100|[from] item: Leftovers
|upkeep
|turn|22
|
|t:|1729178036
|move|p1a: Tyranitar|Hidden Power|p2a: Tablet
|-damage|p2a: Tablet|0 fnt
|faint|p2a: Tablet
|
|t:|1729178039
|switch|p2a: Violence|Salamence, M|95/100
|-ability|p2a: Violence|Intimidate|boost
|-unboost|p1a: Tyranitar|atk|1
|
|-weather|Sandstorm|[upkeep]
|-damage|p2a: Violence|89/100|[from] Sandstorm
|-heal|p2a: Violence|95/100|[from] item: Leftovers
|upkeep
|turn|23
|
|t:|1729178044
|switch|p2a: Chainsaw Blood|Metagross|51/100
|-damage|p2a: Chainsaw Blood|39/100|[from] Spikes
|move|p1a: Tyranitar|Rock Slide|p2a: Chainsaw Blood
|-resisted|p2a: Chainsaw Blood
|-crit|p2a: Chainsaw Blood
|-damage|p2a: Chainsaw Blood|7/100
|
|-weather|Sandstorm|[upkeep]
|-heal|p2a: Chainsaw Blood|13/100|[from] item: Leftovers
|upkeep
|turn|24
|
|t:|1729178048
|move|p1a: Tyranitar|Hidden Power|p2a: Chainsaw Blood
|-crit|p2a: Chainsaw Blood
|-damage|p2a: Chainsaw Blood|0 fnt
|faint|p2a: Chainsaw Blood
|
|t:|1729178050
|switch|p2a: Violence|Salamence, M|95/100
|-ability|p2a: Violence|Intimidate|boost
|-unboost|p1a: Tyranitar|atk|1
|
|-weather|Sandstorm|[upkeep]
|-damage|p2a: Violence|89/100|[from] Sandstorm
|-heal|p2a: Violence|95/100|[from] item: Leftovers
|upkeep
|turn|25
|
|t:|1729178055
|move|p1a: Tyranitar|Dragon Dance|p1a: Tyranitar
|-boost|p1a: Tyranitar|atk|1
|-boost|p1a: Tyranitar|spe|1
|move|p2a: Violence|Brick Break|p1a: Tyranitar
|-supereffective|p1a: Tyranitar
|-damage|p1a: Tyranitar|33/100
|
|-weather|Sandstorm|[upkeep]
|-damage|p2a: Violence|89/100|[from] Sandstorm
|-heal|p1a: Tyranitar|39/100|[from] item: Leftovers
|-heal|p2a: Violence|95/100|[from] item: Leftovers
|upkeep
|turn|26
|
|t:|1729178062
|switch|p2a: Dogland|Suicune, shiny|45/100
|-damage|p2a: Dogland|33/100|[from] Spikes
|move|p1a: Tyranitar|Rock Slide|p2a: Dogland
|-damage|p2a: Dogland|1/100
|
|-weather|Sandstorm|[upkeep]
|-damage|p2a: Dogland|0 fnt|[from] Sandstorm
|faint|p2a: Dogland
|-heal|p1a: Tyranitar|45/100|[from] item: Leftovers
|upkeep
|
|t:|1729178063
|switch|p2a: Violence|Salamence, M|95/100
|-ability|p2a: Violence|Intimidate|boost
|-unboost|p1a: Tyranitar|atk|1
|turn|27
|
|t:|1729178065
|move|p1a: Tyranitar|Rock Slide|p2a: Violence
|-supereffective|p2a: Violence
|-damage|p2a: Violence|19/100
|cant|p2a: Violence|flinch
|
|-weather|Sandstorm|[upkeep]
|-damage|p2a: Violence|13/100|[from] Sandstorm
|-heal|p1a: Tyranitar|51/100|[from] item: Leftovers
|-heal|p2a: Violence|19/100|[from] item: Leftovers
|upkeep
|turn|28
|
|t:|1729178070
|move|p1a: Tyranitar|Rock Slide|p2a: Violence|[miss]
|-miss|p1a: Tyranitar|p2a: Violence
|move|p2a: Violence|Brick Break|p1a: Tyranitar
|-supereffective|p1a: Tyranitar
|-damage|p1a: Tyranitar|0 fnt
|faint|p1a: Tyranitar
|
|t:|1729178077
|switch|p1a: Aerodactyl|Aerodactyl, F|100/100
|
|-weather|Sandstorm|[upkeep]
|-damage|p2a: Violence|13/100|[from] Sandstorm
|-heal|p2a: Violence|19/100|[from] item: Leftovers
|upkeep
|turn|29
|
|t:|1729178082
|move|p1a: Aerodactyl|Double-Edge|p2a: Violence
|-damage|p2a: Violence|0 fnt
|faint|p2a: Violence
|c|☆kittencel|gg
|-message|kittencel forfeited.
|
|win|Oskari SOSA
|c|☆Oskari SOSA|gg

</script>
<script type="application/json" class="data" id="replaydata-smogtours-gen3ou-799274">
{"id":"smogtours-gen3ou-799274","format":"[Gen 3] OU","players":["Oskari SOSA","kittencel"],"uploadtime":1729178086,"views":125,"formatid":"gen3ou","rating":null,"private":0,"password":null}
</script>

<script defer src="js/replays.js?9d40a366"></script>
