<!DOCTYPE html>
<meta charset="utf-8" />
<meta name="viewport" content="width=device-width" />

<title>[Gen 3] OU: Milkshook♡ vs. squeenr - Replays - Pok&eacute;mon Showdown!</title>

<meta name="description" content="Watch a replay of a Pok&eacute;mon battle between Milkshook♡ and squeenr! Format: [Gen 3] OU; Date: Oct 20, 2024" />
<!--

Hey, you! Looking in the source for the replay log?

You can find them in JSON format, just add `.json` at the end of a replay URL.

https://replay.pokemonshowdown.com/gen7randomdoublesbattle-865046831.json

Or, if you only need the log itself, add `.log` instead:

https://replay.pokemonshowdown.com/gen7randomdoublesbattle-865046831.log

-->

<link rel="stylesheet" href="//pokemonshowdown.com/style/global.css?0.023195364461161105" />
<link rel="stylesheet" href="//play.pokemonshowdown.com/style/font-awesome.css?0.13261647063804238" />
<link rel="stylesheet" href="//play.pokemonshowdown.com/style/battle.css?0.8753245789963631" />
<link rel="stylesheet" href="//play.pokemonshowdown.com/style/utilichart.css?0.8627959624976733" />

<!-- Global site tag (gtag.js) - Google Analytics -->
<script async src="https://www.googletagmanager.com/gtag/js?id=UA-26211653-1"></script>
<script>
  window.dataLayer = window.dataLayer || [];
  function gtag(){dataLayer.push(arguments);}
  gtag('js', new Date());

  gtag('config', 'UA-26211653-1');
</script>
<!-- End Google Analytics -->
<!-- Venatus Ad Manager - Install in <HEAD> of page -->
	<script src="https://hb.vntsm.com/v3/live/ad-manager.min.js" type="text/javascript" data-site-id="642aba63ec9a7b11c3c9c1be" data-mode="scan" async></script>
<!-- / Venatus Ad Manager -->

<style>
	@media (max-width:820px) {
		.battle {
			margin: 0 auto;
		}
		.battle-log {
			margin: 7px auto 0;
			max-width: 640px;
			height: 300px;
			position: static;
		}
	}
	.optgroup {
		display: inline-block;
		line-height: 22px;
		font-size: 10pt;
	}
	.optgroup .button {
		height: 25px;
		padding-top: 0;
		padding-bottom: 0;
	}
	.optgroup button.button {
		padding-left: 12px;
		padding-right: 12px;
	}
	.linklist {
		list-style: none;
		margin: 0.5em 0;
		padding: 0;
	}
	.linklist li {
		padding: 2px 0;
	}
	.sidebar {
		float: left;
		width: 320px;
	}
	.bar-wrapper {
		max-width: 1100px;
		margin: 0 auto;
	}
	.bar-wrapper.has-sidebar {
		max-width: 1430px;
	}
	.mainbar {
		margin: 0;
		padding-right: 1px;
	}
	.mainbar.has-sidebar {
		margin-left: 330px;
	}
	@media (min-width: 1511px) {
		.sidebar {
			width: 400px;
		}
		.bar-wrapper.has-sidebar {
			max-width: 1510px;
		}
		.mainbar.has-sidebar {
			margin-left: 410px;
		}
	}
	.section.first-section {
		margin-top: 9px;
	}
	.blocklink small {
		white-space: normal;
	}
	.button {
		vertical-align: middle;
	}
	.replay-controls {
		padding-top: 10px;
	}
	.replay-controls h1 {
		font-size: 16pt;
		font-weight: normal;
		color: #CCC;
	}
	.pagelink {
		text-align: center;
	}
	.pagelink a {
		width: 150px;
	}
	.textbox, .button {
		font-size: 11pt;
		vertical-align: middle;
	}
	@media (max-width: 450px) {
		.button {
			font-size: 9pt;
		}
	}
</style>

<div>

	<header>
		<div class="nav-wrapper"><ul class="nav">
			<li><a class="button nav-first" href="//pokemonshowdown.com/"><img src="//pokemonshowdown.com/images/pokemonshowdownbeta.png" srcset="//pokemonshowdown.com/images/pokemonshowdownbeta.png 1x, //pokemonshowdown.com/images/pokemonshowdownbeta@2x.png 2x" alt="Pok&eacute;mon Showdown" width="146" height="44" /> Home</a></li>
			<li><a class="button" href="//pokemonshowdown.com/dex/">Pok&eacute;dex</a></li>
			<li><a class="button cur" href="/">Replays</a></li>
			<li><a class="button" href="//pokemonshowdown.com/ladder/">Ladder</a></li>
			<li><a class="button nav-last" href="//pokemonshowdown.com/forums/">Forum</a></li>
			<li><a class="button greenbutton nav-first nav-last" href="//play.pokemonshowdown.com/">Play</a></li>
		</ul></div>
	</header>

	<div class="main" id="main">

		<noscript><section class="section">You need to enable JavaScript to use this page; sorry!</section></noscript>

	</div>

</div>

<script defer nomodule src="//play.pokemonshowdown.com/js/lib/ps-polyfill.js"></script>
<script defer src="//play.pokemonshowdown.com/js/lib/preact.min.js"></script>

<script defer src="//play.pokemonshowdown.com/config/config.js?2bddbc15"></script>
<script defer src="//play.pokemonshowdown.com/js/lib/jquery-1.11.0.min.js"></script>
<script defer src="//play.pokemonshowdown.com/js/lib/html-sanitizer-minified.js"></script>
<script defer src="//play.pokemonshowdown.com/js/battle-sound.js"></script>
<script defer src="//play.pokemonshowdown.com/js/battledata.js?0.7209276989879541"></script>
<script defer src="//play.pokemonshowdown.com/data/pokedex-mini.js?0.6111056340867951"></script>
<script defer src="//play.pokemonshowdown.com/data/pokedex-mini-bw.js?0.3532142036491459"></script>
<script defer src="//play.pokemonshowdown.com/data/graphics.js?0.24223875632456182"></script>
<script defer src="//play.pokemonshowdown.com/data/pokedex.js?0.38839984266356864"></script>
<script defer src="//play.pokemonshowdown.com/data/moves.js?0.21866028504024015"></script>
<script defer src="//play.pokemonshowdown.com/data/abilities.js?0.2005157953846628"></script>
<script defer src="//play.pokemonshowdown.com/data/items.js?0.9894211263848525"></script>
<script defer src="//play.pokemonshowdown.com/data/teambuilder-tables.js?0.6008791140282215"></script>
<script defer src="//play.pokemonshowdown.com/js/battle-tooltips.js?0.7580118955022959"></script>
<script defer src="//play.pokemonshowdown.com/js/battle.js?0.6057722274234274"></script>

<script defer src="js/utils.js?e31f9a17"></script>
<script defer src="js/replays-battle.js?7008c182"></script>

<!-- don't scrape this data! just add .json or .log after the URL!
Full API docs: https://github.com/smogon/pokemon-showdown-client/blob/master/WEB-API.md -->
<script type="text/plain" class="log" id="replaylog-smogtours-gen3ou-800821">
|inactive|Battle timer is ON: inactive players will automatically lose when time's up.
|t:|1729458619
|gametype|singles
|player|p1|Milkshook♡|iris-gen5bw2|
|player|p2|squeenr|265|
|teamsize|p1|6
|teamsize|p2|6
|gen|3
|tier|[Gen 3] OU
|rule|Sleep Clause Mod: Limit one foe put to sleep
|rule|Switch Priority Clause Mod: Faster Pokémon switch first
|rule|Species Clause: Limit one of each Pokémon
|rule|OHKO Clause: OHKO moves are banned
|rule|Evasion Items Clause: Evasion items are banned
|rule|Evasion Moves Clause: Evasion moves are banned
|rule|Endless Battle Clause: Forcing endless battles is banned
|rule|HP Percentage Mod: HP is shown in percentages
|rule|One Boost Passer Clause: Limit one Baton Passer that has a way to boost its stats
|rule|Freeze Clause Mod: Limit one foe frozen
|
|t:|1729458619
|start
|switch|p1a: Tyranitar|Tyranitar, F|100/100
|switch|p2a: Zapdos|Zapdos|100/100
|-weather|Sandstorm|[from] ability: Sand Stream|[of] p1a: Tyranitar
|turn|1
|inactive|Milkshook♡ also wants the timer to be on.
|c|☆Milkshook♡|gl hf
|c|☆squeenr|Gl hf
|
|t:|1729458630
|switch|p2a: Swampert|Swampert, F|100/100
|move|p1a: Tyranitar|Ice Beam|p2a: Swampert
|-damage|p2a: Swampert|74/100
|
|-weather|Sandstorm|[upkeep]
|-heal|p2a: Swampert|80/100|[from] item: Leftovers
|upkeep
|turn|2
|
|t:|1729458642
|move|p1a: Tyranitar|Hidden Power|p2a: Swampert
|-supereffective|p2a: Swampert
|-damage|p2a: Swampert|4/100
|move|p2a: Swampert|Hydro Pump|p1a: Tyranitar
|-supereffective|p1a: Tyranitar
|-damage|p1a: Tyranitar|0 fnt
|faint|p1a: Tyranitar
|
|t:|1729458657
|switch|p1a: Salamence|Salamence, M|100/100
|-ability|p1a: Salamence|Intimidate|boost
|-unboost|p2a: Swampert|atk|1
|
|-weather|Sandstorm|[upkeep]
|-damage|p1a: Salamence|94/100|[from] Sandstorm
|-heal|p1a: Salamence|100/100|[from] item: Leftovers
|-heal|p2a: Swampert|11/100|[from] item: Leftovers
|upkeep
|turn|3
|
|t:|1729458676
|move|p1a: Salamence|Dragon Claw|p2a: Swampert
|-damage|p2a: Swampert|0 fnt
|faint|p2a: Swampert
|
|t:|1729458680
|switch|p2a: Metagross|Metagross|100/100
|
|-weather|Sandstorm|[upkeep]
|-damage|p1a: Salamence|94/100|[from] Sandstorm
|-heal|p1a: Salamence|100/100|[from] item: Leftovers
|upkeep
|turn|4
|
|t:|1729458688
|switch|p1a: Skarmory|Skarmory, M|100/100
|move|p2a: Metagross|Meteor Mash|p1a: Skarmory
|-resisted|p1a: Skarmory
|-damage|p1a: Skarmory|68/100
|
|-weather|Sandstorm|[upkeep]
|-heal|p1a: Skarmory|74/100|[from] item: Leftovers
|upkeep
|turn|5
|
|t:|1729458705
|switch|p2a: Noop Noop|Charizard, F|100/100
|move|p1a: Skarmory|Spikes|p2a: Noop Noop
|-sidestart|p2: squeenr|Spikes
|
|-weather|Sandstorm|[upkeep]
|-damage|p2a: Noop Noop|94/100|[from] Sandstorm
|-heal|p2a: Noop Noop|100/100|[from] item: Leftovers
|-heal|p1a: Skarmory|80/100|[from] item: Leftovers
|upkeep
|turn|6
|
|t:|1729458717
|-singleturn|p2a: Noop Noop|move: Focus Punch
|switch|p1a: Aerodactyl|Aerodactyl, F|100/100
|move|p2a: Noop Noop|Focus Punch|p1a: Aerodactyl
|-damage|p1a: Aerodactyl|53/100
|
|-weather|Sandstorm|[upkeep]
|-damage|p2a: Noop Noop|94/100|[from] Sandstorm
|-heal|p2a: Noop Noop|100/100|[from] item: Leftovers
|upkeep
|turn|7
|inactive|Milkshook♡ has 270 seconds left.
|inactive|Milkshook♡ has 240 seconds left.
|
|t:|1729458791
|switch|p2a: Celebi|Celebi|100/100
|-damage|p2a: Celebi|88/100|[from] Spikes
|move|p1a: Aerodactyl|Rock Slide|p2a: Celebi
|-damage|p2a: Celebi|50/100
|
|-weather|Sandstorm|[upkeep]
|-damage|p2a: Celebi|44/100|[from] Sandstorm
|-heal|p2a: Celebi|50/100|[from] item: Leftovers
|upkeep
|turn|8
|inactive|squeenr has 270 seconds left.
|inactive|Milkshook♡ has 210 seconds left.
|
|t:|1729458822
|move|p1a: Aerodactyl|Rock Slide|p2a: Celebi
|-damage|p2a: Celebi|7/100
|cant|p2a: Celebi|flinch
|
|-weather|Sandstorm|[upkeep]
|-damage|p2a: Celebi|1/100|[from] Sandstorm
|-heal|p2a: Celebi|7/100|[from] item: Leftovers
|upkeep
|turn|9
|
|t:|1729458831
|move|p1a: Aerodactyl|Rock Slide|p2a: Celebi
|-damage|p2a: Celebi|0 fnt
|faint|p2a: Celebi
|
|t:|1729458835
|switch|p2a: Metagross|Metagross|100/100
|-damage|p2a: Metagross|88/100|[from] Spikes
|
|-weather|Sandstorm|[upkeep]
|upkeep
|turn|10
|
|t:|1729458842
|switch|p1a: Skarmory|Skarmory, M|80/100
|move|p2a: Metagross|Meteor Mash|p1a: Skarmory|[miss]
|-miss|p2a: Metagross|p1a: Skarmory
|
|-weather|Sandstorm|[upkeep]
|-heal|p1a: Skarmory|86/100|[from] item: Leftovers
|upkeep
|turn|11
|
|t:|1729458857
|switch|p2a: Zapdos|Zapdos|100/100
|move|p1a: Skarmory|Spikes|p2a: Zapdos
|-sidestart|p2: squeenr|Spikes
|
|-weather|Sandstorm|[upkeep]
|-damage|p2a: Zapdos|94/100|[from] Sandstorm
|-heal|p2a: Zapdos|100/100|[from] item: Leftovers
|-heal|p1a: Skarmory|92/100|[from] item: Leftovers
|upkeep
|turn|12
|inactive|Milkshook♡ has 210 seconds left.
|
|t:|1729458899
|switch|p1a: Celebi|Celebi|100/100
|move|p2a: Zapdos|Thunderbolt|p1a: Celebi
|-resisted|p1a: Celebi
|-crit|p1a: Celebi
|-damage|p1a: Celebi|48/100
|
|-weather|Sandstorm|[upkeep]
|-damage|p1a: Celebi|42/100|[from] Sandstorm
|-damage|p2a: Zapdos|94/100|[from] Sandstorm
|-heal|p1a: Celebi|48/100|[from] item: Leftovers
|-heal|p2a: Zapdos|100/100|[from] item: Leftovers
|upkeep
|turn|13
|inactive|Milkshook♡ has 180 seconds left.
|
|t:|1729458930
|switch|p2a: Gengar|Gengar, M|100/100
|move|p1a: Celebi|Calm Mind|p1a: Celebi
|-boost|p1a: Celebi|spa|1
|-boost|p1a: Celebi|spd|1
|
|-weather|Sandstorm|[upkeep]
|-damage|p2a: Gengar|94/100|[from] Sandstorm
|-damage|p1a: Celebi|42/100|[from] Sandstorm
|-heal|p2a: Gengar|100/100|[from] item: Leftovers
|-heal|p1a: Celebi|48/100|[from] item: Leftovers
|upkeep
|turn|14
|inactive|Milkshook♡ has 180 seconds left.
|
|t:|1729458945
|move|p2a: Gengar|Ice Punch|p1a: Celebi
|-supereffective|p1a: Celebi
|-damage|p1a: Celebi|17/100
|-status|p1a: Celebi|frz
|-curestatus|p1a: Celebi|frz|[msg]
|move|p1a: Celebi|Psychic|p2a: Gengar
|-supereffective|p2a: Gengar
|-damage|p2a: Gengar|0 fnt
|faint|p2a: Gengar
|
|t:|1729458954
|switch|p2a: Noop Noop|Charizard, F|100/100
|
|-weather|Sandstorm|[upkeep]
|-damage|p1a: Celebi|11/100|[from] Sandstorm
|-damage|p2a: Noop Noop|94/100|[from] Sandstorm
|-heal|p1a: Celebi|17/100|[from] item: Leftovers
|-heal|p2a: Noop Noop|100/100|[from] item: Leftovers
|upkeep
|turn|15
|inactive|Milkshook♡ has 180 seconds left.
|inactive|Milkshook♡ has 150 seconds left.
|inactive|Milkshook♡ has 120 seconds left.
|
|t:|1729459039
|switch|p1a: Aerodactyl|Aerodactyl, F|53/100
|move|p2a: Noop Noop|Substitute|p2a: Noop Noop
|-start|p2a: Noop Noop|Substitute
|-damage|p2a: Noop Noop|76/100
|
|-weather|Sandstorm|[upkeep]
|-damage|p2a: Noop Noop|70/100|[from] Sandstorm
|-heal|p2a: Noop Noop|76/100|[from] item: Leftovers
|upkeep
|turn|16
|
|t:|1729459059
|-singleturn|p2a: Noop Noop|move: Focus Punch
|move|p1a: Aerodactyl|Rock Slide|p2a: Noop Noop
|-supereffective|p2a: Noop Noop
|-end|p2a: Noop Noop|Substitute
|move|p2a: Noop Noop|Focus Punch|p1a: Aerodactyl
|-damage|p1a: Aerodactyl|3/100
|
|-weather|Sandstorm|[upkeep]
|-damage|p2a: Noop Noop|70/100|[from] Sandstorm
|-heal|p2a: Noop Noop|76/100|[from] item: Leftovers
|upkeep
|turn|17
|
|t:|1729459072
|switch|p2a: Metagross|Metagross|88/100
|-damage|p2a: Metagross|72/100|[from] Spikes
|move|p1a: Aerodactyl|Rock Slide|p2a: Metagross
|-resisted|p2a: Metagross
|-damage|p2a: Metagross|51/100
|
|-weather|Sandstorm|[upkeep]
|upkeep
|turn|18
|inactive|Milkshook♡ has 120 seconds left.
|
|t:|1729459103
|switch|p1a: Skarmory|Skarmory, M|92/100
|move|p2a: Metagross|Rock Slide|p1a: Skarmory
|-damage|p1a: Skarmory|57/100
|
|-weather|Sandstorm|[upkeep]
|-heal|p1a: Skarmory|63/100|[from] item: Leftovers
|upkeep
|turn|19
|
|t:|1729459117
|switch|p2a: Noop Noop|Charizard, F|76/100
|move|p1a: Skarmory|Spikes|p2a: Noop Noop
|-sidestart|p2: squeenr|Spikes
|
|-weather|Sandstorm|[upkeep]
|-damage|p2a: Noop Noop|70/100|[from] Sandstorm
|-heal|p2a: Noop Noop|76/100|[from] item: Leftovers
|-heal|p1a: Skarmory|69/100|[from] item: Leftovers
|upkeep
|turn|20
|
|t:|1729459125
|move|p2a: Noop Noop|Substitute|p2a: Noop Noop
|-start|p2a: Noop Noop|Substitute
|-damage|p2a: Noop Noop|51/100
|move|p1a: Skarmory|Roar|p2a: Noop Noop
|drag|p2a: Zapdos|Zapdos|100/100
|
|-weather|Sandstorm|[upkeep]
|-damage|p2a: Zapdos|94/100|[from] Sandstorm
|-heal|p2a: Zapdos|100/100|[from] item: Leftovers
|-heal|p1a: Skarmory|75/100|[from] item: Leftovers
|upkeep
|turn|21
|
|t:|1729459136
|move|p2a: Zapdos|Thunderbolt|p1a: Skarmory
|-supereffective|p1a: Skarmory
|-damage|p1a: Skarmory|0 fnt
|faint|p1a: Skarmory
|inactive|Milkshook♡ has 90 seconds left.
|
|t:|1729459184
|switch|p1a: Celebi|Celebi|17/100
|
|-weather|Sandstorm|[upkeep]
|-damage|p1a: Celebi|11/100|[from] Sandstorm
|-damage|p2a: Zapdos|94/100|[from] Sandstorm
|-heal|p1a: Celebi|17/100|[from] item: Leftovers
|-heal|p2a: Zapdos|100/100|[from] item: Leftovers
|upkeep
|turn|22
|inactive|squeenr has 270 seconds left.
|
|t:|1729459220
|move|p1a: Celebi|Psychic|p2a: Zapdos
|-damage|p2a: Zapdos|59/100
|move|p2a: Zapdos|Thunderbolt|p1a: Celebi
|-resisted|p1a: Celebi
|-damage|p1a: Celebi|0 fnt
|faint|p1a: Celebi
|
|t:|1729459232
|switch|p1a: Aerodactyl|Aerodactyl, F|3/100
|
|-weather|Sandstorm|[upkeep]
|-damage|p2a: Zapdos|53/100|[from] Sandstorm
|-heal|p2a: Zapdos|59/100|[from] item: Leftovers
|upkeep
|turn|23
|
|t:|1729459241
|move|p1a: Aerodactyl|Double-Edge|p2a: Zapdos
|-damage|p2a: Zapdos|0 fnt
|faint|p2a: Zapdos
|
|t:|1729459246
|switch|p2a: Metagross|Metagross|51/100
|-damage|p2a: Metagross|26/100|[from] Spikes
|
|-weather|Sandstorm|[upkeep]
|upkeep
|turn|24
|
|t:|1729459260
|switch|p1a: Swampert|Swampert, M|100/100
|move|p2a: Metagross|Meteor Mash|p1a: Swampert
|-resisted|p1a: Swampert
|-damage|p1a: Swampert|70/100
|-boost|p2a: Metagross|atk|1
|
|-weather|Sandstorm|[upkeep]
|-heal|p1a: Swampert|76/100|[from] item: Leftovers
|upkeep
|turn|25
|
|t:|1729459269
|move|p2a: Metagross|Meteor Mash|p1a: Swampert|[miss]
|-miss|p2a: Metagross|p1a: Swampert
|move|p1a: Swampert|Earthquake|p2a: Metagross
|-supereffective|p2a: Metagross
|-damage|p2a: Metagross|0 fnt
|faint|p2a: Metagross
|
|t:|1729459275
|switch|p2a: Noop Noop|Charizard, F|51/100
|
|-weather|Sandstorm|[upkeep]
|-damage|p2a: Noop Noop|45/100|[from] Sandstorm
|-heal|p2a: Noop Noop|51/100|[from] item: Leftovers
|-heal|p1a: Swampert|83/100|[from] item: Leftovers
|upkeep
|turn|26
|
|t:|1729459292
|move|p2a: Noop Noop|Hidden Power|p1a: Swampert
|-supereffective|p1a: Swampert
|-damage|p1a: Swampert|6/100
|move|p1a: Swampert|Ice Beam|p2a: Noop Noop
|-damage|p2a: Noop Noop|24/100
|
|-weather|Sandstorm|[upkeep]
|-damage|p2a: Noop Noop|18/100|[from] Sandstorm
|-heal|p2a: Noop Noop|24/100|[from] item: Leftovers
|-heal|p1a: Swampert|12/100|[from] item: Leftovers
|upkeep
|turn|27
|
|t:|1729459303
|move|p2a: Noop Noop|Hidden Power|p1a: Swampert
|-supereffective|p1a: Swampert
|-damage|p1a: Swampert|0 fnt
|faint|p1a: Swampert
|
|t:|1729459306
|switch|p1a: Aerodactyl|Aerodactyl, F|3/100
|
|-weather|Sandstorm|[upkeep]
|-damage|p2a: Noop Noop|18/100|[from] Sandstorm
|-heal|p2a: Noop Noop|24/100|[from] item: Leftovers
|upkeep
|turn|28
|
|t:|1729459312
|move|p1a: Aerodactyl|Double-Edge|p2a: Noop Noop
|-damage|p2a: Noop Noop|0 fnt
|faint|p2a: Noop Noop
|
|win|Milkshook♡
|c|☆squeenr|gg wp
|c|☆Milkshook♡|gg
|c|☆Milkshook♡|u too

</script>
<script type="application/json" class="data" id="replaydata-smogtours-gen3ou-800821">
{"id":"smogtours-gen3ou-800821","format":"[Gen 3] OU","players":["Milkshook\u2661","squeenr"],"uploadtime":1729459312,"views":70,"formatid":"gen3ou","rating":null,"private":1,"password":null}
</script>

<script defer src="js/replays.js?9d40a366"></script>
