<!DOCTYPE html>
<meta charset="utf-8" />
<meta name="viewport" content="width=device-width" />

<title>[Gen 3] OU: AverageWalrus vs. MadelinMorningStar - Replays - Pok&eacute;mon Showdown!</title>

<meta name="description" content="Watch a replay of a Pok&eacute;mon battle between AverageWalrus and MadelinMorningStar! Format: [Gen 3] OU; Date: Oct 5, 2024" />
<!--

Hey, you! Looking in the source for the replay log?

You can find them in JSON format, just add `.json` at the end of a replay URL.

https://replay.pokemonshowdown.com/gen7randomdoublesbattle-865046831.json

Or, if you only need the log itself, add `.log` instead:

https://replay.pokemonshowdown.com/gen7randomdoublesbattle-865046831.log

-->

<link rel="stylesheet" href="//pokemonshowdown.com/style/global.css?0.023195364461161105" />
<link rel="stylesheet" href="//play.pokemonshowdown.com/style/font-awesome.css?0.13261647063804238" />
<link rel="stylesheet" href="//play.pokemonshowdown.com/style/battle.css?0.8753245789963631" />
<link rel="stylesheet" href="//play.pokemonshowdown.com/style/utilichart.css?0.8627959624976733" />

<!-- Global site tag (gtag.js) - Google Analytics -->
<script async src="https://www.googletagmanager.com/gtag/js?id=UA-26211653-1"></script>
<script>
  window.dataLayer = window.dataLayer || [];
  function gtag(){dataLayer.push(arguments);}
  gtag('js', new Date());

  gtag('config', 'UA-26211653-1');
</script>
<!-- End Google Analytics -->
<!-- Venatus Ad Manager - Install in <HEAD> of page -->
	<script src="https://hb.vntsm.com/v3/live/ad-manager.min.js" type="text/javascript" data-site-id="642aba63ec9a7b11c3c9c1be" data-mode="scan" async></script>
<!-- / Venatus Ad Manager -->

<style>
	@media (max-width:820px) {
		.battle {
			margin: 0 auto;
		}
		.battle-log {
			margin: 7px auto 0;
			max-width: 640px;
			height: 300px;
			position: static;
		}
	}
	.optgroup {
		display: inline-block;
		line-height: 22px;
		font-size: 10pt;
	}
	.optgroup .button {
		height: 25px;
		padding-top: 0;
		padding-bottom: 0;
	}
	.optgroup button.button {
		padding-left: 12px;
		padding-right: 12px;
	}
	.linklist {
		list-style: none;
		margin: 0.5em 0;
		padding: 0;
	}
	.linklist li {
		padding: 2px 0;
	}
	.sidebar {
		float: left;
		width: 320px;
	}
	.bar-wrapper {
		max-width: 1100px;
		margin: 0 auto;
	}
	.bar-wrapper.has-sidebar {
		max-width: 1430px;
	}
	.mainbar {
		margin: 0;
		padding-right: 1px;
	}
	.mainbar.has-sidebar {
		margin-left: 330px;
	}
	@media (min-width: 1511px) {
		.sidebar {
			width: 400px;
		}
		.bar-wrapper.has-sidebar {
			max-width: 1510px;
		}
		.mainbar.has-sidebar {
			margin-left: 410px;
		}
	}
	.section.first-section {
		margin-top: 9px;
	}
	.blocklink small {
		white-space: normal;
	}
	.button {
		vertical-align: middle;
	}
	.replay-controls {
		padding-top: 10px;
	}
	.replay-controls h1 {
		font-size: 16pt;
		font-weight: normal;
		color: #CCC;
	}
	.pagelink {
		text-align: center;
	}
	.pagelink a {
		width: 150px;
	}
	.textbox, .button {
		font-size: 11pt;
		vertical-align: middle;
	}
	@media (max-width: 450px) {
		.button {
			font-size: 9pt;
		}
	}
</style>

<div>

	<header>
		<div class="nav-wrapper"><ul class="nav">
			<li><a class="button nav-first" href="//pokemonshowdown.com/"><img src="//pokemonshowdown.com/images/pokemonshowdownbeta.png" srcset="//pokemonshowdown.com/images/pokemonshowdownbeta.png 1x, //pokemonshowdown.com/images/pokemonshowdownbeta@2x.png 2x" alt="Pok&eacute;mon Showdown" width="146" height="44" /> Home</a></li>
			<li><a class="button" href="//pokemonshowdown.com/dex/">Pok&eacute;dex</a></li>
			<li><a class="button cur" href="/">Replays</a></li>
			<li><a class="button" href="//pokemonshowdown.com/ladder/">Ladder</a></li>
			<li><a class="button nav-last" href="//pokemonshowdown.com/forums/">Forum</a></li>
			<li><a class="button greenbutton nav-first nav-last" href="//play.pokemonshowdown.com/">Play</a></li>
		</ul></div>
	</header>

	<div class="main" id="main">

		<noscript><section class="section">You need to enable JavaScript to use this page; sorry!</section></noscript>

	</div>

</div>

<script defer nomodule src="//play.pokemonshowdown.com/js/lib/ps-polyfill.js"></script>
<script defer src="//play.pokemonshowdown.com/js/lib/preact.min.js"></script>

<script defer src="//play.pokemonshowdown.com/config/config.js?2bddbc15"></script>
<script defer src="//play.pokemonshowdown.com/js/lib/jquery-1.11.0.min.js"></script>
<script defer src="//play.pokemonshowdown.com/js/lib/html-sanitizer-minified.js"></script>
<script defer src="//play.pokemonshowdown.com/js/battle-sound.js"></script>
<script defer src="//play.pokemonshowdown.com/js/battledata.js?0.7209276989879541"></script>
<script defer src="//play.pokemonshowdown.com/data/pokedex-mini.js?0.6111056340867951"></script>
<script defer src="//play.pokemonshowdown.com/data/pokedex-mini-bw.js?0.3532142036491459"></script>
<script defer src="//play.pokemonshowdown.com/data/graphics.js?0.24223875632456182"></script>
<script defer src="//play.pokemonshowdown.com/data/pokedex.js?0.38839984266356864"></script>
<script defer src="//play.pokemonshowdown.com/data/moves.js?0.21866028504024015"></script>
<script defer src="//play.pokemonshowdown.com/data/abilities.js?0.2005157953846628"></script>
<script defer src="//play.pokemonshowdown.com/data/items.js?0.9894211263848525"></script>
<script defer src="//play.pokemonshowdown.com/data/teambuilder-tables.js?0.6008791140282215"></script>
<script defer src="//play.pokemonshowdown.com/js/battle-tooltips.js?0.7580118955022959"></script>
<script defer src="//play.pokemonshowdown.com/js/battle.js?0.6057722274234274"></script>

<script defer src="js/utils.js?e31f9a17"></script>
<script defer src="js/replays-battle.js?7008c182"></script>

<!-- don't scrape this data! just add .json or .log after the URL!
Full API docs: https://github.com/smogon/pokemon-showdown-client/blob/master/WEB-API.md -->
<script type="text/plain" class="log" id="replaylog-smogtours-gen3ou-795057">
|inactive|Battle timer is ON: inactive players will automatically lose when time's up.
|t:|1728149760
|gametype|singles
|player|p1|AverageWalrus|bugsy|
|player|p2|MadelinMorningStar|265|
|teamsize|p1|6
|teamsize|p2|6
|gen|3
|tier|[Gen 3] OU
|rule|Sleep Clause Mod: Limit one foe put to sleep
|rule|Switch Priority Clause Mod: Faster Pokémon switch first
|rule|Species Clause: Limit one of each Pokémon
|rule|OHKO Clause: OHKO moves are banned
|rule|Evasion Items Clause: Evasion items are banned
|rule|Evasion Moves Clause: Evasion moves are banned
|rule|Endless Battle Clause: Forcing endless battles is banned
|rule|HP Percentage Mod: HP is shown in percentages
|rule|One Boost Passer Clause: Limit one Baton Passer that has a way to boost its stats
|rule|Freeze Clause Mod: Limit one foe frozen
|
|t:|1728149760
|start
|switch|p1a: Tyranitar|Tyranitar, F|100/100
|switch|p2a: Zim|Zapdos|100/100
|-weather|Sandstorm|[from] ability: Sand Stream|[of] p1a: Tyranitar
|turn|1
|c|☆MadelinMorningStar|glhf
|
|t:|1728149779
|switch|p2a: Soren|Swampert, M|100/100
|switch|p1a: Blissey|Blissey, F|100/100
|
|-weather|Sandstorm|[upkeep]
|-damage|p1a: Blissey|94/100|[from] Sandstorm
|-heal|p1a: Blissey|100/100|[from] item: Leftovers
|upkeep
|turn|2
|
|t:|1728149787
|move|p1a: Blissey|Toxic|p2a: Soren
|-status|p2a: Soren|tox
|move|p2a: Soren|Earthquake|p1a: Blissey
|-damage|p1a: Blissey|65/100
|
|-weather|Sandstorm|[upkeep]
|-damage|p1a: Blissey|58/100|[from] Sandstorm
|-heal|p1a: Blissey|65/100|[from] item: Leftovers
|-damage|p2a: Soren|94/100 tox|[from] psn
|upkeep
|turn|3
|
|t:|1728149798
|switch|p1a: Skarmory|Skarmory, F|100/100
|switch|p2a: Ezran|Celebi|100/100
|
|-weather|Sandstorm|[upkeep]
|-damage|p2a: Ezran|94/100|[from] Sandstorm
|-heal|p2a: Ezran|100/100|[from] item: Leftovers
|upkeep
|turn|4
|
|t:|1728149805
|switch|p2a: Zim|Zapdos|100/100
|move|p1a: Skarmory|Spikes|p2a: Zim
|-sidestart|p2: MadelinMorningStar|Spikes
|
|-weather|Sandstorm|[upkeep]
|-damage|p2a: Zim|94/100|[from] Sandstorm
|-heal|p2a: Zim|100/100|[from] item: Leftovers
|upkeep
|turn|5
|
|t:|1728149813
|switch|p1a: Blissey|Blissey, F|65/100
|move|p2a: Zim|Baton Pass|p2a: Zim
|
|t:|1728149814
|switch|p2a: Runaan|Dugtrio, F|100/100|[from] Baton Pass
|-damage|p2a: Runaan|88/100|[from] Spikes
|
|-weather|Sandstorm|[upkeep]
|-damage|p1a: Blissey|58/100|[from] Sandstorm
|-heal|p1a: Blissey|65/100|[from] item: Leftovers
|upkeep
|turn|6
|
|t:|1728149817
|move|p2a: Runaan|Earthquake|p1a: Blissey
|-damage|p1a: Blissey|8/100
|move|p1a: Blissey|Ice Beam|p2a: Runaan
|-supereffective|p2a: Runaan
|-damage|p2a: Runaan|0 fnt
|faint|p2a: Runaan
|
|t:|1728149828
|switch|p2a: Zim|Zapdos|100/100
|
|-weather|Sandstorm|[upkeep]
|-damage|p2a: Zim|94/100|[from] Sandstorm
|-damage|p1a: Blissey|2/100|[from] Sandstorm
|-heal|p2a: Zim|100/100|[from] item: Leftovers
|-heal|p1a: Blissey|8/100|[from] item: Leftovers
|upkeep
|turn|7
|
|t:|1728149831
|switch|p1a: Flygon|Flygon, F|100/100
|move|p2a: Zim|Thunderbolt|p1a: Flygon
|-immune|p1a: Flygon
|
|-weather|Sandstorm|[upkeep]
|-damage|p2a: Zim|94/100|[from] Sandstorm
|-heal|p2a: Zim|100/100|[from] item: Leftovers
|upkeep
|turn|8
|
|t:|1728149835
|move|p1a: Flygon|Protect|p1a: Flygon
|-singleturn|p1a: Flygon|Protect
|move|p2a: Zim|Baton Pass|p2a: Zim
|
|t:|1728149837
|switch|p2a: Rayla|Starmie|100/100|[from] Baton Pass
|-damage|p2a: Rayla|88/100|[from] Spikes
|
|-weather|Sandstorm|[upkeep]
|-damage|p2a: Rayla|82/100|[from] Sandstorm
|-heal|p2a: Rayla|88/100|[from] item: Leftovers
|upkeep
|turn|9
|
|t:|1728149846
|switch|p1a: Blissey|Blissey, F|8/100
|move|p2a: Rayla|Ice Beam|p1a: Blissey
|-damage|p1a: Blissey|0 fnt
|faint|p1a: Blissey
|
|t:|1728149852
|switch|p1a: Skarmory|Skarmory, F|100/100
|
|-weather|Sandstorm|[upkeep]
|-damage|p2a: Rayla|82/100|[from] Sandstorm
|-heal|p2a: Rayla|88/100|[from] item: Leftovers
|upkeep
|turn|10
|
|t:|1728149855
|move|p2a: Rayla|Rapid Spin|p1a: Skarmory
|-resisted|p1a: Skarmory
|-damage|p1a: Skarmory|99/100
|-sideend|p2: MadelinMorningStar|Spikes|[from] move: Rapid Spin|[of] p2a: Rayla
|move|p1a: Skarmory|Drill Peck|p2a: Rayla
|-damage|p2a: Rayla|53/100
|
|-weather|Sandstorm|[upkeep]
|-damage|p2a: Rayla|47/100|[from] Sandstorm
|-heal|p2a: Rayla|53/100|[from] item: Leftovers
|-heal|p1a: Skarmory|100/100|[from] item: Leftovers
|upkeep
|turn|11
|
|t:|1728149858
|switch|p1a: Zapdos|Zapdos|100/100
|move|p2a: Rayla|Thunderbolt|p1a: Zapdos
|-damage|p1a: Zapdos|71/100
|
|-weather|Sandstorm|[upkeep]
|-damage|p2a: Rayla|47/100|[from] Sandstorm
|-damage|p1a: Zapdos|65/100|[from] Sandstorm
|-heal|p2a: Rayla|53/100|[from] item: Leftovers
|-heal|p1a: Zapdos|71/100|[from] item: Leftovers
|upkeep
|turn|12
|
|t:|1728149862
|switch|p2a: Ezran|Celebi|100/100
|move|p1a: Zapdos|Thunderbolt|p2a: Ezran
|-resisted|p2a: Ezran
|-damage|p2a: Ezran|84/100
|-status|p2a: Ezran|par
|
|-weather|Sandstorm|[upkeep]
|-damage|p1a: Zapdos|65/100|[from] Sandstorm
|-damage|p2a: Ezran|78/100 par|[from] Sandstorm
|-heal|p1a: Zapdos|71/100|[from] item: Leftovers
|-heal|p2a: Ezran|84/100 par|[from] item: Leftovers
|upkeep
|turn|13
|
|t:|1728149867
|switch|p1a: Tyranitar|Tyranitar, F|100/100
|move|p2a: Ezran|Leech Seed|p1a: Tyranitar
|-start|p1a: Tyranitar|move: Leech Seed
|
|-weather|Sandstorm|[upkeep]
|-damage|p2a: Ezran|78/100 par|[from] Sandstorm
|-damage|p1a: Tyranitar|88/100|[from] Leech Seed|[of] p2a: Ezran
|-heal|p2a: Ezran|89/100 par|[silent]
|-heal|p2a: Ezran|95/100 par|[from] item: Leftovers
|upkeep
|turn|14
|
|t:|1728149870
|-curestatus|p2a: Ezran|par|[from] ability: Natural Cure
|switch|p2a: Soren|Swampert, M|94/100 tox
|move|p1a: Tyranitar|Rock Slide|p2a: Soren
|-resisted|p2a: Soren
|-damage|p2a: Soren|71/100 tox
|
|-weather|Sandstorm|[upkeep]
|-damage|p1a: Tyranitar|76/100|[from] Leech Seed|[of] p2a: Soren
|-heal|p2a: Soren|81/100 tox|[silent]
|-heal|p2a: Soren|88/100 tox|[from] item: Leftovers
|-damage|p2a: Soren|81/100 tox|[from] psn
|upkeep
|turn|15
|
|t:|1728149889
|switch|p1a: Skarmory|Skarmory, F|100/100
|move|p2a: Soren|Ice Beam|p1a: Skarmory
|-damage|p1a: Skarmory|82/100
|
|-weather|Sandstorm|[upkeep]
|-heal|p1a: Skarmory|88/100|[from] item: Leftovers
|-heal|p2a: Soren|88/100 tox|[from] item: Leftovers
|-damage|p2a: Soren|75/100 tox|[from] psn
|upkeep
|turn|16
|
|t:|1728149894
|switch|p2a: Rayla|Starmie|53/100
|move|p1a: Skarmory|Spikes|p2a: Rayla
|-sidestart|p2: MadelinMorningStar|Spikes
|
|-weather|Sandstorm|[upkeep]
|-damage|p2a: Rayla|47/100|[from] Sandstorm
|-heal|p2a: Rayla|53/100|[from] item: Leftovers
|-heal|p1a: Skarmory|94/100|[from] item: Leftovers
|upkeep
|turn|17
|
|t:|1728149900
|switch|p1a: Flygon|Flygon, F|100/100
|move|p2a: Rayla|Thunderbolt|p1a: Flygon
|-immune|p1a: Flygon
|
|-weather|Sandstorm|[upkeep]
|-damage|p2a: Rayla|47/100|[from] Sandstorm
|-heal|p2a: Rayla|53/100|[from] item: Leftovers
|upkeep
|turn|18
|
|t:|1728149929
|switch|p1a: Aerodactyl|Aerodactyl, M, shiny|100/100
|move|p2a: Rayla|Ice Beam|p1a: Aerodactyl
|-supereffective|p1a: Aerodactyl
|-damage|p1a: Aerodactyl|15/100
|
|-weather|Sandstorm|[upkeep]
|-damage|p2a: Rayla|47/100|[from] Sandstorm
|-heal|p2a: Rayla|53/100|[from] item: Leftovers
|upkeep
|turn|19
|
|t:|1728149937
|switch|p2a: Janai|Tyranitar, M|100/100
|-damage|p2a: Janai|88/100|[from] Spikes
|move|p1a: Aerodactyl|Double-Edge|p2a: Janai
|-resisted|p2a: Janai
|-damage|p2a: Janai|67/100
|
|-weather|Sandstorm|[upkeep]
|-heal|p2a: Janai|73/100|[from] item: Leftovers
|upkeep
|turn|20
|
|t:|1728149950
|-singleturn|p2a: Janai|move: Focus Punch
|switch|p1a: Flygon|Flygon, F|100/100
|move|p2a: Janai|Focus Punch|p1a: Flygon
|-damage|p1a: Flygon|53/100
|
|-weather|Sandstorm|[upkeep]
|-heal|p1a: Flygon|59/100|[from] item: Leftovers
|-heal|p2a: Janai|80/100|[from] item: Leftovers
|upkeep
|turn|21
|
|t:|1728149956
|switch|p2a: Ezran|Celebi|95/100
|-damage|p2a: Ezran|82/100|[from] Spikes
|move|p1a: Flygon|Rock Slide|p2a: Ezran
|-damage|p2a: Ezran|68/100
|
|-weather|Sandstorm|[upkeep]
|-damage|p2a: Ezran|62/100|[from] Sandstorm
|-heal|p1a: Flygon|65/100|[from] item: Leftovers
|-heal|p2a: Ezran|68/100|[from] item: Leftovers
|upkeep
|turn|22
|
|t:|1728149968
|move|p1a: Flygon|Toxic|p2a: Ezran
|-status|p2a: Ezran|tox
|move|p2a: Ezran|Leech Seed|p1a: Flygon
|-start|p1a: Flygon|move: Leech Seed
|
|-weather|Sandstorm|[upkeep]
|-damage|p2a: Ezran|62/100 tox|[from] Sandstorm
|-heal|p1a: Flygon|71/100|[from] item: Leftovers
|-damage|p1a: Flygon|59/100|[from] Leech Seed|[of] p2a: Ezran
|-heal|p2a: Ezran|73/100 tox|[silent]
|-heal|p2a: Ezran|79/100 tox|[from] item: Leftovers
|-damage|p2a: Ezran|73/100 tox|[from] psn
|upkeep
|turn|23
|
|t:|1728149974
|switch|p1a: Skarmory|Skarmory, F|94/100
|move|p2a: Ezran|Baton Pass|p2a: Ezran
|
|t:|1728149976
|-curestatus|p2a: Ezran|tox|[from] ability: Natural Cure
|switch|p2a: Zim|Zapdos|100/100|[from] Baton Pass
|
|-weather|Sandstorm|[upkeep]
|-damage|p2a: Zim|94/100|[from] Sandstorm
|-heal|p2a: Zim|100/100|[from] item: Leftovers
|-heal|p1a: Skarmory|99/100|[from] item: Leftovers
|upkeep
|turn|24
|
|t:|1728149981
|switch|p1a: Flygon|Flygon, F|59/100
|move|p2a: Zim|Thunderbolt|p1a: Flygon
|-immune|p1a: Flygon
|
|-weather|Sandstorm|[upkeep]
|-damage|p2a: Zim|94/100|[from] Sandstorm
|-heal|p2a: Zim|100/100|[from] item: Leftovers
|-heal|p1a: Flygon|65/100|[from] item: Leftovers
|upkeep
|turn|25
|
|t:|1728149985
|move|p2a: Zim|Baton Pass|p2a: Zim
|
|t:|1728149987
|switch|p2a: Ezran|Celebi|73/100|[from] Baton Pass
|-damage|p2a: Ezran|61/100|[from] Spikes
|move|p1a: Flygon|Earthquake|p2a: Ezran
|-resisted|p2a: Ezran
|-damage|p2a: Ezran|48/100
|
|-weather|Sandstorm|[upkeep]
|-damage|p2a: Ezran|41/100|[from] Sandstorm
|-heal|p1a: Flygon|71/100|[from] item: Leftovers
|-heal|p2a: Ezran|48/100|[from] item: Leftovers
|upkeep
|turn|26
|
|t:|1728149998
|switch|p1a: Zapdos|Zapdos|71/100
|move|p2a: Ezran|Recover|p2a: Ezran
|-heal|p2a: Ezran|98/100
|
|-weather|Sandstorm|[upkeep]
|-damage|p1a: Zapdos|65/100|[from] Sandstorm
|-damage|p2a: Ezran|91/100|[from] Sandstorm
|-heal|p1a: Zapdos|71/100|[from] item: Leftovers
|-heal|p2a: Ezran|98/100|[from] item: Leftovers
|upkeep
|turn|27
|
|t:|1728150018
|move|p1a: Zapdos|Toxic|p2a: Ezran
|-status|p2a: Ezran|tox
|move|p2a: Ezran|Leech Seed|p1a: Zapdos
|-start|p1a: Zapdos|move: Leech Seed
|
|-weather|Sandstorm|[upkeep]
|-damage|p1a: Zapdos|65/100|[from] Sandstorm
|-damage|p2a: Ezran|91/100 tox|[from] Sandstorm
|-heal|p1a: Zapdos|71/100|[from] item: Leftovers
|-damage|p1a: Zapdos|59/100|[from] Leech Seed|[of] p2a: Ezran
|-heal|p2a: Ezran|100/100 tox|[silent]
|-damage|p2a: Ezran|94/100 tox|[from] psn
|upkeep
|turn|28
|
|t:|1728150023
|move|p1a: Zapdos|Thunderbolt|p2a: Ezran
|-resisted|p2a: Ezran
|-damage|p2a: Ezran|78/100 tox
|move|p2a: Ezran|Baton Pass|p2a: Ezran
|
|t:|1728150026
|-curestatus|p2a: Ezran|tox|[from] ability: Natural Cure
|switch|p2a: Rayla|Starmie|53/100|[from] Baton Pass
|-damage|p2a: Rayla|41/100|[from] Spikes
|
|-weather|Sandstorm|[upkeep]
|-damage|p2a: Rayla|34/100|[from] Sandstorm
|-damage|p1a: Zapdos|53/100|[from] Sandstorm
|-heal|p2a: Rayla|41/100|[from] item: Leftovers
|-heal|p1a: Zapdos|59/100|[from] item: Leftovers
|-damage|p1a: Zapdos|47/100|[from] Leech Seed|[of] p2a: Rayla
|-heal|p2a: Rayla|57/100|[silent]
|upkeep
|turn|29
|
|t:|1728150030
|move|p2a: Rayla|Ice Beam|p1a: Zapdos
|-supereffective|p1a: Zapdos
|-damage|p1a: Zapdos|0 fnt
|faint|p1a: Zapdos
|
|t:|1728150038
|switch|p1a: Aerodactyl|Aerodactyl, M, shiny|15/100
|
|-weather|Sandstorm|[upkeep]
|-damage|p2a: Rayla|50/100|[from] Sandstorm
|-heal|p2a: Rayla|57/100|[from] item: Leftovers
|upkeep
|turn|30
|
|t:|1728150055
|switch|p2a: Soren|Swampert, M|75/100 tox
|-damage|p2a: Soren|63/100 tox|[from] Spikes
|move|p1a: Aerodactyl|Rock Slide|p2a: Soren
|-resisted|p2a: Soren
|-damage|p2a: Soren|47/100 tox
|
|-weather|Sandstorm|[upkeep]
|-heal|p2a: Soren|53/100 tox|[from] item: Leftovers
|-damage|p2a: Soren|47/100 tox|[from] psn
|upkeep
|turn|31
|
|t:|1728150068
|switch|p1a: Skarmory|Skarmory, F|99/100
|switch|p2a: Zim|Zapdos|100/100
|
|-weather|Sandstorm|[upkeep]
|-damage|p2a: Zim|94/100|[from] Sandstorm
|-heal|p2a: Zim|100/100|[from] item: Leftovers
|-heal|p1a: Skarmory|100/100|[from] item: Leftovers
|upkeep
|turn|32
|
|t:|1728150074
|switch|p1a: Flygon|Flygon, F|71/100
|move|p2a: Zim|Baton Pass|p2a: Zim
|
|t:|1728150080
|switch|p2a: Rayla|Starmie|57/100|[from] Baton Pass
|-damage|p2a: Rayla|44/100|[from] Spikes
|
|-weather|Sandstorm|[upkeep]
|-damage|p2a: Rayla|38/100|[from] Sandstorm
|-heal|p2a: Rayla|44/100|[from] item: Leftovers
|-heal|p1a: Flygon|77/100|[from] item: Leftovers
|upkeep
|turn|33
|
|t:|1728150092
|move|p1a: Flygon|Protect|p1a: Flygon
|-singleturn|p1a: Flygon|Protect
|move|p2a: Rayla|Thunderbolt|p1a: Flygon
|-activate|p1a: Flygon|Protect
|
|-weather|Sandstorm|[upkeep]
|-damage|p2a: Rayla|38/100|[from] Sandstorm
|-heal|p2a: Rayla|44/100|[from] item: Leftovers
|-heal|p1a: Flygon|83/100|[from] item: Leftovers
|upkeep
|turn|34
|
|t:|1728150095
|move|p2a: Rayla|Ice Beam|p1a: Flygon
|-supereffective|p1a: Flygon
|-damage|p1a: Flygon|0 fnt
|faint|p1a: Flygon
|
|t:|1728150100
|switch|p1a: Aerodactyl|Aerodactyl, M, shiny|15/100
|
|-weather|Sandstorm|[upkeep]
|-damage|p2a: Rayla|38/100|[from] Sandstorm
|-heal|p2a: Rayla|44/100|[from] item: Leftovers
|upkeep
|turn|35
|
|t:|1728150110
|switch|p2a: Ezran|Celebi|78/100
|-damage|p2a: Ezran|66/100|[from] Spikes
|move|p1a: Aerodactyl|Double-Edge|p2a: Ezran
|-damage|p2a: Ezran|21/100
|
|-weather|Sandstorm|[upkeep]
|-damage|p2a: Ezran|15/100|[from] Sandstorm
|-heal|p2a: Ezran|21/100|[from] item: Leftovers
|upkeep
|turn|36
|
|t:|1728150117
|move|p1a: Aerodactyl|Double-Edge|p2a: Ezran
|-damage|p2a: Ezran|0 fnt
|faint|p2a: Ezran
|
|t:|1728150118
|switch|p2a: Janai|Tyranitar, M|80/100
|-damage|p2a: Janai|67/100|[from] Spikes
|
|-weather|Sandstorm|[upkeep]
|-heal|p2a: Janai|73/100|[from] item: Leftovers
|upkeep
|turn|37
|
|t:|1728150143
|switch|p1a: Skarmory|Skarmory, F|100/100
|switch|p2a: Zim|Zapdos|100/100
|
|-weather|Sandstorm|[upkeep]
|-damage|p2a: Zim|94/100|[from] Sandstorm
|-heal|p2a: Zim|100/100|[from] item: Leftovers
|upkeep
|turn|38
|
|t:|1728150153
|move|p2a: Zim|Thunderbolt|p1a: Skarmory
|-supereffective|p1a: Skarmory
|-damage|p1a: Skarmory|18/100
|move|p1a: Skarmory|Spikes|p2a: Zim
|-sidestart|p2: MadelinMorningStar|Spikes
|
|-weather|Sandstorm|[upkeep]
|-damage|p2a: Zim|94/100|[from] Sandstorm
|-heal|p2a: Zim|100/100|[from] item: Leftovers
|-heal|p1a: Skarmory|24/100|[from] item: Leftovers
|upkeep
|turn|39
|
|t:|1728150159
|move|p2a: Zim|Thunderbolt|p1a: Skarmory
|-supereffective|p1a: Skarmory
|-damage|p1a: Skarmory|0 fnt
|faint|p1a: Skarmory
|
|t:|1728150168
|switch|p1a: Aerodactyl|Aerodactyl, M, shiny|15/100
|
|-weather|Sandstorm|[upkeep]
|-damage|p2a: Zim|94/100|[from] Sandstorm
|-heal|p2a: Zim|100/100|[from] item: Leftovers
|upkeep
|turn|40
|
|t:|1728150178
|switch|p1a: Tyranitar|Tyranitar, F|76/100
|move|p2a: Zim|Thunderbolt|p1a: Tyranitar
|-damage|p1a: Tyranitar|24/100
|
|-weather|Sandstorm|[upkeep]
|-damage|p2a: Zim|94/100|[from] Sandstorm
|-heal|p2a: Zim|100/100|[from] item: Leftovers
|upkeep
|turn|41
|
|t:|1728150182
|move|p2a: Zim|Thunderbolt|p1a: Tyranitar
|-damage|p1a: Tyranitar|0 fnt
|faint|p1a: Tyranitar
|
|t:|1728150183
|switch|p1a: Aerodactyl|Aerodactyl, M, shiny|15/100
|
|-weather|Sandstorm|[upkeep]
|-damage|p2a: Zim|94/100|[from] Sandstorm
|-heal|p2a: Zim|100/100|[from] item: Leftovers
|upkeep
|turn|42
|
|t:|1728150187
|move|p1a: Aerodactyl|Rock Slide|p2a: Zim
|-supereffective|p2a: Zim
|-crit|p2a: Zim
|-damage|p2a: Zim|0 fnt
|faint|p2a: Zim
|
|t:|1728150189
|switch|p2a: Soren|Swampert, M|47/100 tox
|-damage|p2a: Soren|30/100 tox|[from] Spikes
|
|-weather|Sandstorm|[upkeep]
|-heal|p2a: Soren|36/100 tox|[from] item: Leftovers
|-damage|p2a: Soren|30/100 tox|[from] psn
|upkeep
|turn|43
|
|t:|1728150190
|move|p1a: Aerodactyl|Rock Slide|p2a: Soren
|-resisted|p2a: Soren
|-damage|p2a: Soren|12/100 tox
|cant|p2a: Soren|flinch
|
|-weather|Sandstorm|[upkeep]
|-heal|p2a: Soren|18/100 tox|[from] item: Leftovers
|-damage|p2a: Soren|6/100 tox|[from] psn
|upkeep
|turn|44
|
|t:|1728150194
|move|p1a: Aerodactyl|Rock Slide|p2a: Soren
|-resisted|p2a: Soren
|-damage|p2a: Soren|0 fnt
|faint|p2a: Soren
|
|t:|1728150199
|switch|p2a: Janai|Tyranitar, M|73/100
|-damage|p2a: Janai|57/100|[from] Spikes
|
|-weather|Sandstorm|[upkeep]
|-heal|p2a: Janai|63/100|[from] item: Leftovers
|upkeep
|turn|45
|
|t:|1728150206
|move|p1a: Aerodactyl|Rock Slide|p2a: Janai
|-damage|p2a: Janai|24/100
|cant|p2a: Janai|flinch
|
|-weather|Sandstorm|[upkeep]
|-heal|p2a: Janai|31/100|[from] item: Leftovers
|upkeep
|turn|46
|
|t:|1728150211
|move|p1a: Aerodactyl|Rock Slide|p2a: Janai
|-damage|p2a: Janai|0 fnt
|faint|p2a: Janai
|
|t:|1728150213
|switch|p2a: Rayla|Starmie|44/100
|-damage|p2a: Rayla|28/100|[from] Spikes
|
|-weather|Sandstorm|[upkeep]
|-damage|p2a: Rayla|22/100|[from] Sandstorm
|-heal|p2a: Rayla|28/100|[from] item: Leftovers
|upkeep
|turn|47
|
|t:|1728150215
|move|p1a: Aerodactyl|Rock Slide|p2a: Rayla|[miss]
|-miss|p1a: Aerodactyl|p2a: Rayla
|move|p2a: Rayla|Ice Beam|p1a: Aerodactyl
|-supereffective|p1a: Aerodactyl
|-damage|p1a: Aerodactyl|0 fnt
|faint|p1a: Aerodactyl
|
|win|MadelinMorningStar
|c|☆MadelinMorningStar|gg
|c|☆AverageWalrus|lmao gg
|player|p1|
|player|p1|AverageWalrus|bugsy|

</script>
<script type="application/json" class="data" id="replaydata-smogtours-gen3ou-795057">
{"id":"smogtours-gen3ou-795057","format":"[Gen 3] OU","players":["AverageWalrus","MadelinMorningStar"],"uploadtime":1728150215,"views":97,"formatid":"gen3ou","rating":null,"private":0,"password":null}
</script>

<script defer src="js/replays.js?9d40a366"></script>
