<!DOCTYPE html>
<meta charset="utf-8" />
<meta name="viewport" content="width=device-width" />

<title>[Gen 3] OU: CostcoCustomer vs. reptikrook - Replays - Pok&eacute;mon Showdown!</title>

<meta name="description" content="Watch a replay of a Pok&eacute;mon battle between CostcoCustomer and reptikrook! Format: [Gen 3] OU; Date: Oct 15, 2024" />
<!--

Hey, you! Looking in the source for the replay log?

You can find them in JSON format, just add `.json` at the end of a replay URL.

https://replay.pokemonshowdown.com/gen7randomdoublesbattle-865046831.json

Or, if you only need the log itself, add `.log` instead:

https://replay.pokemonshowdown.com/gen7randomdoublesbattle-865046831.log

-->

<link rel="stylesheet" href="//pokemonshowdown.com/style/global.css?0.023195364461161105" />
<link rel="stylesheet" href="//play.pokemonshowdown.com/style/font-awesome.css?0.13261647063804238" />
<link rel="stylesheet" href="//play.pokemonshowdown.com/style/battle.css?0.8753245789963631" />
<link rel="stylesheet" href="//play.pokemonshowdown.com/style/utilichart.css?0.8627959624976733" />

<!-- Global site tag (gtag.js) - Google Analytics -->
<script async src="https://www.googletagmanager.com/gtag/js?id=UA-26211653-1"></script>
<script>
  window.dataLayer = window.dataLayer || [];
  function gtag(){dataLayer.push(arguments);}
  gtag('js', new Date());

  gtag('config', 'UA-26211653-1');
</script>
<!-- End Google Analytics -->
<!-- Venatus Ad Manager - Install in <HEAD> of page -->
	<script src="https://hb.vntsm.com/v3/live/ad-manager.min.js" type="text/javascript" data-site-id="642aba63ec9a7b11c3c9c1be" data-mode="scan" async></script>
<!-- / Venatus Ad Manager -->

<style>
	@media (max-width:820px) {
		.battle {
			margin: 0 auto;
		}
		.battle-log {
			margin: 7px auto 0;
			max-width: 640px;
			height: 300px;
			position: static;
		}
	}
	.optgroup {
		display: inline-block;
		line-height: 22px;
		font-size: 10pt;
	}
	.optgroup .button {
		height: 25px;
		padding-top: 0;
		padding-bottom: 0;
	}
	.optgroup button.button {
		padding-left: 12px;
		padding-right: 12px;
	}
	.linklist {
		list-style: none;
		margin: 0.5em 0;
		padding: 0;
	}
	.linklist li {
		padding: 2px 0;
	}
	.sidebar {
		float: left;
		width: 320px;
	}
	.bar-wrapper {
		max-width: 1100px;
		margin: 0 auto;
	}
	.bar-wrapper.has-sidebar {
		max-width: 1430px;
	}
	.mainbar {
		margin: 0;
		padding-right: 1px;
	}
	.mainbar.has-sidebar {
		margin-left: 330px;
	}
	@media (min-width: 1511px) {
		.sidebar {
			width: 400px;
		}
		.bar-wrapper.has-sidebar {
			max-width: 1510px;
		}
		.mainbar.has-sidebar {
			margin-left: 410px;
		}
	}
	.section.first-section {
		margin-top: 9px;
	}
	.blocklink small {
		white-space: normal;
	}
	.button {
		vertical-align: middle;
	}
	.replay-controls {
		padding-top: 10px;
	}
	.replay-controls h1 {
		font-size: 16pt;
		font-weight: normal;
		color: #CCC;
	}
	.pagelink {
		text-align: center;
	}
	.pagelink a {
		width: 150px;
	}
	.textbox, .button {
		font-size: 11pt;
		vertical-align: middle;
	}
	@media (max-width: 450px) {
		.button {
			font-size: 9pt;
		}
	}
</style>

<div>

	<header>
		<div class="nav-wrapper"><ul class="nav">
			<li><a class="button nav-first" href="//pokemonshowdown.com/"><img src="//pokemonshowdown.com/images/pokemonshowdownbeta.png" srcset="//pokemonshowdown.com/images/pokemonshowdownbeta.png 1x, //pokemonshowdown.com/images/pokemonshowdownbeta@2x.png 2x" alt="Pok&eacute;mon Showdown" width="146" height="44" /> Home</a></li>
			<li><a class="button" href="//pokemonshowdown.com/dex/">Pok&eacute;dex</a></li>
			<li><a class="button cur" href="/">Replays</a></li>
			<li><a class="button" href="//pokemonshowdown.com/ladder/">Ladder</a></li>
			<li><a class="button nav-last" href="//pokemonshowdown.com/forums/">Forum</a></li>
			<li><a class="button greenbutton nav-first nav-last" href="//play.pokemonshowdown.com/">Play</a></li>
		</ul></div>
	</header>

	<div class="main" id="main">

		<noscript><section class="section">You need to enable JavaScript to use this page; sorry!</section></noscript>

	</div>

</div>

<script defer nomodule src="//play.pokemonshowdown.com/js/lib/ps-polyfill.js"></script>
<script defer src="//play.pokemonshowdown.com/js/lib/preact.min.js"></script>

<script defer src="//play.pokemonshowdown.com/config/config.js?2bddbc15"></script>
<script defer src="//play.pokemonshowdown.com/js/lib/jquery-1.11.0.min.js"></script>
<script defer src="//play.pokemonshowdown.com/js/lib/html-sanitizer-minified.js"></script>
<script defer src="//play.pokemonshowdown.com/js/battle-sound.js"></script>
<script defer src="//play.pokemonshowdown.com/js/battledata.js?0.7209276989879541"></script>
<script defer src="//play.pokemonshowdown.com/data/pokedex-mini.js?0.6111056340867951"></script>
<script defer src="//play.pokemonshowdown.com/data/pokedex-mini-bw.js?0.3532142036491459"></script>
<script defer src="//play.pokemonshowdown.com/data/graphics.js?0.24223875632456182"></script>
<script defer src="//play.pokemonshowdown.com/data/pokedex.js?0.38839984266356864"></script>
<script defer src="//play.pokemonshowdown.com/data/moves.js?0.21866028504024015"></script>
<script defer src="//play.pokemonshowdown.com/data/abilities.js?0.2005157953846628"></script>
<script defer src="//play.pokemonshowdown.com/data/items.js?0.9894211263848525"></script>
<script defer src="//play.pokemonshowdown.com/data/teambuilder-tables.js?0.6008791140282215"></script>
<script defer src="//play.pokemonshowdown.com/js/battle-tooltips.js?0.7580118955022959"></script>
<script defer src="//play.pokemonshowdown.com/js/battle.js?0.6057722274234274"></script>

<script defer src="js/utils.js?e31f9a17"></script>
<script defer src="js/replays-battle.js?7008c182"></script>

<!-- don't scrape this data! just add .json or .log after the URL!
Full API docs: https://github.com/smogon/pokemon-showdown-client/blob/master/WEB-API.md -->
<script type="text/plain" class="log" id="replaylog-smogtours-gen3ou-798901">
|inactive|Battle timer is ON: inactive players will automatically lose when time's up.
|t:|1729000820
|gametype|singles
|player|p1|CostcoCustomer|mina|
|player|p2|reptikrook|102|
|teamsize|p1|6
|teamsize|p2|6
|gen|3
|tier|[Gen 3] OU
|rule|Sleep Clause Mod: Limit one foe put to sleep
|rule|Switch Priority Clause Mod: Faster Pokémon switch first
|rule|Species Clause: Limit one of each Pokémon
|rule|OHKO Clause: OHKO moves are banned
|rule|Evasion Items Clause: Evasion items are banned
|rule|Evasion Moves Clause: Evasion moves are banned
|rule|Endless Battle Clause: Forcing endless battles is banned
|rule|HP Percentage Mod: HP is shown in percentages
|rule|One Boost Passer Clause: Limit one Baton Passer that has a way to boost its stats
|rule|Freeze Clause Mod: Limit one foe frozen
|
|t:|1729000820
|start
|switch|p1a: Zados|Zapdos|100/100
|switch|p2a: Mr. Ouch|Zapdos|100/100
|turn|1
|
|t:|1729000831
|switch|p2a: Yolko Oh No|Blissey, F|100/100
|move|p1a: Zados|Thunder Wave|p2a: Yolko Oh No
|-status|p2a: Yolko Oh No|par
|
|upkeep
|turn|2
|
|t:|1729000839
|-curestatus|p2a: Yolko Oh No|par|[from] ability: Natural Cure
|switch|p2a: Mr. Ouch|Zapdos|100/100
|move|p1a: Zados|Baton Pass|p1a: Zados
|
|t:|1729000845
|switch|p1a: Jrachi|Jirachi|100/100|[from] Baton Pass
|
|upkeep
|turn|3
|
|t:|1729000852
|move|p2a: Mr. Ouch|Thunderbolt|p1a: Jrachi
|-damage|p1a: Jrachi|63/100
|move|p1a: Jrachi|Body Slam|p2a: Mr. Ouch
|-crit|p2a: Mr. Ouch
|-damage|p2a: Mr. Ouch|53/100
|-status|p2a: Mr. Ouch|par
|
|-heal|p1a: Jrachi|70/100|[from] item: Leftovers
|-heal|p2a: Mr. Ouch|60/100 par|[from] item: Leftovers
|upkeep
|turn|4
|
|t:|1729000862
|move|p1a: Jrachi|Wish|p1a: Jrachi
|move|p2a: Mr. Ouch|Thunderbolt|p1a: Jrachi
|-damage|p1a: Jrachi|38/100
|
|-heal|p1a: Jrachi|44/100|[from] item: Leftovers
|-heal|p2a: Mr. Ouch|66/100 par|[from] item: Leftovers
|upkeep
|turn|5
|
|t:|1729000871
|move|p1a: Jrachi|Body Slam|p2a: Mr. Ouch
|-damage|p2a: Mr. Ouch|42/100 par
|cant|p2a: Mr. Ouch|par
|
|-heal|p1a: Jrachi|94/100|[from] move: Wish|[wisher] Jrachi
|-heal|p1a: Jrachi|99/100|[from] item: Leftovers
|-heal|p2a: Mr. Ouch|48/100 par|[from] item: Leftovers
|upkeep
|turn|6
|
|t:|1729000880
|move|p1a: Jrachi|Body Slam|p2a: Mr. Ouch
|-damage|p2a: Mr. Ouch|23/100 par
|move|p2a: Mr. Ouch|Thunderbolt|p1a: Jrachi
|-damage|p1a: Jrachi|64/100
|
|-heal|p1a: Jrachi|70/100|[from] item: Leftovers
|-heal|p2a: Mr. Ouch|29/100 par|[from] item: Leftovers
|upkeep
|turn|7
|
|t:|1729000888
|move|p1a: Jrachi|Wish|p1a: Jrachi
|cant|p2a: Mr. Ouch|par
|
|-heal|p1a: Jrachi|76/100|[from] item: Leftovers
|-heal|p2a: Mr. Ouch|35/100 par|[from] item: Leftovers
|upkeep
|turn|8
|
|t:|1729000894
|move|p1a: Jrachi|Body Slam|p2a: Mr. Ouch
|-damage|p2a: Mr. Ouch|13/100 par
|move|p2a: Mr. Ouch|Thunderbolt|p1a: Jrachi
|-damage|p1a: Jrachi|41/100
|
|-heal|p1a: Jrachi|91/100|[from] move: Wish|[wisher] Jrachi
|-heal|p1a: Jrachi|97/100|[from] item: Leftovers
|-heal|p2a: Mr. Ouch|19/100 par|[from] item: Leftovers
|upkeep
|turn|9
|
|t:|1729000909
|move|p1a: Jrachi|Body Slam|p2a: Mr. Ouch
|-damage|p2a: Mr. Ouch|0 fnt
|faint|p2a: Mr. Ouch
|
|t:|1729000914
|switch|p2a: Musketeers|Dugtrio, M|100/100
|
|-heal|p1a: Jrachi|100/100|[from] item: Leftovers
|upkeep
|turn|10
|
|t:|1729000918
|move|p2a: Musketeers|Earthquake|p1a: Jrachi
|-supereffective|p1a: Jrachi
|-damage|p1a: Jrachi|9/100
|move|p1a: Jrachi|Body Slam|p2a: Musketeers
|-damage|p2a: Musketeers|46/100
|
|-heal|p1a: Jrachi|15/100|[from] item: Leftovers
|upkeep
|turn|11
|
|t:|1729000925
|move|p1a: Jrachi|Protect|p1a: Jrachi
|-singleturn|p1a: Jrachi|Protect
|move|p2a: Musketeers|Earthquake|p1a: Jrachi
|-activate|p1a: Jrachi|Protect
|
|-heal|p1a: Jrachi|21/100|[from] item: Leftovers
|upkeep
|turn|12
|
|t:|1729000932
|move|p1a: Jrachi|Protect|p1a: Jrachi
|-singleturn|p1a: Jrachi|Protect
|move|p2a: Musketeers|Earthquake|p1a: Jrachi
|-activate|p1a: Jrachi|Protect
|
|-heal|p1a: Jrachi|27/100|[from] item: Leftovers
|upkeep
|turn|13
|
|t:|1729000940
|move|p2a: Musketeers|Earthquake|p1a: Jrachi
|-supereffective|p1a: Jrachi
|-damage|p1a: Jrachi|0 fnt
|faint|p1a: Jrachi
|
|t:|1729000943
|switch|p1a: Zados|Zapdos|100/100
|
|upkeep
|turn|14
|
|t:|1729000949
|switch|p2a: Yolko Oh No|Blissey, F|100/100
|move|p1a: Zados|Baton Pass|p1a: Zados
|
|t:|1729000951
|switch|p1a: Dutrio|Dugtrio, F|100/100|[from] Baton Pass
|
|upkeep
|turn|15
|
|t:|1729000955
|move|p1a: Dutrio|Earthquake|p2a: Yolko Oh No
|-damage|p2a: Yolko Oh No|53/100
|move|p2a: Yolko Oh No|Ice Beam|p1a: Dutrio
|-supereffective|p1a: Dutrio
|-damage|p1a: Dutrio|30/100
|
|-heal|p2a: Yolko Oh No|59/100|[from] item: Leftovers
|upkeep
|turn|16
|
|t:|1729000970
|move|p1a: Dutrio|Earthquake|p2a: Yolko Oh No
|-crit|p2a: Yolko Oh No
|-damage|p2a: Yolko Oh No|0 fnt
|faint|p2a: Yolko Oh No
|
|t:|1729000978
|switch|p2a: Shrike|Skarmory, M|100/100
|
|upkeep
|turn|17
|
|t:|1729000983
|switch|p1a: Zados|Zapdos|100/100
|move|p2a: Shrike|Spikes|p1a: Zados
|-sidestart|p1: CostcoCustomer|Spikes
|
|upkeep
|turn|18
|
|t:|1729000988
|switch|p2a: Celebi|Celebi|100/100
|move|p1a: Zados|Thunder Wave|p2a: Celebi
|-status|p2a: Celebi|par
|
|upkeep
|turn|19
|
|t:|1729000995
|-curestatus|p2a: Celebi|par|[from] ability: Natural Cure
|switch|p2a: Shrike|Skarmory, M|100/100
|move|p1a: Zados|Hidden Power|p2a: Shrike
|-damage|p2a: Shrike|70/100
|
|-heal|p2a: Shrike|76/100|[from] item: Leftovers
|upkeep
|turn|20
|
|t:|1729001002
|switch|p2a: Celebi|Celebi|100/100
|move|p1a: Zados|Thunderbolt|p2a: Celebi
|-resisted|p2a: Celebi
|-crit|p2a: Celebi
|-damage|p2a: Celebi|68/100
|
|-heal|p2a: Celebi|75/100|[from] item: Leftovers
|upkeep
|turn|21
|
|t:|1729001011
|move|p1a: Zados|Hidden Power|p2a: Celebi
|-supereffective|p2a: Celebi
|-damage|p2a: Celebi|45/100
|move|p2a: Celebi|Leech Seed|p1a: Zados
|-start|p1a: Zados|move: Leech Seed
|
|-damage|p1a: Zados|88/100|[from] Leech Seed|[of] p2a: Celebi
|-heal|p2a: Celebi|54/100|[silent]
|-heal|p2a: Celebi|61/100|[from] item: Leftovers
|upkeep
|turn|22
|
|t:|1729001019
|switch|p1a: Celbi|Celebi|100/100
|-damage|p1a: Celbi|88/100|[from] Spikes
|move|p2a: Celebi|Giga Drain|p1a: Celbi
|-resisted|p1a: Celbi
|-damage|p1a: Celbi|79/100
|-heal|p2a: Celebi|65/100|[from] drain|[of] p1a: Celbi
|
|-heal|p1a: Celbi|85/100|[from] item: Leftovers
|-heal|p2a: Celebi|71/100|[from] item: Leftovers
|upkeep
|turn|23
|
|t:|1729001030
|switch|p2a: Shrike|Skarmory, M|76/100
|move|p1a: Celbi|Baton Pass|p1a: Celbi
|
|t:|1729001032
|switch|p1a: Zados|Zapdos|88/100|[from] Baton Pass
|
|-heal|p1a: Zados|94/100|[from] item: Leftovers
|-heal|p2a: Shrike|82/100|[from] item: Leftovers
|upkeep
|turn|24
|
|t:|1729001039
|switch|p2a: Musketeers|Dugtrio, M|46/100
|move|p1a: Zados|Baton Pass|p1a: Zados
|
|t:|1729001044
|switch|p1a: Dutrio|Dugtrio, F|30/100|[from] Baton Pass
|-damage|p1a: Dutrio|18/100|[from] Spikes
|
|upkeep
|turn|25
|
|t:|1729001049
|move|p1a: Dutrio|Hidden Power|p2a: Musketeers
|-damage|p2a: Musketeers|0 fnt
|faint|p2a: Musketeers
|
|t:|1729001053
|switch|p2a: Shrike|Skarmory, M|82/100
|
|-heal|p2a: Shrike|88/100|[from] item: Leftovers
|upkeep
|turn|26
|
|t:|1729001057
|switch|p1a: Zados|Zapdos|94/100
|move|p2a: Shrike|Toxic|p1a: Zados
|-status|p1a: Zados|tox
|
|-heal|p1a: Zados|100/100 tox|[from] item: Leftovers
|-damage|p1a: Zados|94/100 tox|[from] psn
|-heal|p2a: Shrike|94/100|[from] item: Leftovers
|upkeep
|turn|27
|
|t:|1729001066
|switch|p2a: Celebi|Celebi|71/100
|move|p1a: Zados|Baton Pass|p1a: Zados
|
|t:|1729001068
|switch|p1a: Dutrio|Dugtrio, F|18/100|[from] Baton Pass
|-damage|p1a: Dutrio|5/100|[from] Spikes
|
|-heal|p2a: Celebi|77/100|[from] item: Leftovers
|upkeep
|turn|28
|
|t:|1729001074
|move|p1a: Dutrio|Hidden Power|p2a: Celebi
|-supereffective|p2a: Celebi
|-damage|p2a: Celebi|0 fnt
|faint|p2a: Celebi
|
|t:|1729001078
|switch|p2a: Salmon Snake|Milotic, M|100/100
|
|upkeep
|turn|29
|
|t:|1729001082
|move|p1a: Dutrio|Hidden Power|p2a: Salmon Snake
|-damage|p2a: Salmon Snake|83/100
|move|p2a: Salmon Snake|Surf|p1a: Dutrio
|-supereffective|p1a: Dutrio
|-damage|p1a: Dutrio|0 fnt
|faint|p1a: Dutrio
|
|t:|1729001084
|switch|p1a: Celbi|Celebi|85/100
|-damage|p1a: Celbi|73/100|[from] Spikes
|
|-heal|p1a: Celbi|79/100|[from] item: Leftovers
|-heal|p2a: Salmon Snake|89/100|[from] item: Leftovers
|upkeep
|turn|30
|
|t:|1729001096
|move|p1a: Celbi|Leech Seed|p2a: Salmon Snake
|-start|p2a: Salmon Snake|move: Leech Seed
|move|p2a: Salmon Snake|Toxic|p1a: Celbi
|-status|p1a: Celbi|tox
|
|-heal|p1a: Celbi|85/100 tox|[from] item: Leftovers
|-damage|p1a: Celbi|79/100 tox|[from] psn
|-heal|p2a: Salmon Snake|95/100|[from] item: Leftovers
|-damage|p2a: Salmon Snake|83/100|[from] Leech Seed|[of] p1a: Celbi
|-heal|p1a: Celbi|91/100 tox|[silent]
|upkeep
|turn|31
|
|t:|1729001105
|switch|p2a: Shrike|Skarmory, M|94/100
|move|p1a: Celbi|Calm Mind|p1a: Celbi
|-boost|p1a: Celbi|spa|1
|-boost|p1a: Celbi|spd|1
|
|-heal|p1a: Celbi|97/100 tox|[from] item: Leftovers
|-damage|p1a: Celbi|85/100 tox|[from] psn
|-heal|p2a: Shrike|99/100|[from] item: Leftovers
|upkeep
|turn|32
|
|t:|1729001115
|move|p1a: Celbi|Hidden Power|p2a: Shrike
|-supereffective|p2a: Shrike
|-crit|p2a: Shrike
|-damage|p2a: Shrike|0 fnt
|faint|p2a: Shrike
|
|t:|1729001119
|switch|p2a: Salmon Snake|Milotic, M|83/100
|
|-heal|p1a: Celbi|91/100 tox|[from] item: Leftovers
|-damage|p1a: Celbi|73/100 tox|[from] psn
|-heal|p2a: Salmon Snake|89/100|[from] item: Leftovers
|upkeep
|turn|33
|
|t:|1729001126
|move|p1a: Celbi|Baton Pass|p1a: Celbi
|
|t:|1729001127
|-curestatus|p1a: Celbi|tox|[from] ability: Natural Cure
|switch|p1a: Zados|Zapdos|94/100 tox|[from] Baton Pass
|move|p2a: Salmon Snake|Surf|p1a: Zados
|-damage|p1a: Zados|67/100 tox
|
|-heal|p1a: Zados|73/100 tox|[from] item: Leftovers
|-damage|p1a: Zados|67/100 tox|[from] psn
|-heal|p2a: Salmon Snake|95/100|[from] item: Leftovers
|upkeep
|turn|34
|
|t:|1729001138
|move|p1a: Zados|Thunderbolt|p2a: Salmon Snake
|-supereffective|p2a: Salmon Snake
|-damage|p2a: Salmon Snake|0 fnt
|faint|p2a: Salmon Snake
|
|win|CostcoCustomer
|c|☆reptikrook|gg
|c|☆CostcoCustomer|gg
|player|p1|
|player|p1|CostcoCustomer|mina|

</script>
<script type="application/json" class="data" id="replaydata-smogtours-gen3ou-798901">
{"id":"smogtours-gen3ou-798901","format":"[Gen 3] OU","players":["CostcoCustomer","reptikrook"],"uploadtime":1729001138,"views":83,"formatid":"gen3ou","rating":null,"private":0,"password":null}
</script>

<script defer src="js/replays.js?9d40a366"></script>
